<?xml version="1.0" encoding="UTF-8" standalone="yes"?>
<PcGts xmlns="http://schema.primaresearch.org/PAGE/gts/pagecontent/2013-07-15" xmlns:xsi="http://www.w3.org/2001/XMLSchema-instance" xsi:schemaLocation="http://schema.primaresearch.org/PAGE/gts/pagecontent/2013-07-15 http://schema.primaresearch.org/PAGE/gts/pagecontent/2013-07-15/pagecontent.xsd">
    <Metadata>
        <Creator>prov=READ-COOP:name=TrHtr:version=2.1.0:model_id=51170:date=28_07_2023_02:39</Creator>
        <Created>2023-05-10T11:14:32.461+02:00</Created>
        <LastChange>2023-07-28T02:39:07.479+02:00</LastChange>
        <TranskribusMetadata docId="1428136" pageId="55384673" pageNr="29" tsid="131314228" status="IN_PROGRESS" userId="64420" imgUrl="https://files.transkribus.eu/Get?id=IWKOTIKZRMHSKFSVVGGHGYOV&amp;fileType=view" xmlUrl="https://files.transkribus.eu/Get?id=LWQEFZMPMONQNXZSUIBBVLWW" imageId="44659572"/>
    </Metadata>
    <Page imageFilename="1428136_0029.jpg" imageWidth="6184" imageHeight="4136">
        <ReadingOrder>
            <OrderedGroup id="ro_1711824328020" caption="Regions reading order">
                <RegionRefIndexed index="0" regionRef="tr_1"/>
            </OrderedGroup>
        </ReadingOrder>
        <TextRegion id="tr_1" custom="readingOrder {index:0;}">
            <Coords points="3652,719 5902,719 5902,3805 3652,3805"/>
            <TextLine id="tr_1_tl_1" custom="readingOrder {index:0;}">
                <Coords points="3680,789 5812,792 5812,687 5524,687 5277,581 5006,653 4217,590 3680,673"/>
                <Baseline points="3694,769 3783,769 3873,769 3962,769 4052,769 4141,775 4231,775 4321,775 4410,775 4500,769 4589,775 4679,775 4768,775 4858,775 4947,775 5037,775 5126,775 5216,769 5305,769 5395,769 5484,775 5574,775 5663,775 5753,775 5819,775"/>
                <TextEquiv>
                    <Unicode>mir zu, ohne dass sie doch meine Züge deutlich</Unicode>
                </TextEquiv>
            </TextLine>
            <TextLine id="tr_1_tl_2" custom="readingOrder {index:1;}">
                <Coords points="5208,864 5302,886 5366,858 5576,872 5681,939 5737,897 5817,880 5814,792 5753,778 5706,800 5496,814 5427,778 5374,808 5205,786"/>
                <Baseline points="5222,853 5311,853 5401,853 5490,859 5580,865 5669,865 5759,871 5825,871"/>
                <TextEquiv>
                    <Unicode>that no off.</Unicode>
                </TextEquiv>
            </TextLine>
            <TextLine id="tr_1_tl_3" custom="readingOrder {index:2;}">
                <Coords points="3691,939 4466,1000 5388,952 5681,1013 5681,883 5571,867 3691,828"/>
                <Baseline points="3706,919 3795,925 3885,931 3974,931 4064,931 4153,931 4243,931 4332,931 4422,931 4512,931 4601,931 4691,931 4780,931 4870,931 4959,931 5049,937 5138,931 5228,931 5317,937 5407,937 5496,931 5586,931 5675,937 5687,937"/>
                <TextEquiv>
                    <Unicode>zu erkennen imstande war. Das war (oft ihre</Unicode>
                </TextEquiv>
            </TextLine>
            <TextLine id="tr_1_tl_4" custom="readingOrder {index:3;}">
                <Coords points="3638,1132 5859,1108 5839,972 3635,958"/>
                <Baseline points="3652,1074 3742,1080 3831,1080 3921,1086 4010,1086 4100,1086 4189,1092 4279,1092 4368,1092 4458,1086 4547,1086 4637,1092 4726,1092 4816,1092 4905,1092 4995,1092 5084,1092 5174,1092 5264,1086 5353,1092 5443,1092 5532,1092 5622,1098 5711,1098 5801,1098 5866,1098"/>
                <TextEquiv>
                    <Unicode>Art einigemals zum Gruss immer gleich ein paar</Unicode>
                </TextEquiv>
            </TextLine>
            <TextLine id="tr_1_tl_5" custom="readingOrder {index:4;}">
                <Coords points="5238,1213 5355,1185 5413,1202 5452,1182 5485,1199 5565,1191 5618,1213 5676,1210 5698,1204 5698,1124 5654,1102 5601,1130 5535,1108 5460,1127 5410,1105 5363,1138 5308,1110 5236,1108"/>
                <Baseline points="5252,1181 5341,1181 5431,1181 5520,1181 5610,1187 5699,1193 5705,1193"/>
                <TextEquiv>
                    <Unicode>In dienly</Unicode>
                </TextEquiv>
            </TextLine>
            <TextLine id="tr_1_tl_6" custom="readingOrder {index:5;}">
                <Coords points="3674,1263 5817,1310 5759,1185 5280,1202 5023,1110 3674,1146"/>
                <Baseline points="3688,1235 3777,1241 3867,1247 3956,1247 4046,1241 4136,1241 4225,1247 4315,1247 4404,1247 4494,1247 4583,1247 4673,1247 4762,1247 4852,1247 4941,1247 5031,1253 5120,1253 5210,1253 5299,1253 5389,1253 5478,1253 5568,1259 5657,1253 5747,1253 5825,1253"/>
                <TextEquiv>
                    <Unicode>Mal rasch hintereinander zu nicken. So hatte</Unicode>
                </TextEquiv>
            </TextLine>
            <TextLine id="tr_1_tl_7" custom="readingOrder {index:6;}">
                <Coords points="3680,1423 5897,1487 5895,1321 3680,1285"/>
                <Baseline points="3694,1396 3783,1402 3873,1402 3962,1402 4052,1402 4141,1402 4231,1408 4321,1408 4410,1408 4500,1414 4589,1408 4679,1414 4768,1414 4858,1414 4947,1414 5037,1414 5126,1414 5216,1414 5305,1414 5395,1414 5484,1414 5574,1420 5663,1420 5753,1420 5842,1414 5902,1408"/>
                <TextEquiv>
                    <Unicode>ich sie wiesen gesehen, wenn sie in der Schwimm-</Unicode>
                </TextEquiv>
            </TextLine>
            <TextLine id="tr_1_tl_8" custom="readingOrder {index:7;}">
                <Coords points="3691,1595 5388,1592 5585,1661 5889,1606 5886,1498 5753,1481 3688,1470"/>
                <Baseline points="3706,1557 3795,1569 3885,1569 3974,1569 4064,1569 4153,1569 4243,1575 4332,1575 4422,1575 4512,1575 4601,1581 4691,1581 4780,1581 4870,1581 4959,1581 5049,1581 5138,1587 5228,1581 5317,1587 5407,1587 5496,1587 5586,1593 5675,1593 5765,1593 5854,1593 5896,1593"/>
                <TextEquiv>
                    <Unicode>anstalt am Geländer lehnte in ihren blauen Rxxx</Unicode>
                </TextEquiv>
            </TextLine>
            <TextLine id="tr_1_tl_9" custom="readingOrder {index:8;}">
                <Coords points="3674,1766 5740,1786 5740,1683 5394,1595 3674,1658"/>
                <Baseline points="3688,1718 3777,1724 3867,1730 3956,1730 4046,1736 4136,1730 4225,1736 4315,1736 4404,1736 4494,1736 4583,1742 4673,1742 4762,1742 4852,1742 4941,1742 5031,1748 5120,1748 5210,1742 5299,1742 5389,1748 5478,1754 5568,1748 5657,1754 5747,1742"/>
                <TextEquiv>
                    <Unicode>Mantel gehüllt ; so auf Spaziergängen, wenn</Unicode>
                </TextEquiv>
            </TextLine>
            <TextLine id="tr_1_tl_10" custom="readingOrder {index:9;}">
                <Coords points="5308,1844 5430,1858 5479,1847 5496,1863 5538,1847 5590,1877 5687,1844 5770,1869 5789,1863 5792,1778 5659,1794 5568,1755 5504,1789 5485,1772 5310,1786"/>
                <Baseline points="5323,1838 5347,1838 5437,1838 5526,1832 5616,1832 5705,1832 5795,1832"/>
                <TextEquiv>
                    <Unicode>wihr zum</Unicode>
                </TextEquiv>
            </TextLine>
            <TextLine id="tr_1_tl_11" custom="readingOrder {index:10;}">
                <Coords points="3694,1927 5812,1930 5809,1863 5302,1861 5153,1769 3691,1789"/>
                <Baseline points="3706,1874 3795,1880 3885,1885 3974,1885 4064,1885 4153,1885 4243,1885 4332,1885 4422,1891 4512,1897 4601,1903 4691,1903 4780,1903 4870,1903 4959,1903 5049,1903 5138,1903 5228,1909 5317,1909 5407,1909 5496,1909 5586,1909 5675,1909 5765,1909 5819,1909"/>
                <TextEquiv>
                    <Unicode>ein Bekannter ihr begegnete, nicht andere aber</Unicode>
                </TextEquiv>
            </TextLine>
            <TextLine id="tr_1_tl_12" custom="readingOrder {index:11;}">
                <Coords points="3682,2082 5770,2124 5767,1969 5651,1930 3680,1946"/>
                <Baseline points="3694,2047 3783,2047 3873,2047 3962,2053 4052,2053 4141,2053 4231,2053 4321,2053 4410,2059 4500,2059 4589,2059 4679,2059 4768,2065 4858,2059 4947,2065 5037,2065 5126,2070 5216,2065 5305,2065 5395,2070 5484,2070 5574,2070 5663,2070 5753,2076 5777,2076"/>
                <TextEquiv>
                    <Unicode>nickte sie Blumen zu,ehe sie sie pflückte, so</Unicode>
                </TextEquiv>
            </TextLine>
            <TextLine id="tr_1_tl_13" custom="readingOrder {index:12;}">
                <Coords points="3680,2245 5828,2284 5770,2110 3677,2101"/>
                <Baseline points="3694,2220 3783,2208 3873,2208 3962,2214 4052,2214 4141,2214 4231,2214 4321,2214 4410,2220 4500,2220 4589,2220 4679,2220 4768,2220 4858,2226 4947,2220 5037,2226 5126,2226 5216,2232 5305,2232 5395,2232 5484,2238 5574,2238 5663,2244 5753,2238 5836,2250"/>
                <TextEquiv>
                    <Unicode>grüsste sie eine Almhütte, ehe Sie eintrat; es</Unicode>
                </TextEquiv>
            </TextLine>
            <TextLine id="tr_1_tl_14" custom="readingOrder {index:13;}">
                <Coords points="3680,2381 4042,2439 5770,2406 5767,2304 5601,2248 5330,2306 3680,2257"/>
                <Baseline points="3694,2363 3783,2369 3873,2369 3962,2369 4052,2369 4141,2375 4231,2375 4321,2375 4410,2375 4500,2375 4589,2381 4679,2387 4768,2381 4858,2387 4947,2387 5037,2387 5126,2387 5216,2387 5305,2393 5395,2393 5484,2387 5574,2393 5663,2393 5753,2393 5777,2399"/>
                <TextEquiv>
                    <Unicode>schien ihr eingeboren, also mehr als eine Ge-</Unicode>
                </TextEquiv>
            </TextLine>
            <TextLine id="tr_1_tl_15" custom="readingOrder {index:14;}">
                <Coords points="3680,2539 5776,2580 5773,2450 5640,2417 4330,2384 3840,2456 3677,2381"/>
                <Baseline points="3694,2524 3783,2518 3873,2524 3962,2530 4052,2530 4141,2536 4231,2536 4321,2536 4410,2536 4500,2536 4589,2536 4679,2536 4768,2542 4858,2542 4947,2542 5037,2542 5126,2542 5216,2548 5305,2548 5395,2548 5484,2554 5574,2554 5663,2554 5753,2554 5783,2560"/>
                <TextEquiv>
                    <Unicode>wohnheit sich mit allen Menschen und Dingen</Unicode>
                </TextEquiv>
            </TextLine>
            <TextLine id="tr_1_tl_16" custom="readingOrder {index:15;}">
                <Coords points="3682,2694 5704,2749 5701,2605 5468,2567 3680,2544"/>
                <Baseline points="3694,2679 3783,2685 3873,2685 3962,2685 4052,2691 4141,2691 4231,2691 4321,2697 4410,2697 4500,2697 4589,2703 4679,2703 4768,2703 4858,2703 4947,2703 5037,2703 5126,2709 5216,2709 5305,2709 5395,2715 5484,2721 5574,2721 5663,2721 5711,2709"/>
                <TextEquiv>
                    <Unicode>zu denen sie in eine noch so gleichgültige,</Unicode>
                </TextEquiv>
            </TextLine>
            <TextLine id="tr_1_tl_17" custom="readingOrder {index:16;}">
                <Coords points="3682,2866 5881,2915 5878,2755 5792,2727 3680,2733"/>
                <Baseline points="3694,2840 3783,2840 3873,2846 3962,2846 4052,2846 4141,2846 4231,2846 4321,2852 4410,2852 4500,2852 4589,2858 4679,2864 4768,2864 4858,2864 4947,2870 5037,2870 5126,2870 5216,2870 5305,2870 5395,2870 5484,2876 5574,2876 5663,2876 5753,2882 5842,2876 5884,2888"/>
                <TextEquiv>
                    <Unicode>flüchtige Beziehung trat, durch einen Gruss</Unicode>
                </TextEquiv>
            </TextLine>
            <TextLine id="tr_1_tl_18" custom="readingOrder {index:17;}">
                <Coords points="4195,2954 4283,2951 4308,2965 4344,2938 4380,2938 4397,2949 4416,2940 4466,2974 4502,2957 4530,2960 4527,2882 4455,2871 4430,2893 4419,2882 4364,2888 4350,2877 4261,2888 4228,2874 4192,2888"/>
                <Baseline points="4207,2924 4297,2924 4386,2924 4476,2924 4535,2936"/>
                <TextEquiv>
                    <Unicode>Münling</Unicode>
                </TextEquiv>
            </TextLine>
            <TextLine id="tr_1_tl_19" custom="readingOrder {index:18;}">
                <Coords points="3666,3040 5607,3084 5715,3040 5715,2913 4721,2893 4280,2976 3663,2863"/>
                <Baseline points="3682,2990 3765,3002 3855,3002 3945,3002 4034,3002 4124,3008 4213,3008 4303,3008 4392,3013 4482,3019 4571,3013 4661,3013 4750,3013 4840,3019 4929,3019 5019,3019 5108,3019 5198,3025 5287,3019 5377,3025 5466,3031 5556,3031 5645,3037 5723,3025"/>
                <TextEquiv>
                    <Unicode>gleichsam in ein persönliches Verhältnis z</Unicode>
                </TextEquiv>
            </TextLine>
            <TextLine id="tr_1_tl_20" custom="readingOrder {index:19;}">
                <Coords points="3677,3212 4948,3187 5823,3262 5820,3065 5435,3143 5136,3051 3671,3051"/>
                <Baseline points="3688,3151 3777,3157 3867,3157 3956,3157 4046,3157 4136,3163 4225,3163 4315,3163 4404,3169 4494,3169 4583,3169 4673,3175 4762,3175 4852,3175 4941,3175 5031,3175 5120,3181 5210,3181 5299,3181 5389,3187 5478,3193 5568,3187 5657,3193 5747,3198 5830,3198"/>
                <TextEquiv>
                    <Unicode>bekannt zu machen. Dieser ihrer Eigenart ward</Unicode>
                </TextEquiv>
            </TextLine>
            <TextLine id="tr_1_tl_21" custom="readingOrder {index:20;}">
                <Coords points="3669,3347 5709,3370 5706,3206 3666,3212"/>
                <Baseline points="3682,3306 3771,3312 3861,3312 3950,3312 4040,3312 4130,3312 4219,3318 4309,3318 4398,3318 4488,3324 4577,3324 4667,3324 4756,3330 4846,3330 4935,3330 5025,3336 5114,3336 5204,3336 5293,3342 5383,3342 5472,3348 5562,3348 5651,3348 5717,3354"/>
                <TextEquiv>
                    <Unicode>ich mir jetzt erst so deutlich und zum er-</Unicode>
                </TextEquiv>
            </TextLine>
            <TextLine id="tr_1_tl_22" custom="readingOrder {index:21;}">
                <Coords points="3649,3514 5795,3525 5792,3353 5363,3450 4798,3342 3646,3347"/>
                <Baseline points="3664,3461 3754,3461 3843,3461 3933,3461 4022,3467 4112,3461 4201,3467 4291,3467 4380,3467 4470,3473 4559,3479 4649,3479 4738,3479 4828,3479 4917,3479 5007,3479 5096,3485 5186,3491 5275,3491 5365,3491 5454,3491 5544,3497 5634,3497 5723,3503 5801,3509"/>
                <TextEquiv>
                    <Unicode>stenmale bewusst, während ich im sommerlichen</Unicode>
                </TextEquiv>
            </TextLine>
            <TextLine id="tr_1_tl_23" custom="readingOrder {index:22;}">
                <Coords points="3655,3646 5679,3680 5679,3561 5142,3502 4485,3550 3984,3483 3655,3547"/>
                <Baseline points="3670,3604 3760,3604 3849,3604 3939,3604 4028,3604 4118,3604 4207,3604 4297,3610 4386,3610 4476,3610 4565,3610 4655,3610 4744,3610 4834,3610 4923,3616 5013,3616 5102,3616 5192,3616 5281,3622 5371,3622 5460,3622 5550,3628 5640,3634 5687,3628"/>
                <TextEquiv>
                    <Unicode>durgeschatteten Salon ihr kommen erwartete</Unicode>
                </TextEquiv>
            </TextLine>
            <TextLine id="tr_1_tl_24" custom="readingOrder {index:23;}">
                <Coords points="3649,3849 3837,3901 4073,3801 4771,3788 5795,3873 5792,3707 5479,3649 4787,3627 4142,3710 3799,3619 3646,3655"/>
                <Baseline points="3664,3760 3754,3760 3843,3760 3933,3760 4022,3760 4112,3754 4201,3760 4291,3765 4380,3765 4470,3765 4559,3765 4649,3765 4738,3771 4828,3771 4917,3771 5007,3771 5096,3771 5186,3777 5275,3783 5365,3783 5454,3783 5544,3783 5634,3789 5723,3789 5795,3795"/>
                <TextEquiv>
                    <Unicode>und meine Finger ohne  Sinn mit den Fransen</Unicode>
                </TextEquiv>
            </TextLine>
        </TextRegion>
    </Page>
</PcGts>
