6200 4248
5151 486 5314 626 14
3402 614 5488 809 eigentlich bevorstand, das Unsinnig-Groteske
3402 812 5613 978 ihres gemeinsamen Erscheinens im Salon, die Un-
3393 963 5677 1155 möglichkeit zu sagen, es der jungen Frau
3408 1144 5546 1289 zu sagen, dass ihr Gatte tot,dass er im Duell
3408 1315 5546 1449 gefallen, dass er sozusagen wegen einer andern
3413 1493 5756 1667 Frau gestorben war. Sie fühlter
3425 1635 5739 1787 die inmöglichkeit, aber keiner sprach es aus. Dann
3408 1781 5564 1950 aber, als wenn es sich von selbst verstände, ja
3413 1961 5581 2086 als wenn schon früher zwischen ihnen davon die
3413 2133 5613 2247 Rede gewesen wäre,sprachen sie darüber, wer von
3419 2244 5733 2424 ihnen beiden eigentlich die Mission, die unvermeid-
3425 2418 5642 2604 liche, traurige,übernehmen sollte. Jeder nahm es
3425 2538 5596 2721 für sich in Anspruch. Mühling, als der Aeltere,
3425 2762 5695 2893 als der langjährige Freund des Getöteten,als der
3419 2901 5573 3058 Rechtsanwalt, -Peter, eben als der Jüngere, der
3431 3038 5631 3216 weniger Schuldige gewissermassen, als derjenige,
3425 3210 5692 3361 der dem Toten sowohl als der Witwe als den Frem-
3431 3332 5707 3539 dere gegenüberstand, der Unpersönlichere, der auch
3419 3512 5558 3713 innerlich jedenfalls minder beteiligt war, und
