6184 4264
3604 522 5714 707 doch ein Traum. Ich träume, dass ich wach bin,
3604 737 5802 930 ich träume, dass meine Augen offen sind und rie-
3598 910 5726 1045 sengross zu den flatternden Gardinen starren.
3590 1074 5893 1250 =Und ich höre Schritte, langsame SchMitte von sechs
3595 1186 5893 1412 Männern, zwölf. Ich weiss, dass man jetzt die Bahre
3598 1403 5820 1550 mit dem Leichnam bringt und ich fliehe. Ich bin
3604 1582 5773 1696 auf der Terrasse draussen. Ich muss hinab über
3601 1688 5849 1878 die Stufen. Wo sind die Männer, wo ist die Bahre?
3587 1873 5767 2063 Ich sehe sie nicht. Ich weiss nur, dass sie mir
3601 2013 5817 2213 entgegenkommt und dass es mir unmöglich ist ihr
3607 2175 5761 2398 auszuweichen. Plötzlich (aber) stehe ich im Gar-
3601 2357 5788 2506 ten selbst ganz allein, aber es ist kein wirkli-
3604 2501 5703 2636 cher Garten, es ist einer wie aus einer Spiel-
3604 2662 5761 2806 zeugschachtel; es ist genau der Garten, den ich
3604 2853 5679 2964 vor vielen Jahren einmal zum Geburtstag ge-
4115 2932 4564 3055 [illegible]
4725 2944 4904 3058 not
3598 2973 5744 3140 schenkt bekam. Ich habe ja gar nicht gewusst,
3587 3114 5773 3308 dass man darin auch spaziereg gehen kann. Auch
3578 3264 5814 3463 kleine Vögel sitzen auf den Bäumen. Die hab ich
3590 3428 5864 3590 damals nicht bemerkt. Und jetzt fliegen sie alle
3598 3581 5955 3860 weg. (zur Strafe, weil ich sie bemerkt habe. Und beim
