6216 4168
3566 630 5885 947 jenem Ausflug neulich pl###lich in meinen Arm ge-
3572 947 5753 1065 hängt hatte und mit mir den Waldpfad hinunter
4217 1012 5149 1142 du crimente enfansse
3572 1098 5797 1277 gelaufen war, wie sie mir neulich nachts im Gar-
3587 1198 5767 1415 ten mit ihren schmalen Fingern durch die Haare
4337 1318 5967 1471 inzuwieren, at klaus es fort
3693 1359 3969 1477 gefehre
3590 1407 5711 1545 geglitten war und jenes oft gehörte Grusswort
5758 1433 5941 1583 ple,
4393 1498 4926 1636 durch die &..
3584 1562 5900 1739 klang mir zärtlich nach: "Eind". - Denken-Sie,
3587 1668 5959 1921 wie jung ich damals war. Ich hatte all das nicht
4843 1818 5844 1933 d'un enregien mais ces
3596 1910 5859 2083 verstanden, zu verstehen nicht gewagt. Es war das
3602 2039 5909 2239 erste Mal, dass eine schöne, junge Frau, eine Frau.
3608 2201 5791 2413 die ich für eine liebende und geliebte Gattin
3596 2375 5779 2581 hielt, mir das Geschenk ihres Herzens zu bieten
3613 2542 5776 2666 schien. Wie hätte ich das erwarten dürfen? Un
3608 2651 3852 2731 um
4043 2648 5838 2757 ihrer Freude über mein Kommen Ausdruck
3608 2716 5806 2890 wenn sie xxxxxxxxxxxxxx über mein kommen so froh
3628 2831 3808 2922 gab.
3625 2890 5888 3045 war,so bedeutete das nichts anderes, als dass sie
3990 2972 4484 3087 ungeduldig
3608 2969 5761 3213 mich für xxxx und verliebt genug hielt, um
3608 3201 5914 3372 mit voller Ueberlegung die Abwesenheit ihres Gat-
4390 3304 4690 3387 d'ouvrage
3616 3316 5941 3519 ten zu diesem unvermuteten und verwegenen Besuch
3625 3481 4214 3678 zu benützen.
4199 3658 5638 3825 "Es ist serviert, gnädige Frau."
