6168 4264
3598 636 5623 843 jedem Fall, wenn in diesem Haus,wenn hier im
3598 895 5634 1072 Ort noch keiner etwas wusste, blieb es nicht
3598 1052 5684 1243 ein unfassbarer Leichtsinnin diesem doch von
3593 1220 5540 1383 überallher zugänglichen Gemach, nun, da die
3604 1364 5617 1532 Zeit der allgemeinen Nachmittagsruhe vorbei
3604 1524 5755 1714 war, noch weiter zu verweilen? Ich selbst hatte
3890 1645 4163 1736 rasch
3598 1670 5684 1862 mich erhoben, mich von Agathen entfernt
3849 1796 4438 1882 als ich eben
3598 1865 5684 2022 nun, wollte ich Agathe an der Schulter berüh-
3598 2011 5675 2182 renwollte, als hätte mein Blick (und meine Ab-
3601 2157 5684 2353 sicht sie erweckt, blintzelte sie,strich sich
5088 2273 5259 2375 parte.
3601 2328 5708 2474 mit der Hand über die Stirn. und die Haare,
3598 2491 5642 2628 sah einem kleinen Mädchen ähnlich, das sich
3606 2628 5810 2807 den Schlaf aus den Augen reibt und sie sah mich
3595 2807 5813 2981 gewiss nicht anders als wie ein entschwindendes
4171 2896 4394 2997 Dann
3601 2940 5667 3135 Traumbild. xxx aber hörte sie meine Stimme,
3604 3119 5703 3259 denn unwillkürlich hatte ich ihren Namen ge-
3604 3254 5648 3424 flüstert jetzt beschattete sich ihr Antlitz
3604 3361 3788 3458 sie
3593 3394 5761 3584 ieh sprang auf,strich sich das Kleid zurecht,
3604 3573 5755 3744 strich auch die Kissen glatt und legte sie in
3598 3714 5684 3904 flüchtiger Ordnung hin. Dann wandte sie sich
