6184 4200
3552 588 5694 822 schichte meines siebenten Duells erzählen und
3599 814 5614 963 Die lächeln wie vorher, weil ich wieder von
3569 930 5639 1126 meinem Duell spreche, obwohl ich doch,wie es
3577 1151 5622 1308 nun einmal meine Bestimmung war, nach in
3582 1275 5694 1443 diesem Fall nur Zeuge, aber nicht Luellant ge-
3585 1460 5647 1615 wesen bin. Schon mit achtzehn Jahren, als Ka-
3594 1615 5702 1772 valleriefreiwilliger, war ich zum ersten Male
3588 1744 5768 1951 Sekundant in einer Ehrenafraire zwischen einem
3574 1932 5721 2117 Kameraden und einem Attaché der französischen
3594 2078 5677 2283 Gesandtschaft. xxxxxxx
3599 2236 5804 2445 wählte mich der berühmte Herrenreiter Vulkovicz
3582 2382 5641 2597 zu seinem Sekundanten in dem Duell mit dem
3613 2570 5763 2710 Fürsten Luginsfeld und auch weiterhin,trotzdem
3594 2716 5716 2881 ich weder Adeliger noch Berufsofrizier,ja so-
3594 2884 5677 3036 gar jüdischer Abstammung war,wandte man sich
3605 3050 5727 3221 ganz besonders in schwierigen Fällen, wenn man
3599 3182 5763 3337 eines Sekundanten bedurfte,mit besonderer Vor-
3588 3340 5779 3491 liebe an mich. Ich will gar nicht leugnen, dass
3599 3494 5818 3690 ich es zuweilen ein wenig bedauerte diese Dinge
3605 3657 5777 3864 immer nur sozusagen als Episodist mitzumachen.
