6200 4056
2915 155 3084 311 l'
3140 182 3474 433 13.-
407 215 2955 575 willen das bewendigung Volk sich
3206 377 5724 621 all dies she is not, - was not not
370 535 2551 806 mune en Gegenstat
3236 532 5638 873 aveais Bau Nervoyen, Mise
383 714 2856 1034 Weisant tell & soi in martly augent
3203 750 5595 1077 jeune deten - aude volltenis nistfl uhr
3193 922 5751 1259 florin, maudert scheint in eine Meishell seyn.
407 919 2869 1223 meerden samt ich all in Sir
3249 1130 5797 1514 Subell unf feilgehalt, u. Eben bis seyn
364 1124 2482 1411 jouy, - S. H. wiele
3169 1322 5691 1619 N.D. in C. sothal Fr das int
456 1345 2793 1600 Seitet, Bald Bonn-Bel h
4366 1520 5113 1672 lung cidg
3216 1527 5876 1881 u ihr Kollegamung ist darauf zu vielleich.
367 1540 2770 1854 Sache fuhr ici Weile d for
3163 1781 5618 2115 at die cie; in keu will entge/ll
340 1828 2684 2115 enllang - rech, - it is bz
3199 1973 5675 2317 yeil on t fils sjurent
380 2016 2806 2360 Vegling. Lengheure lesei hin
3265 2218 5490 2588 -  Nd Unwillhueligfärle
301 2323 2932 2657 noy opeilit, auf d eu terp,-
3936 2409 4686 2624 de feuille de
3216 2452 5182 2819 brs but tilud Seabour
284 2495 2832 2912 dent fitt in from
3275 2713 4049 2965 ersper
393 2789 2892 3166 Sterb de Supe abebeut; -
423 3044 2406 3401 See by fis, mit klei
446 3341 2548 3672 geot Bachärick — T.
512 3579 2730 3821 Inorder H Schmauler déceal
