6200 4248
5233 431 5402 618 15
3383 639 5622 787 vor allem kam es auf Gladys an;aus wessen Munde
3386 754 5459 936 würde ihr die Nachricht so hlimmer klingen?
3401 927 5685 1120 Oh, das war keineswegs gleichgültig. Wieviel würde
3371 1167 5688 1342 mitklingen, wenn Mühling berichtete,-Erinnerungen,
3401 1316 5560 1479 Gedankenverbindungen, Verantwortungen, wirkliche
3392 1479 5783 1660 und eingebildete? War es aber nicht noch schlimmer,
3389 1619 5726 1818 wenn dieser junge Mensch, ein flüchtiger Bekannter
3389 1803 5560 1963 der vor wenigen Wochen für
3371 1933 5699 2109 sie Beide noch gar nicht existiert hatte,ein Ten-
3377 2085 5693 2269 nispartner, ein junger Herr so und so, der nur for-
3377 2230 5753 2438 mell mit der ganzen Sache und vor allem mit Leuber-
3371 2424 5720 2590 ger selbst zusammenhing, wenn der plötzlich vor sie
3359 2542 5637 2735 hin trat und ihr wie ein gleichgültiger Bote das
3386 2706 5708 2884 Fürchterliche mitteilte? Sie sprachen miteinander,
3374 2884 5637 3062 als käme es ihnen g eigentlich nur auf Gladys an
3371 3029 5670 3228 und darauf, was für die arme Witwe das Schonendere
3383 3202 5587 3347 wäre. In Wirklichkeit dachte nur jeder an sich,
3365 3356 5625 3508 hatte Angst für sich und jeder wusste es von dem
3365 3505 5533 3704 Andern. Und während Jeder sagte.es ist selbst-
