6184 4232
5210 509 5385 664 47
3584 759 3914 980 lein."
3767 951 5782 1127 Noch immer hielt sie meinen Arm berührt, ja
3595 1129 5770 1264 nun ergriff sie ihn, hielt ihn fest. Ja, sie be-
3589 1302 5828 1457 wegte ihn leise hin und her, als hoffte sie mich
3595 1463 5725 1621 damit aus einer unbegreiflichen Verstörung,
3592 1618 5647 1779 aus einem Wahn zu erwecken. Meine Augen aber
3601 1787 5848 1934 blieben starr, ich wusste, dass kaum Liebe in ih-
3586 1902 5857 2098 nen war, nur Wille, Drohung beinahe. Und ich merk-
3592 2092 5825 2282 te, dass ihre Angst wuchs und so versuchte sie's
3578 2256 5883 2457 nun mit einem scherzhaften Ton: "Kind",sagte sie,
3584 2414 5816 2586 "hab ich nicht Recht gehabt? Ich habe schon im-
3575 2572 5877 2762 mer gewusst, warum ich dich Kind nenne. Soll ich
3572 2750 5857 2931 nun vernünftig sein für uns Beide? Leicht ist es
5388 2868 5963 3000 inzum allen
3589 2900 5865 3086 ja nicht. Nicht einmal für mich allein. Aber wir
3575 3049 5242 3247 müssen,wir mussen verständig sein.“
3767 3239 5865 3397 Marum müssen wir?" fragte ich hartnäckig und
3750 3325 4417 3417 icht uner ein
3575 3362 4601 3520 hasste mich zugleich.
3871 3466 5814 3699 "Wir müssen", sagte sie und in immer stei-
3581 3655 5891 3894 gender Angst war sie gleich mit den stärksten. den
