6200 4312
3692 518 5518 756 (Ras könnten Sie auch etwas weniger
5245 685 5667 781 hocbuors
3255 750 5658 884 arrogant sagen) Das ist noch kein Grund zu Hoch
4820 831 5378 921 ecoicuéré à 4
4256 834 4554 939 Ihrfrüher
3255 902 5549 1070 mut. Wenn ich auch einer bin, ich schreibe gar
4126 992 4650 1094 Auszug sehr
3261 1035 5537 1221 keine Memoiren. Was der erinnerung wert ist,
3615 1141 5227 1231 findet sich um cauernich. in wir Muh¬
3255 1197 5493 1361 das steht in den anderen Sachen, die ich ge-
3261 1333 5645 1500 schrieben habe, wenn auch kein Wort darin wahr
4507 1460 4758 1572 accep
3267 1504 5521 1683 ist. Aber Sie, Willi, der viel erlebt hat und
3264 1640 5760 1838 kein Dichter ist, Sie würden 2
3416 1767 3714 1848 was
3280 1782 5564 2009 unwillkürlich die Wahrheit schreiben. (Gerade
3261 1925 5692 2117 Menschen wie Sie sind gewissermassen verpflich-
3686 2077 5899 2210 with finder, I af pon. hend in refer Acht — in weil um
3267 2136 5583 2310 tet. In einer gewissen Lebensperiode -
3726 2275 5521 2458 Willi hob langsam den Kopf, sein Mo
4861 2368 5304 2483 dans de my
3255 2440 5475 2601 nocle blitzte einen Augenblick auf. Er ist
3267 2604 5611 2750 immer noch ein wenig Geck, dachte der Schrift-
5096 2669 5729 2787 gerecht wie er ich
4622 2685 4882 2787 nicht
3261 2747 5552 2923 steller - und ich vielleicht? setzte er in Ge-
3261 2895 5568 3041 danken gerecht wie er war hinzu. Und es fiel
3261 2992 5248 3236 ihm ein, dass er um ein Jahr älter war.
3751 3199 5623 3379 Ich bin zu gar nichts verpflichtet,
4408 3289 5459 3404 verbindlich - unrechnendliche Er¬
3261 3367 5648 3550 meinte Willi in seiner feinen, etwas affektier-
3872 3444 4498 3568 bei solche folge
3267 3500 5534 3704 ten Weise,er stiess sogar in solchen Fällen
2443 3593 2613 3748 102
3261 3649 5648 3841 ein wenig mit der Zunge an. „Also auch nicht
