6200 4248
5330 477 5504 690 20
3419 738 5564 972 der. Und so sehr er sich immer wieder vornahm
3416 954 5685 1099 über die Sätze nachzudenken, über den ersten Satz
3431 1146 5685 1309 wenigstens,den er oben zu sagen hatte,es war ihm
3436 1306 5691 1446 vollkommen unmöglich zu der richtigen Fassung zu
3428 1431 5812 1600 gelangen. Dabei sah er Gladys immerfort vor sich. x
3436 1606 5649 1745 wie sie ihm entgegentrat. Sonderbarerweise aber
3425 1786 5658 1958 nicht in dem Sommerkleid, das sie jedesfalls tra-
3436 1929 5596 2100 gen würde, sondern in dem Bademantel,wie er sie
3425 2074 5697 2260 sich eben früher vorgestellt hatte. Als er diese
3439 2225 5670 2426 Vorstellung endlich abgewehrt hatte,erblickte er
3425 2382 5614 2583 sie in dunkler Trauerkleidung, etwa so, als wenn
3422 2551 5756 2737 schon all das längst vorüber wäre, was er eben kam
3419 2726 4441 2885 ihr erst mitzuteilen.
2112 3330 2308 3519 res.
