6168 4264
5449 517 5612 648 48
3586 631 5787 888 unwidersprechlichsten Argument zur Stelle: Wir
3597 841 5852 1054 müssen vernünftig sein und dürfen uns licht ver-
3597 1016 5820 1197 raten, weil du verloren wärst, wenn er nur ahnte.
3919 1142 5732 1381 Ich lächelte. Ich konnte nicht anders.
3597 1355 5939 1539 Äber ihre Entgegnung,ihre xxx Warnung,
3977 1472 4146 1568 my
3609 1501 5782 1702 Versuch,iær Angst vor dem Toten einzuflössen,
3615 1679 5875 1860 wirkte auf mich nicht nur grauenhaft,sondern wie
3603 1772 5840 2038 mit einer unergründlichen Komik. Es lag mir in
3603 1965 5907 2181 diesem Augenblick gar nicht fern irgend etwas
3597 2161 5904 2333 Teuflisches zu erwidern, der ganzen (Unerträglich-
3597 2275 5887 2497 keitder Furchtbarkeit dieses Gesprächs durch ein
3615 2456 5802 2660 vernichtendes und zugleich erlösendes Wort ein
3597 2610 5910 2827 Ende zu machen. Aber ich tat es nicht. Ich fühl-
3606 2786 5928 2952 te meine Ohnmacht gerade in diesem Augenblick, ich
3609 2932 5869 3127 fühlte, dass der Tote stärker war als ich und wie
3595 3095 5820 3311 in einer verzweifelten Gegenwehr vermochte ich
3583 3253 5808 3431 keine andere Erwiderung zu for-
3586 3346 5863 3548 men, als das törichte Wort: "Und wenn das Schick-
3574 3551 5201 3743 sal an Ende für mich entschiede?"
3872 3685 5834 3898 Sie fasste mich an der Schulter. Nun wer-
