6168 4056
2674 166 2942 400 9
136 319 2430 560 nicht - ue ca 1 - cipart
5603 397 5776 550 12
3584 414 5963 770 aufzufallen,waren sie am vorigen Tage aus St.Giljeld
136 455 2705 872 ein la gul beie trageme
3594 689 5746 910 abgereist. Unwillkürlich,mit einer leisen Spur
3584 893 5702 1069 von Neid, hatte er während des Umkleidens ge-
122 764 2844 1140 um er wenheit gebühr
3591 1018 5902 1276 dacht. die Mühe hat sich Leuberger ersparen können
197 1049 1035 1347 with the
3961 1188 5942 1473 - All or Trer, slad in the Inserfeit.
343 1246 2807 1612 Un cau gep. - be avecad de
3784 1347 5895 1639 Orde. C. de E.R. mais l'île auf
3879 1527 5895 1873 For Mr Coll-Mitt. Hulberg
299 1541 2779 1914 Articul gegen St. - 1er4
3893 1704 5932 2033 . Er zeigt aus zu Töfsen. Tassenhaft
3882 1887 5776 2209 &c Millgerich. Appolat
234 1789 2915 2206 hulvened, at jus ofe sicke
516 2111 1055 2270 in Mr
3737 2063 5902 2372 J Haise in the - -. I.Trankift.
343 2172 2651 2501 l'juge à "all de Weopfa
3801 2223 5366 2464 Bewicht; - d sämmt -
3849 2393 5695 2617 Jetzt Uitrea.
248 2359 2695 2779 in S. Richt nachla kleine Ste
4042 2539 5912 2817 - Eitelung Prof. Meyner
3825 2708 5793 2993 & leitler.... tous a ce bien pl
238 2708 2698 3078 zu schreit by eine i sene bed
3730 2895 5304 3139 Le seu Unb, d M W
244 2925 2902 3275 Frieda, Cemicius Reg.ore
4035 3044 5328 3329 Cekminl annf - fort
3791 3173 5342 3428 -    y, Dort, Moeiber...-
4049 3319 5573 3641 N-d Seil van Amst
407 3306 2566 3648 of predigitall it wfjeel in
3750 3472 5501 3794 Viellof of Seul set of
