6216 4312
2954 293 3552 507 22./10.1927
3684 564 5679 848 „Eigentlich“, sagte der Aeltere, sollten
3286 769 4828 1017 Fie Ihre Memoiren schreiben“.
3702 963 5670 1168 Der Jüngere - auch er war den Fünfzig
4602 1065 4937 1177 gesteichnet
5178 1074 5516 1183 glanged
3316 1135 5510 1319 schon nahe, doch die glatten silbrig grauen
3633 1231 4288 1349 über der gebreinte Nach¬
3304 1298 5564 1448 Haare machten ihn beinahe jünger aussehend,
3310 1436 5558 1629 blickte über die Ballustrade ins Weite. Das
3304 1605 5613 1774 Meer lag(längst) im Dunkeln; in regelmässigen
3298 1783 5694 1931 Abständen von xxx künf zu fünk Sekunden
3908 1847 4125 1940 gine
5145 1838 5643 1955 (no furnitt)
3310 1913 5498 2091 flammte das Licht des Leuchtturms auf. Die
3316 2055 5625 2224 beiden Freunde - die es sich übrigens verbe
4499 2139 5145 2257 als sind bygehoet
3310 2212 5661 2378 ten hätten, dass man sie so nannte - waren bei
4885 2296 5474 2402 c'est vendulée
3310 2323 5631 2550 nahe die Einzigen auf der Terrasse. Ein jun-
4873 2447 5432 2547 an einer Trech
3304 2465 5459 2683 ges Paar sass am anderen Ende, etwas näher
3977 2610 4698 2713 Heu, in Sünden aussi
3304 2652 5724 2858 trank ein deutscher Tourist eine Flasche Bier.
4300 2755 4608 2855 I don't do
3775 2818 5631 2978 Da der Jüngere nicht antwortete, wie-
3567 2918 4810 3021 belent in bekofey Heerwilden Reus
3298 2996 5679 3174 derholte) der Andere in seiner etwas lebhaften,
3292 3123 5682 3325 für des Jüngeren Geschmack (immer) etwas zu lau-
4255 3226 4508 3331 Soelle.
3316 3232 5326 3458 ten Art: „Unbedingt müssen Sie das tun.
4312 3383 4961 3503 myste heimt im
4973 3334 5570 3497 = kost dort
3721 3455 5456 3612 Willi lächelte nur. "Ich bin kein
3292 3603 4107 3778 Schriftsteller.
