6293 4184
3566 749 5828 962 gestellt hatte, bis zu dem, da sie, Doktor Mülling
3566 932 5734 1124 und Peter Hell am Ischler Bahnhof das Auto für
3554 1105 5648 1291 die Fahrt nach St. Gilgen mieteten, hatten die
3550 1258 5859 1452 Beide überhaupt noch nicht daran gedacht, dass und
3547 1437 5740 1571 auf welche Weise sie Frau Gladys von dem Ende
3554 1556 5849 1760 ihres Gaten in Kenntnis setzen sollten. Seit dem
3569 1739 5947 1897 unglück waren drei Stunden vergangen; so lange fuhr
3541 1915 5929 2040 der Zug von dem kleinen oberösterreichisehen Städt-
3550 2040 5895 2229 chen,in dessen Totenkammer der arme Loiberger auf-
3544 2220 5746 2421 gebahrt war. nach Ischl, wo sie noch Tags vorher
3529 2326 5865 2521 mit den gegenerischen Sekundanten, zwei ehemaligen
3535 2536 5670 2695 Regimentskameraden des gewesenen Rittmeisters
3541 2667 5901 2829 Urpadetzky,die endgültigen Verhandlungen gepflogen
3523 2853 5910 3002 hatten. Im Coupé auf der traurigen Rückfahrt waren
3529 3018 5837 3167 sie Beide zuerst recht schweigsam gewesen, der äl-
3526 3158 5859 3365 tere, Loibergers Rechtsanwalt und Jugendfreund, und
3520 3304 5691 3496 der um zehn Jahre jüngere Peter Hell, der eben
3517 3465 5959 3651 vor seinem Doktorexamen stand und der erst vor weni-
3511 3593 5807 3770 gen "ochen in der Familie des Fabrikanten einge-
