6200 4136
5421 361 5591 525 16
4143 513 5949 809 (Doktor Mülling lächelte und ich merk¬
3666 749 5994 958 te, dass er viel älter war als ich und xxxx
3672 910 5904 1149 Ich aber sah Frau Agathe vor mir, die
3669 1063 6012 1301 aussah wie ein junges Mädchen,wie eine Brautwahr-
3672 1263 5931 1412 haftig,wenn man sie Beide zusammensah,Eduard und
3686 1400 5860 1573 gathe hätte man sie für ein Liebespaar halten
3666 1591 5848 1740 können - nach einer vier-oder fünfjährigen Ehe
3669 1725 5895 1949 eher als für ein Ehepaar. Der Ausflug vor vier-
3660 1919 5877 2078 zehn Tagen auf den Eichberg, als wir mittags in
3666 2092 5934 2242 der Sonne lagerten - wir waren sieben oder acht
3657 2212 5925 2418 Personen - eigentlich hasse ich ja diese Massen-
3645 2364 5877 2558 ausflüge und ich für meinen Teil hatte mich nur
3648 2504 5976 2707 wegen Mademoiselle Coulin angeschlossen; - Agathe
3648 2675 5946 2881 schien zu schlummern oder sie schloss nur die Au-
3657 2860 5803 3066 gen, weil die Sonne sie blindete,er strich ihr
3624 3060 6021 3236 mit den Fingern über Haar und Stirn, sie lächelter
3642 3203 5869 3370 und flüsterten wie ein junges verliebtes Paar.
4170 3310 5824 3507 "Und glauben Sie“, sagte ich zu Mül-
3621 3501 5910 3728 ling," dass Frau Agathe irgend etwas gealnt hat?“
