6184 4088
5704 429 5983 614 11
3702 509 5712 766 manches Versöhnungsfrihstück stattgefunden
3705 749 5759 946 hatte. Dies aber war die einzige Anspielung
3733 932 5787 1076 auf den Zweck unserer Anwesenheit;- im übri-
3713 1076 5928 1275 gen sprachen wir von der für den nächsten Sonn-
3713 1247 5759 1421 tag bevorstehenden Segelregatta,an der auch
3708 1380 5898 1584 Loiberger, der Sieger vom vorigen Jahr, teilneh-
3700 1515 5892 1753 men sollte,- von einem geplanten Zubau für sei
3733 1692 5685 1911 Villa, zu dem er., vom Beruf Fabrikant, aber
3708 1839 5912 2065 Dilettant auf allen möglichen anderen Gebieten
3702 2005 5920 2190 selbst den Grundriss entworfen hatte,- von einer
3713 2184 5815 2331 der Vollendung nahen Drahtseilbahn auf einen
3708 2359 5798 2538 nahen Gipfel, deren Trassierung Loiberger be-
3713 2466 5901 2674 mängelte.-von einem Prozess, den Doktor Mülling
3697 2682 5917 2881 für ihn zu führen und in dem beträchtliche Ver-
3694 2815 5876 3050 mögenswerte auf dem Spiel zu stehen schienen, -
3705 3008 5840 3196 und von mancherlei anderem. bis Doktor Mülling
3702 3124 5859 3348 gegen elf Uhr mit lauem Lächeln bemerkte: "Es
3708 3282 5790 3520 wäre vielleicht Zeit zu Bett zu gehen, schadet
3686 3426 5801 3630 nie bei solchen Gelegenheiten, wenn man gut aus-
3697 3586 5757 3832 geruht ist, auch nicht den Sekundanten." Wir
