6200 4056
2761 158 3014 408 10
3289 299 5775 658 nicht weit (kein Wortwehr)
173 335 3004 669 seher maccite zu ihm herüber und erkant
113 486 2687 810 ne, rasien, und eben ihnen und der
3391 504 5863 940 of Poll Lett in vulteils;
208 690 2768 1067 Le flicuet de Sine Sinte. Re
3271 813 5690 1141 a for de nesch Nov rm
148 912 1754 1250 in her, very
3289 1081 5567 1504 man ist. If we I
352 1137 3014 1514 De arme flaif sgli Peliwr out des
3391 1296 5606 1641 S. A. Wertel.
243 1366 2930 1747 N.S.C.R.L. -nach weiß arv sich
3306 1595 5754 1887 in but spertin die hee
208 1623 3032 1993 Dr Uable.  and tele-euyfor der
3225 1817 5479 2236 ab, a l e-c - pbekant
165 1901 2930 2268 vot unst at said fast als gui-
3236 2162 5842 2585 Tipioe nd Hauptstich
250 2102 2884 2528 in deesen ingente l. (Nicht)
215 2398 2930 2768 in therof here befrag).  Sum
3310 2366 5676 2761 -a-b  jus Vill. Serib car
208 2623 2810 2961 muthe - if in iene Amen.
3345 2673 5592 3099 fiket. - he lief. - We
261 2849 2937 3313 auf eine Solomkentär. Wolf.
3342 2923 5630 3303 Naltle in you ab. The
254 3173 2437 3599 kleine Ausflog were
3208 3278 5803 3708 für verb, - der Geilte, d
278 3475 835 3866 Reue
1056 3560 2884 3887 Feltsberg be ready
