6184 4264
3525 530 5620 812 Gartentor steht der Diener und verbeugt sich
5388 759 5794 883 permbs
3519 789 5756 1003 sehr tief. Denn eben tritt Herr Loibeger er he
4596 950 4776 1062 I am
3525 995 5664 1218 rein. Er hat keine Ahnung, dass er tot ist und
3549 1136 5756 1301 dabei hat er doch einen weissen Regenmantel an.
3543 1292 5764 1568 Ich muss ihn hineinbegleiten ins Haus damit ihm
3543 1521 5720 1627 kein anderer sagt, dass er tot ist; er würde es
3560 1663 5929 1842 nicht überleben, denke ich zugleich und lache. xxx
3628 1774 4252 1889 F.TrubyKing
5096 1757 5726 1866 Au Millecon
3555 1860 5723 1974 Und schon sitzen wir auch beide an dem kleinen
3566 1924 5808 2154 Tisch und der Diener serviert; ich wundere mich,
3572 2095 5779 2266 dass Eduard sich etwas zum Essen auf den Teller
3914 2254 4255 2354 rott for it
3555 2328 5867 2460 nimmt, -er braucht es doch nicht mehr. Ihm gegen-
3566 2433 5791 2639 über sitzt Agathe sich bin überhaupt nicht mehr
3584 2648 5923 2848 vorhanden.) Aber ich sitze auf dem Fensterbrett und
3578 2772 5917 2975 die Gardinen schlagen jeden Augenblick über meiner
3566 2931 5914 3134 Stirn zusammen. Ich möchte so gerne sehen, mit wel-
4976 3075 5164 3166 and
3578 3087 5797 3284 ehen Blicken sie einander betrachten. Plötzlich
3563 3216 5850 3478 höre ich seine Stimme ich Gott, wenn ich nur se-
3566 3404 5867 3584 hen könnte und ich höre ihn ganz deutlich sagen:
3628 3552 5844 3811 Also du frühstückst mit dem Herrn, der mich er-
