<?xml version="1.0" encoding="UTF-8" standalone="yes"?>
<PcGts xmlns="http://schema.primaresearch.org/PAGE/gts/pagecontent/2013-07-15" xmlns:xsi="http://www.w3.org/2001/XMLSchema-instance" xsi:schemaLocation="http://schema.primaresearch.org/PAGE/gts/pagecontent/2013-07-15 http://schema.primaresearch.org/PAGE/gts/pagecontent/2013-07-15/pagecontent.xsd">
    <Metadata>
        <Creator>prov=READ-COOP:name=TrHtr:version=2.1.0:model_id=51170:date=28_07_2023_02:39</Creator>
        <Created>2023-05-10T11:14:38.367+02:00</Created>
        <LastChange>2023-07-28T02:39:22.010+02:00</LastChange>
        <TranskribusMetadata docId="1428136" pageId="55384777" pageNr="73" tsid="131314287" status="IN_PROGRESS" userId="64420" imgUrl="https://files.transkribus.eu/Get?id=DTFJQNVBETQLOXQGLEXESBAK&amp;fileType=view" xmlUrl="https://files.transkribus.eu/Get?id=APHZIYTOHJTQVFTKXSHJXITD" imageId="44659676"/>
    </Metadata>
    <Page imageFilename="1428136_0073.jpg" imageWidth="6200" imageHeight="4248">
        <ReadingOrder>
            <OrderedGroup id="ro_1711824395746" caption="Regions reading order">
                <RegionRefIndexed index="0" regionRef="tr_1"/>
            </OrderedGroup>
        </ReadingOrder>
        <TextRegion id="tr_1" custom="readingOrder {index:0;}">
            <Coords points="3382,522 5763,522 5763,3792 3382,3792"/>
            <TextLine id="tr_1_tl_1" custom="readingOrder {index:0;}">
                <Coords points="5183,623 5207,629 5230,617 5268,644 5280,632 5295,638 5321,612 5360,623 5366,459 5330,456 5283,467 5254,456 5242,441 5189,453"/>
                <Baseline points="5202,578 5280,572 5369,572"/>
                <TextEquiv>
                    <Unicode>13</Unicode>
                </TextEquiv>
            </TextLine>
            <TextLine id="tr_1_tl_2" custom="readingOrder {index:1;}">
                <Coords points="3807,841 5345,823 5442,873 5515,838 5515,697 4983,653 4789,697 4563,620 3807,709"/>
                <Baseline points="3824,805 3913,805 4003,805 4092,805 4182,805 4271,805 4361,805 4450,811 4540,811 4629,811 4719,811 4808,811 4898,817 4987,811 5077,811 5166,811 5256,811 5345,811 5435,811 5524,811 5530,805"/>
                <TextEquiv>
                    <Unicode>"Ich habe dafür Sorge getrane",sagte</Unicode>
                </TextEquiv>
            </TextLine>
            <TextLine id="tr_1_tl_3" custom="readingOrder {index:2;}">
                <Coords points="3372,1003 5595,994 5595,908 5310,920 5169,829 3372,838"/>
                <Baseline points="3388,966 3454,960 3543,966 3633,966 3722,972 3812,972 3901,966 3991,966 4080,972 4170,972 4259,972 4349,972 4438,972 4528,966 4617,966 4707,972 4796,972 4886,972 4975,972 5065,972 5154,972 5244,972 5333,972 5423,966 5512,966 5602,960"/>
                <TextEquiv>
                    <Unicode>Mühling," xxx dass nicht etwa ein Telegramm vor-</Unicode>
                </TextEquiv>
            </TextLine>
            <TextLine id="tr_1_tl_4" custom="readingOrder {index:3;}">
                <Coords points="3384,1141 5748,1150 5748,1014 5498,979 3384,1017"/>
                <Baseline points="3400,1115 3490,1115 3579,1121 3669,1121 3758,1121 3848,1121 3937,1121 4027,1121 4116,1121 4206,1127 4295,1127 4385,1127 4474,1127 4564,1127 4653,1127 4743,1127 4832,1121 4922,1127 5011,1127 5101,1127 5190,1121 5280,1127 5369,1127 5459,1127 5548,1127 5638,1127 5727,1127 5751,1127"/>
                <TextEquiv>
                    <Unicode>zeitig an Frau Gladys abgehe. Es wird unsere Sache</Unicode>
                </TextEquiv>
            </TextLine>
            <TextLine id="tr_1_tl_5" custom="readingOrder {index:4;}">
                <Coords points="3402,1294 5671,1320 5671,1194 5486,1152 3402,1179"/>
                <Baseline points="3418,1276 3508,1276 3597,1282 3687,1282 3776,1282 3866,1282 3955,1282 4045,1282 4134,1282 4224,1282 4313,1282 4403,1282 4492,1282 4582,1282 4671,1282 4761,1282 4850,1282 4940,1282 5029,1282 5119,1282 5208,1282 5298,1288 5387,1288 5477,1288 5566,1288 5656,1294 5679,1300"/>
                <TextEquiv>
                    <Unicode>sein...“ Er sah auf die Uhr und nichte. Der Zug</Unicode>
                </TextEquiv>
            </TextLine>
            <TextLine id="tr_1_tl_6" custom="readingOrder {index:5;}">
                <Coords points="3390,1449 5754,1476 5754,1355 5448,1302 3390,1358"/>
                <Baseline points="3406,1437 3496,1437 3585,1437 3675,1437 3764,1437 3854,1443 3943,1437 4033,1437 4122,1437 4212,1437 4301,1437 4391,1443 4480,1443 4570,1437 4659,1437 4749,1437 4838,1443 4928,1437 5017,1443 5107,1443 5196,1443 5286,1443 5375,1443 5465,1443 5554,1443 5644,1449 5733,1455 5757,1461"/>
                <TextEquiv>
                    <Unicode>langsamer. Sie machten sich zum Aussteigen fertig.</Unicode>
                </TextEquiv>
            </TextLine>
            <TextLine id="tr_1_tl_7" custom="readingOrder {index:6;}">
                <Coords points="3402,1599 5662,1638 5757,1623 5757,1479 3402,1511"/>
                <Baseline points="3418,1598 3508,1598 3597,1598 3687,1598 3776,1598 3866,1598 3955,1598 4045,1598 4134,1598 4224,1598 4313,1598 4403,1598 4492,1598 4582,1598 4671,1598 4761,1598 4850,1598 4940,1604 5029,1604 5119,1604 5208,1604 5298,1604 5387,1604 5477,1604 5566,1604 5656,1604 5745,1610 5763,1616"/>
                <TextEquiv>
                    <Unicode>ein paar Minuten nur und sie waren in Ischl. Peter</Unicode>
                </TextEquiv>
            </TextLine>
            <TextLine id="tr_1_tl_8" custom="readingOrder {index:7;}">
                <Coords points="3384,1773 5704,1790 5704,1629 3684,1626 3384,1702"/>
                <Baseline points="3400,1760 3490,1754 3579,1760 3669,1760 3758,1760 3848,1760 3937,1760 4027,1760 4116,1760 4206,1754 4295,1754 4385,1760 4474,1766 4564,1766 4653,1760 4743,1760 4832,1760 4922,1760 5011,1760 5101,1760 5190,1760 5280,1760 5369,1760 5459,1760 5548,1766 5638,1766 5709,1760"/>
                <TextEquiv>
                    <Unicode>sprang als Erster aus dem Zug und nahm sofort ein</Unicode>
                </TextEquiv>
            </TextLine>
            <TextLine id="tr_1_tl_9" custom="readingOrder {index:8;}">
                <Coords points="3396,1920 3781,1990 4484,1917 5639,1958 5733,1946 5733,1808 3393,1790"/>
                <Baseline points="3412,1909 3502,1909 3591,1915 3681,1915 3770,1915 3860,1915 3949,1915 4039,1915 4128,1915 4218,1915 4307,1915 4397,1915 4486,1915 4576,1915 4665,1915 4755,1915 4844,1915 4934,1915 5023,1915 5113,1915 5202,1915 5292,1915 5381,1915 5471,1915 5560,1921 5650,1921 5739,1927"/>
                <TextEquiv>
                    <Unicode>halbgeschlossenes Auto zur Fahrt nach dem See auf.</Unicode>
                </TextEquiv>
            </TextLine>
            <TextLine id="tr_1_tl_10" custom="readingOrder {index:9;}">
                <Coords points="3387,2111 5607,2123 5604,1949 3384,2017"/>
                <Baseline points="3400,2058 3490,2064 3579,2064 3669,2064 3758,2064 3848,2064 3937,2064 4027,2064 4116,2064 4206,2064 4295,2070 4385,2070 4474,2070 4564,2070 4653,2070 4743,2070 4832,2070 4922,2070 5011,2070 5101,2070 5190,2070 5280,2070 5369,2070 5459,2070 5548,2076 5614,2076"/>
                <TextEquiv>
                    <Unicode>Sie sahen keine Bekannten, weder auf dem Perron,</Unicode>
                </TextEquiv>
            </TextLine>
            <TextLine id="tr_1_tl_11" custom="readingOrder {index:10;}">
                <Coords points="3390,2270 5612,2246 5610,2126 5368,2084 4260,2161 3919,2090 3390,2167"/>
                <Baseline points="3406,2219 3496,2219 3585,2219 3675,2219 3764,2219 3854,2219 3943,2219 4033,2219 4122,2225 4212,2225 4301,2225 4391,2225 4480,2225 4570,2225 4659,2225 4749,2225 4838,2219 4928,2225 5017,2225 5107,2225 5196,2225 5286,2225 5375,2225 5465,2225 5554,2225 5620,2231"/>
                <TextEquiv>
                    <Unicode>noch auf der Stiege, der ganze Ort war in dieser</Unicode>
                </TextEquiv>
            </TextLine>
            <TextLine id="tr_1_tl_12" custom="readingOrder {index:11;}">
                <Coords points="5268,2343 5289,2334 5316,2337 5345,2317 5351,2323 5421,2317 5436,2326 5480,2308 5477,2243 5413,2252 5386,2237 5360,2252 5318,2255 5289,2234 5266,2240"/>
                <Baseline points="5286,2302 5375,2297 5465,2308 5488,2308"/>
                <TextEquiv>
                    <Unicode>bald</Unicode>
                </TextEquiv>
            </TextLine>
            <TextLine id="tr_1_tl_13" custom="readingOrder {index:12;}">
                <Coords points="3378,2402 5524,2387 5701,2473 5677,2231 5316,2343 4966,2255 3378,2276"/>
                <Baseline points="3394,2374 3484,2374 3573,2374 3663,2374 3752,2374 3842,2374 3931,2374 4021,2374 4110,2374 4200,2374 4289,2374 4379,2380 4468,2380 4558,2374 4647,2374 4737,2374 4826,2374 4916,2374 5005,2374 5095,2380 5184,2374 5274,2380 5363,2380 5453,2380 5542,2380 5632,2380 5709,2386"/>
                <TextEquiv>
                    <Unicode>heissen Mittagsstunde ziemlich leer und sa waren</Unicode>
                </TextEquiv>
            </TextLine>
            <TextLine id="tr_1_tl_14" custom="readingOrder {index:13;}">
                <Coords points="3390,2546 5380,2584 5601,2564 5601,2434 3660,2408 3390,2490"/>
                <Baseline points="3406,2529 3496,2529 3585,2529 3675,2529 3764,2529 3854,2529 3943,2529 4033,2535 4122,2535 4212,2529 4301,2529 4391,2529 4480,2529 4570,2535 4659,2535 4749,2535 4838,2535 4928,2535 5017,2535 5107,2535 5196,2535 5286,2535 5375,2535 5465,2535 5554,2529 5608,2529"/>
                <TextEquiv>
                    <Unicode>sie auf der Landstrasse ohne jede uner-</Unicode>
                </TextEquiv>
            </TextLine>
            <TextLine id="tr_1_tl_15" custom="readingOrder {index:14;}">
                <Coords points="3390,2731 3513,2764 3666,2702 3781,2740 4101,2711 4260,2752 4319,2725 4319,2593 4057,2567 4004,2602 3760,2625 3640,2590 3390,2634"/>
                <Baseline points="3406,2684 3496,2690 3585,2684 3675,2684 3764,2684 3854,2684 3943,2684 4033,2690 4122,2690 4212,2696 4301,2702 4325,2702"/>
                <TextEquiv>
                    <Unicode>wünschte Begegnung,</Unicode>
                </TextEquiv>
            </TextLine>
            <TextLine id="tr_1_tl_16" custom="readingOrder {index:15;}">
                <Coords points="3831,2861 5701,2916 5701,2734 5595,2708 4516,2781 3831,2743"/>
                <Baseline points="3848,2845 3937,2839 4027,2845 4116,2845 4206,2845 4295,2845 4385,2845 4474,2845 4564,2845 4653,2851 4743,2845 4832,2851 4922,2851 5011,2851 5101,2845 5190,2851 5280,2851 5369,2851 5459,2851 5548,2851 5638,2851 5709,2851"/>
                <TextEquiv>
                    <Unicode>"Nun wird es ernst",dachte Peter,doch er</Unicode>
                </TextEquiv>
            </TextLine>
            <TextLine id="tr_1_tl_17" custom="readingOrder {index:16;}">
                <Coords points="3372,3022 3449,3058 3493,3019 3978,3008 4510,3066 4639,3034 4639,2884 4372,2934 3951,2914 3875,2866 3734,2914 3619,2869 3372,2937"/>
                <Baseline points="3388,3001 3478,3001 3567,2995 3657,3001 3746,3001 3836,3007 3925,3001 4015,3007 4104,3001 4194,3001 4283,3001 4373,3001 4462,3001 4552,3001 4641,3001 4647,3001"/>
                <TextEquiv>
                    <Unicode>hatte es ganz laut gesagt.</Unicode>
                </TextEquiv>
            </TextLine>
            <TextLine id="tr_1_tl_18" custom="readingOrder {index:17;}">
                <Coords points="3834,3234 4407,3158 4722,3225 5645,3205 5642,3058 5495,3043 5133,3078 4963,3002 4810,3061 4004,3014 3831,3061"/>
                <Baseline points="3848,3156 3937,3156 4027,3156 4116,3156 4206,3156 4295,3156 4385,3156 4474,3156 4564,3156 4653,3156 4743,3162 4832,3162 4922,3162 5011,3168 5101,3162 5190,3162 5280,3162 5369,3162 5459,3162 5548,3168 5638,3180 5650,3180"/>
                <TextEquiv>
                    <Unicode>"Es wird ein bitterer Augenblick sein."</Unicode>
                </TextEquiv>
            </TextLine>
            <TextLine id="tr_1_tl_19" custom="readingOrder {index:18;}">
                <Coords points="3384,3346 4207,3396 5216,3325 5624,3402 5624,3216 5483,3202 3384,3234"/>
                <Baseline points="3400,3311 3490,3311 3579,3311 3669,3311 3758,3311 3848,3311 3937,3311 4027,3311 4116,3317 4206,3317 4295,3317 4385,3317 4474,3317 4564,3311 4653,3317 4743,3317 4832,3317 4922,3317 5011,3317 5101,3317 5190,3317 5280,3317 5369,3317 5459,3323 5548,3323 5632,3329"/>
                <TextEquiv>
                    <Unicode>bemerkte Mühling. Und setzte rasch hinzu -"auch</Unicode>
                </TextEquiv>
            </TextLine>
            <TextLine id="tr_1_tl_20" custom="readingOrder {index:19;}">
                <Coords points="3378,3502 3472,3504 3499,3487 3543,3525 3613,3504 3713,3531 3798,3504 3848,3552 3875,3549 3875,3387 3822,3378 3716,3410 3649,3375 3613,3390 3534,3349 3454,3366 3378,3352"/>
                <Baseline points="3394,3466 3484,3466 3573,3466 3663,3466 3752,3466 3842,3466 3878,3466"/>
                <TextEquiv>
                    <Unicode>für uns.“</Unicode>
                </TextEquiv>
            </TextLine>
            <TextLine id="tr_1_tl_21" custom="readingOrder {index:20;}">
                <Coords points="3796,3678 4877,3631 5098,3701 5236,3640 5636,3651 5636,3554 5292,3481 4728,3537 4542,3452 3796,3563"/>
                <Baseline points="3812,3621 3901,3621 3991,3621 4080,3621 4170,3621 4259,3621 4349,3621 4438,3621 4528,3621 4617,3621 4707,3621 4796,3621 4886,3621 4975,3627 5065,3627 5154,3627 5244,3627 5333,3627 5423,3627 5512,3627 5602,3627 5644,3633"/>
                <TextEquiv>
                    <Unicode>In diesem Augenblick war es, dass ihnen</Unicode>
                </TextEquiv>
            </TextLine>
            <TextLine id="tr_1_tl_22" custom="readingOrder {index:21;}">
                <Coords points="3366,3807 5583,3857 5583,3657 3366,3707"/>
                <Baseline points="3382,3782 3442,3776 3532,3776 3621,3776 3711,3782 3800,3776 3890,3776 3979,3776 4069,3776 4158,3776 4248,3770 4337,3770 4426,3776 4516,3776 4605,3770 4695,3770 4784,3770 4874,3770 4963,3770 5053,3776 5142,3776 5232,3776 5321,3776 5411,3776 5500,3776 5590,3776"/>
                <TextEquiv>
                    <Unicode>Beiden ganz klar zum Bewusstsein kam, was ihnen</Unicode>
                </TextEquiv>
            </TextLine>
        </TextRegion>
    </Page>
</PcGts>
