6136 4200
3490 626 5702 842 Gattin Eduards, verliessen wir schon Montag Vor-
3490 867 5659 997 mittag den Villenort am See, ja, wir trieben die
3527 1008 5659 1175 Vorsicht so weit am Schalter Billetts bis Wien
3510 1155 5719 1324 zu nehmen, stiegen aber natürlich in dem Bahnhof
3510 1339 5593 1537 des Städtchens aus, wo am nächsten Morgen das
3510 1520 4814 1724 Duell stattfinden sollte.
3932 1652 5814 1847 Doktor Mülling war ein langjähriger, fast
3504 1815 5791 2045 gleichaltriger Freund Loibergers, fünfunddreissig
3516 2014 5745 2163 etwa. Was mich anbelangt, verdankte ich die Ehre
3522 2172 5662 2350 zum anderen Zeugen auserwählt zu sein ausser
3516 2307 5785 2511 meiner schon erwähnten allgemeinen Eignung dazu,
3522 2488 5739 2677 dem Umstand, dass ich meine Ferien in der glei-
3516 2631 5814 2872 chen Sommerfrische verbrachte wie Loiberger und
3533 2824 5785 2973 in seiner Villa ziemlich oft zu Gaste war. Son-
4946 2939 5438 3051 niez essenen
5573 2944 5759 3051 d_o
3516 2999 5762 3140 derlich sympathisch war er mir nicht, aber es war
3527 3151 5837 3309 ein geselliges Haus,viele angenehme Menschen ain-
3522 3289 5659 3464 gen aus und ein, es wurde musiziert.Tennis ge-
3513 3473 5762 3616 spielt, gemeinsame Ausflüge und Ruderpartien wur
3522 3591 5794 3786 den unternommen und endlich war ich dreiundzwan-
