6184 4136
3643 588 5758 837 im Vorübergehen glitt sie, wie zum Spass, mit
3646 788 5639 1034 der Hand durch meine Haare, brachte sie in
3635 979 5743 1167 Unordnung und war wieder davon. Das fiel mir
3635 1112 5792 1306 weiter nicht auf. Denn in dieser Weise benahm
3623 1312 5821 1480 sie sich manchmal. Rwecht ungezwungen, aber im-
3623 1437 5804 1686 mer mit wundervoller Anmut;- wie sie auch die
3629 1599 5792 1799 meisten Freunde des Hauses selten beim Namen
3635 1752 5694 1943 oder gar mit einem Titel zu nennen pflegte,
3629 1938 5778 2137 sondern für jeden irgend eine Bezeichnung ge-
3626 2111 5859 2317 funden hatte, die keineswegs immer zu dessen Art
3615 2219 5821 2462 und Wesen passen mochte, ja. Veradezu das Gegen¬
4840 2381 5095 2488 tull
3632 2410 5726 2595 teil oder überhaupt nichts ausdrückte. Mich,
3629 2586 5894 2780 zum Beispiel - und das hatte einen gewissen
3617 2731 5819 2919 Sinn, denn ich sah damals (noch jünger aus, als
3559 2911 5882 3064 ich mit meinen dreiundzwanzig Jahren war - nann-
3623 3061 5804 3281 te sie "das Kind". - Ich blieb ruhig auf meiner
3615 3212 5732 3363 Bank im Dunkel sitzen- und die Nacht klang um
3612 3339 5821 3557 Auch- und wartete, dass die Beiden wieder an mir
3617 3476 5630 3681 vorüberkämen; was früher-geschah, als ich es
3600 3632 5879 3866 eigentlich erwartet hatte. Und nun nickte Agathe
