6200 4136
5517 396 5703 573 18
591 522 753 711 P.P.
3669 561 5178 789 tung kommen wir doch nicht weg.
4062 786 5745 975 "Ich will es übernehmen",sagte ich.
4071 960 5991 1158 Darüber gab es dann noch eine länge
3669 1092 5982 1266 re Diskussion. Sie war noch nicht zu Ende, als un-
3666 1260 6012 1449 ser Zug im Bahnhof Ischl einfuhr. Es war ein herr-
3657 1425 5883 1632 licher Sommertag, auf dem Bahnsteig ein Gedränge
3663 1545 5931 1773 von Ankommenden, Ausflüglern, Erwartenden,-xx auch
3660 1737 5922 1908 Bekannte waren darunter, es war nicht ganz leicht
4542 1860 5082 1953 ungehindert
5475 1884 5892 1995 gelangen
3648 1938 6006 2121 aus dem Stationsgebäude auf die Strasse zu traten
3645 2061 5973 2241 ohne mit irgendwem zu
4299 2181 4509 2268 ce
3627 2178 6003 2406 sprechen; aber wir sassen im Wagen, ohne dass einer
3630 2364 5865 2592 an uns herangekommen wäre - Der Staub wirbelte-
3627 2496 5781 2739 hinter uns her
3603 2664 6015 2892 sausten auch schon davon. Der Staub wirbelte hinter
3606 2859 5868 3030 uns her, die Sonne brannte heftig, wir waren froh,
3591 2970 5907 3198 als der Ort hinter uns lag und wir auf die Land-
3594 3141 5961 3318 strasse und bald in den Wald bogen. Doktor Mülling
5460 3279 5703 3381 Frau
3582 3276 5814 3504 war endlich damit einverstanden, dass ich Agathe
3573 3411 5742 3693 Leuerger die traurige Nachrichtbringen solle.
