6200 4248
5336 505 5495 635 16
3416 650 5639 852 verständlich meine Pflicht, dachte er zugleich:
3433 852 5538 1040 eigentlich, wäre es die deine. Und während sie
3425 993 5547 1178 durch den Wald fuhren, unter den überhängenden
3413 1138 5498 1325 Zweigen, kam Mühling auf den Einfall, ein paar
3413 1334 5553 1478 Zweige abzubrechen und die Entscheidung davon
3425 1476 5547 1629 abhängig zu machen,wer von ihnen den kürzeren
3413 1629 5498 1822 und wer den längeren zöge. Die Zeit drängte,
3407 1750 5564 1938 Sie liessen den Wagen nicht einmal halten,Müh-
3401 1940 5683 2102 ling nahm einen Zweig in die linke, den andern in
3413 2079 5492 2281 die rechte Hand,Peter riet,er berühte
3401 2241 5582 2446 Mühlings Linke Hand, Mühling öffnete beide,
3393 2402 5709 2616 in der linken hielt er nur ein ganz kleines Aest-
3399 2547 5703 2763 chen, so war es Peter zugefallen Gladys die Nachricht
3401 2706 5706 2885 zu bringen. Aber wenn er noch in der Sekunde vor-
3384 2879 5660 3072 her vor diesem Ausgang gezittert hatte, jetzt mit
3384 3052 5665 3237 einem Male war ihm, als hätte er es nicht nur er-
3381 3217 5706 3393 wartet, sondern gehofft und es war ihm beinahe, als
3384 3344 5688 3543 wenn er sich sehnte die junge Frau wiederzusehen,
3387 3514 5570 3705 an die er bisher auch in diesen Wochen beinahe.
