6200 4168
3627 573 5769 870 mich ein fragender, (ein verheissungsvoller),(ja
3644 851 5901 1028 ein so lockender Blick, dass mich beinahe schwin-
4360 935 4543 1039 is in
3639 999 5812 1190 delte. Und ich wueste plötzlich, dass es keines-
3644 1174 5901 1370 wegs der erste Blick dieser Art war, den sie mir
3675 1283 3900 1373 rend
3639 1342 5899 1544 gönnte. Aline verabschiedete sich. "Auf Wieder-
3639 1485 5792 1659 sehen, gnädige Frau", sagte ich und war mir be¬
3655 1637 5873 1853 wusst, dass es das erste Wort war, das ich sprach
3644 1825 5778 2002 und so hörte ich es übertrieben hell, gleichsam
3644 1991 5837 2159 schmetternd durch den Raum klingen. Agathe be-
4714 2089 4924 2187 über
3633 2142 5868 2355 gleitete die Freundin xxxx die Veranda und
3633 2297 5402 2513 die Stufen (bis in den Garten hinaus.
4068 2462 5924 2625 Warum habe ich nicht gesprochen, so lan-
3655 2628 5834 2785 ge Aline da war, dachte ich. Wäre es nicht tau-
3633 2796 5837 2996 sendmal leichter gewesen? Schon (aber hörte ich
3650 2937 5739 3158 wieder die Schritte Agathene hinauf über die
4211 3066 4391 3158 Mr
5531 3074 5803 3215 Arzug
3636 3099 5688 3318 Treppe und im nächsten Augenblick stand sie
3377 3203 3832 3321 medum
3630 3240 5868 3442 neben mir. "Gnädige Frau", sprach ich,"Ich habe
3639 3417 5747 3591 Ihnen eine traurige Botschaft zu bringen." -
3650 3543 5907 3801 wein, ich sprach die Worte nicht aus, nur in mei-
