<?xml version="1.0" encoding="UTF-8" standalone="yes"?>
<PcGts xmlns="http://schema.primaresearch.org/PAGE/gts/pagecontent/2013-07-15" xmlns:xsi="http://www.w3.org/2001/XMLSchema-instance" xsi:schemaLocation="http://schema.primaresearch.org/PAGE/gts/pagecontent/2013-07-15 http://schema.primaresearch.org/PAGE/gts/pagecontent/2013-07-15/pagecontent.xsd">
    <Metadata>
        <Creator>prov=READ-COOP:name=TrHtr:version=2.1.0:model_id=51170:date=28_07_2023_02:39</Creator>
        <Created>2023-05-10T11:14:29.669+02:00</Created>
        <LastChange>2023-07-28T02:39:02.522+02:00</LastChange>
        <TranskribusMetadata docId="1428136" pageId="55384613" pageNr="14" tsid="131314213" status="IN_PROGRESS" userId="64420" imgUrl="https://files.transkribus.eu/Get?id=TIFSPFXKYYVXFNPKEEQBNWQI&amp;fileType=view" xmlUrl="https://files.transkribus.eu/Get?id=UKVOIHRWHDCGZGLONELHFLXR" imageId="44659512"/>
    </Metadata>
    <Page imageFilename="1428136_0014.jpg" imageWidth="6200" imageHeight="4088">
        <ReadingOrder>
            <OrderedGroup id="ro_1711824303488" caption="Regions reading order">
                <RegionRefIndexed index="0" regionRef="tr_2"/>
                <RegionRefIndexed index="1" regionRef="tr_1"/>
            </OrderedGroup>
        </ReadingOrder>
        <TextRegion id="tr_2" custom="readingOrder {index:0;}">
            <Coords points="3137,326 6012,326 6012,2346 3137,2346"/>
            <TextLine id="tr_2_tl_1" custom="readingOrder {index:0;}">
                <Coords points="3123,439 3178,419 3219,430 3236,416 3285,436 3300,424 3312,436 3399,416 3437,433 3474,416 3463,236 3428,256 3384,247 3355,273 3332,259 3271,305 3245,299 3178,326 3137,297 3114,305"/>
                <Baseline points="3137,376 3227,376 3317,382 3406,388 3478,394"/>
                <TextEquiv>
                    <Unicode>4.70.30.</Unicode>
                </TextEquiv>
            </TextLine>
            <TextLine id="tr_2_tl_2" custom="readingOrder {index:1;}">
                <Coords points="5452,561 5486,567 5513,555 5539,570 5594,550 5635,564 5748,555 5748,430 5728,436 5713,424 5670,468 5626,488 5588,480 5521,439 5498,456 5452,451"/>
                <Baseline points="5468,537 5558,537 5647,537 5737,537 5755,537"/>
                <TextEquiv>
                    <Unicode>11 b</Unicode>
                </TextEquiv>
            </TextLine>
            <TextLine id="tr_2_tl_3" custom="readingOrder {index:2;}">
                <Coords points="3693,826 5652,791 5649,683 5562,672 3690,657"/>
                <Baseline points="3705,741 3795,741 3884,741 3974,741 4064,747 4153,747 4243,753 4333,753 4422,753 4512,753 4601,753 4691,759 4781,759 4870,765 4960,765 5050,765 5139,765 5229,770 5319,770 5408,776 5498,776 5588,776 5659,776"/>
                <TextEquiv>
                    <Unicode>Wir verabschiedeten uns von Loiberger und</Unicode>
                </TextEquiv>
            </TextLine>
            <TextLine id="tr_2_tl_4" custom="readingOrder {index:3;}">
                <Coords points="4376,858 4396,861 4414,846 4463,872 4483,855 4489,861 4504,849 4533,849 4568,834 4597,843 4626,837 4629,800 4568,788 4524,791 4492,768 4446,811 4419,805 4411,794 4379,794"/>
                <Baseline points="4392,836 4458,830 4548,830 4637,824"/>
                <TextEquiv>
                    <Unicode>a if un</Unicode>
                </TextEquiv>
            </TextLine>
            <TextLine id="tr_2_tl_5" custom="readingOrder {index:4;}">
                <Coords points="3681,951 5806,977 5786,834 3678,823"/>
                <Baseline points="3693,902 3783,902 3872,902 3962,902 4052,902 4141,902 4231,908 4321,914 4410,914 4500,914 4590,914 4679,914 4769,920 4858,920 4948,920 5038,920 5127,920 5217,926 5307,926 5396,926 5486,932 5576,932 5665,932 5755,932 5815,938"/>
                <TextEquiv>
                    <Unicode>schickten ihn zu Betre, wir beiden Andern aber</Unicode>
                </TextEquiv>
            </TextLine>
            <TextLine id="tr_2_tl_6" custom="readingOrder {index:5;}">
                <Coords points="3690,1111 5780,1102 5760,965 5484,1035 3690,1003"/>
                <Baseline points="3705,1069 3795,1063 3884,1063 3974,1063 4064,1063 4153,1063 4243,1069 4333,1069 4422,1069 4512,1075 4601,1075 4691,1075 4781,1081 4870,1081 4960,1081 5050,1087 5139,1087 5229,1087 5319,1087 5408,1087 5498,1087 5588,1087 5677,1087 5767,1093 5785,1093"/>
                <TextEquiv>
                    <Unicode>spazierten in der schönen, warmen Sommernacht</Unicode>
                </TextEquiv>
            </TextLine>
            <TextLine id="tr_2_tl_7" custom="readingOrder {index:6;}">
                <Coords points="5460,1166 5495,1160 5518,1178 5550,1183 5603,1160 5643,1186 5748,1183 5745,1111 5716,1116 5687,1102 5611,1128 5597,1116 5565,1122 5516,1090 5501,1102 5457,1099"/>
                <Baseline points="5474,1153 5564,1153 5653,1159 5743,1165 5755,1165"/>
                <TextEquiv>
                    <Unicode>herin.</Unicode>
                </TextEquiv>
            </TextLine>
            <TextLine id="tr_2_tl_8" custom="readingOrder {index:7;}">
                <Coords points="3675,1317 3998,1256 5873,1271 5870,1125 5705,1192 4405,1111 3672,1151"/>
                <Baseline points="3687,1219 3777,1219 3866,1219 3956,1225 4046,1219 4135,1225 4225,1225 4315,1225 4404,1231 4494,1231 4584,1231 4673,1237 4763,1237 4853,1237 4942,1237 5032,1243 5121,1243 5211,1243 5301,1249 5390,1249 5480,1249 5570,1249 5659,1255 5749,1255 5839,1261 5880,1261"/>
                <TextEquiv>
                    <Unicode>noch ein Stündchen durch die kleine Stadt. Von</Unicode>
                </TextEquiv>
            </TextLine>
            <TextLine id="tr_2_tl_9" custom="readingOrder {index:8;}">
                <Coords points="3675,1430 5867,1457 5844,1332 3672,1317"/>
                <Baseline points="3687,1380 3777,1380 3866,1380 3956,1386 4046,1386 4135,1386 4225,1386 4315,1392 4404,1392 4494,1398 4584,1398 4673,1398 4763,1398 4853,1404 4942,1404 5032,1404 5121,1404 5211,1410 5301,1410 5390,1410 5480,1416 5570,1416 5659,1416 5749,1416 5839,1416 5875,1422"/>
                <TextEquiv>
                    <Unicode>diesem nächtlichen Gang ist mir nichts ande-</Unicode>
                </TextEquiv>
            </TextLine>
            <TextLine id="tr_2_tl_10" custom="readingOrder {index:9;}">
                <Coords points="3690,1590 5998,1611 5995,1486 5806,1457 5603,1518 3687,1457"/>
                <Baseline points="3705,1524 3795,1535 3884,1535 3974,1535 4064,1541 4153,1541 4243,1541 4333,1547 4422,1547 4512,1547 4601,1553 4691,1553 4781,1553 4870,1559 4960,1559 5050,1559 5139,1559 5229,1565 5319,1565 5408,1565 5498,1571 5588,1571 5677,1571 5767,1577 5857,1577 5946,1577 6006,1589"/>
                <TextEquiv>
                    <Unicode>res in Erinnerung geblieben als ein tiefschwarzer</Unicode>
                </TextEquiv>
            </TextLine>
            <TextLine id="tr_2_tl_11" custom="readingOrder {index:10;}">
                <Coords points="3672,1683 4120,1771 4274,1710 4562,1779 6004,1747 6001,1643 3669,1596"/>
                <Baseline points="3687,1673 3777,1679 3866,1691 3956,1691 4046,1691 4135,1697 4225,1697 4315,1703 4404,1703 4494,1703 4584,1703 4673,1709 4763,1709 4853,1709 4942,1709 5032,1715 5121,1715 5211,1721 5301,1721 5390,1721 5480,1727 5570,1727 5659,1727 5749,1733 5839,1733 5928,1733 6012,1745"/>
                <TextEquiv>
                    <Unicode>Schlagschatten, den die Häuser auf dem Hauptplatz</Unicode>
                </TextEquiv>
            </TextLine>
            <TextLine id="tr_2_tl_12" custom="readingOrder {index:11;}">
                <Coords points="3681,1896 5126,1965 5274,1896 5862,1916 5859,1823 5312,1742 5045,1823 4326,1745 3678,1776"/>
                <Baseline points="3693,1846 3783,1846 3872,1846 3962,1852 4052,1852 4141,1852 4231,1858 4321,1858 4410,1858 4500,1864 4590,1864 4679,1864 4769,1864 4858,1870 4948,1870 5038,1870 5127,1870 5217,1876 5307,1876 5396,1876 5486,1882 5576,1882 5665,1888 5755,1888 5845,1894 5869,1894"/>
                <TextEquiv>
                    <Unicode>auf das mondbeglänzte Pflaster warfen und nichts</Unicode>
                </TextEquiv>
            </TextLine>
            <TextLine id="tr_2_tl_13" custom="readingOrder {index:12;}">
                <Coords points="3684,2073 4446,2021 5687,2122 5847,2059 5847,1980 3681,1910"/>
                <Baseline points="3699,2002 3789,2002 3878,2002 3968,2008 4058,2008 4147,2014 4237,2014 4327,2014 4416,2020 4506,2020 4596,2020 4685,2020 4775,2026 4864,2026 4954,2026 5044,2026 5133,2032 5223,2038 5313,2038 5402,2038 5492,2038 5582,2044 5671,2044 5761,2049 5851,2049"/>
                <TextEquiv>
                    <Unicode>von unseren Gesprächen. Ich weiss nur, dass wir</Unicode>
                </TextEquiv>
            </TextLine>
            <TextLine id="tr_2_tl_14" custom="readingOrder {index:13;}">
                <Coords points="3666,2204 4123,2245 4504,2184 5327,2274 5806,2216 5803,2122 5574,2076 5071,2131 4501,2053 3663,2076"/>
                <Baseline points="3681,2157 3771,2157 3860,2163 3950,2163 4040,2163 4129,2163 4219,2175 4309,2175 4398,2175 4488,2169 4578,2175 4667,2181 4757,2181 4847,2181 4936,2187 5026,2187 5115,2187 5205,2193 5295,2193 5384,2193 5474,2199 5564,2205 5653,2199 5743,2199 5815,2211"/>
                <TextEquiv>
                    <Unicode>von dem morgigen Zuell überhaupt nichts gere-</Unicode>
                </TextEquiv>
            </TextLine>
            <TextLine id="tr_2_tl_15" custom="readingOrder {index:14;}">
                <Coords points="3655,2381 3710,2384 3751,2358 3818,2373 3896,2341 3945,2381 4047,2410 4158,2410 4222,2378 4216,2262 3957,2198 3925,2218 3899,2201 3800,2210 3756,2236 3716,2210 3649,2213"/>
                <Baseline points="3669,2312 3759,2312 3848,2318 3938,2318 4028,2318 4117,2324 4207,2336 4225,2336"/>
                <TextEquiv>
                    <Unicode>det hatten.</Unicode>
                </TextEquiv>
            </TextLine>
        </TextRegion>
        <TextRegion id="tr_1" custom="readingOrder {index:1;}">
            <Coords points="633,2430 5970,2430 5970,3936 633,3936"/>
            <TextLine id="tr_1_tl_1" custom="readingOrder {index:0;}">
                <Coords points="4262,2530 5734,2518 5966,2570 5960,2436 5763,2384 4943,2445 4259,2405"/>
                <Baseline points="4279,2480 4368,2486 4458,2486 4548,2492 4637,2492 4727,2492 4817,2492 4906,2498 4996,2498 5086,2504 5175,2504 5265,2504 5355,2510 5444,2510 5534,2516 5623,2516 5713,2516 5803,2516 5892,2522 5970,2534"/>
                <TextEquiv>
                    <Unicode>Deutlich entsinne ich mich aber der</Unicode>
                </TextEquiv>
            </TextLine>
            <TextLine id="tr_1_tl_2" custom="readingOrder {index:1;}">
                <Coords points="3669,2695 5859,2724 5853,2596 5399,2518 4954,2605 4306,2515 3666,2538"/>
                <Baseline points="3681,2629 3771,2629 3860,2635 3950,2635 4040,2635 4129,2641 4219,2641 4309,2641 4398,2647 4488,2647 4578,2647 4667,2653 4757,2653 4847,2659 4936,2659 5026,2665 5115,2665 5205,2671 5295,2677 5384,2677 5474,2683 5564,2677 5653,2683 5743,2683 5833,2689 5863,2695"/>
                <TextEquiv>
                    <Unicode>Wagenfahrt am nächsten Morgen xxxxxxx</Unicode>
                </TextEquiv>
            </TextLine>
            <TextLine id="tr_1_tl_3" custom="readingOrder {index:2;}">
                <Coords points="5207,2765 5553,2771 5606,2791 5789,2782 5786,2704 5571,2719 5460,2689 5356,2687 5295,2710 5263,2684 5204,2689"/>
                <Baseline points="5223,2755 5313,2761 5402,2761 5492,2767 5582,2767 5671,2773 5761,2779 5797,2773"/>
                <TextEquiv>
                    <Unicode>Hufgeklapper</Unicode>
                </TextEquiv>
            </TextLine>
            <TextLine id="tr_1_tl_4" custom="readingOrder {index:3;}">
                <Coords points="3649,2829 5251,2835 5568,2922 5565,2774 5364,2812 4422,2684 4015,2762 3646,2689"/>
                <Baseline points="3663,2803 3753,2797 3842,2803 3932,2803 4022,2803 4111,2803 4201,2803 4291,2809 4380,2809 4470,2809 4560,2809 4649,2814 4739,2814 4829,2820 4918,2820 5008,2820 5098,2826 5187,2826 5277,2832 5366,2832 5456,2832 5546,2832 5576,2832"/>
                <TextEquiv>
                    <Unicode>krag, ja, noch tönt mir gleichsam das Wehl</Unicode>
                </TextEquiv>
            </TextLine>
            <TextLine id="tr_1_tl_5" custom="readingOrder {index:4;}">
                <Coords points="3655,2974 4448,3056 4687,2992 5268,3070 5815,3038 5783,2905 3652,2870"/>
                <Baseline points="3669,2952 3759,2952 3848,2958 3938,2958 4028,2958 4117,2958 4207,2958 4297,2964 4386,2970 4476,2970 4566,2970 4655,2976 4745,2976 4835,2982 4924,2982 5014,2982 5104,2988 5193,2988 5283,2994 5372,2994 5462,3000 5552,3006 5641,3006 5731,3012 5821,3024"/>
                <TextEquiv>
                    <Unicode>der Rufschläge xxxx in den Ohren der Rosse</Unicode>
                </TextEquiv>
            </TextLine>
            <TextLine id="tr_1_tl_6" custom="readingOrder {index:5;}">
                <Coords points="3655,3169 5934,3201 5931,3099 5783,3073 3652,3056"/>
                <Baseline points="3669,3119 3759,3119 3848,3119 3938,3125 4028,3125 4117,3125 4207,3125 4297,3131 4386,3131 4476,3131 4566,3137 4655,3143 4745,3143 4835,3149 4924,3149 5014,3155 5104,3155 5193,3155 5283,3161 5372,3161 5462,3167 5552,3167 5641,3173 5731,3173 5821,3179 5910,3173 5940,3179"/>
                <TextEquiv>
                    <Unicode>nach, die uns über die staubige Strasse zur Wald-</Unicode>
                </TextEquiv>
            </TextLine>
            <TextLine id="tr_1_tl_7" custom="readingOrder {index:6;}">
                <Coords points="3652,3335 4184,3285 4358,3355 5806,3358 5803,3222 3649,3192"/>
                <Baseline points="3669,3275 3759,3269 3848,3269 3938,3275 4028,3281 4117,3281 4207,3281 4297,3281 4386,3287 4476,3287 4566,3287 4655,3293 4745,3293 4835,3299 4924,3305 5014,3305 5104,3305 5193,3311 5283,3311 5372,3311 5462,3311 5552,3317 5641,3317 5731,3322 5815,3328"/>
                <TextEquiv>
                    <Unicode>lichtung brachten. Loiberger sprach mit über-</Unicode>
                </TextEquiv>
            </TextLine>
            <TextLine id="tr_1_tl_8" custom="readingOrder {index:7;}">
                <Coords points="3661,3463 5905,3521 5899,3364 3658,3338"/>
                <Baseline points="3675,3406 3765,3406 3854,3412 3944,3418 4034,3418 4123,3424 4213,3424 4303,3424 4392,3430 4482,3430 4572,3436 4661,3436 4751,3442 4841,3442 4930,3448 5020,3454 5110,3454 5199,3454 5289,3460 5378,3460 5468,3466 5558,3466 5647,3472 5737,3472 5827,3472 5910,3478"/>
                <TextEquiv>
                    <Unicode>triebener Wichtigkeit von einer gewissen, in Mit-</Unicode>
                </TextEquiv>
            </TextLine>
            <TextLine id="tr_1_tl_9" custom="readingOrder {index:8;}">
                <Coords points="3661,3649 4207,3602 4559,3687 4853,3623 5449,3698 5873,3637 5870,3536 4966,3533 4821,3466 4544,3533 4149,3457 3658,3495"/>
                <Baseline points="3675,3568 3765,3568 3854,3568 3944,3568 4034,3574 4123,3579 4213,3579 4303,3579 4392,3585 4482,3585 4572,3591 4661,3591 4751,3591 4841,3597 4930,3603 5020,3603 5110,3603 5199,3603 5289,3609 5378,3609 5468,3615 5558,3621 5647,3621 5737,3627 5827,3627 5880,3633"/>
                <TextEquiv>
                    <Unicode>teleuropa neu eingeführten japanischen Strauch-</Unicode>
                </TextEquiv>
            </TextLine>
            <TextLine id="tr_1_tl_10" custom="readingOrder {index:9;}">
                <Coords points="3640,3736 5222,3786 5585,3893 5827,3829 5824,3707 5190,3634 5010,3704 3637,3643"/>
                <Baseline points="3657,3723 3747,3723 3836,3729 3926,3729 4016,3735 4105,3735 4195,3735 4285,3741 4374,3741 4464,3741 4554,3747 4643,3747 4733,3753 4823,3753 4912,3759 5002,3759 5092,3759 5181,3765 5271,3765 5361,3765 5450,3771 5540,3777 5629,3777 5719,3783 5809,3783 5833,3783"/>
                <TextEquiv>
                    <Unicode>art, die er auch in seinem eigenen Garten anzu-</Unicode>
                </TextEquiv>
            </TextLine>
            <TextLine id="tr_1_tl_11" custom="readingOrder {index:10;}">
                <Coords points="622,3916 654,3913 680,3902 718,3928 733,3931 750,3925 768,3905 779,3905 765,3826 724,3838 698,3826 677,3835 637,3812 605,3820"/>
                <Baseline points="633,3884 705,3926 788,3914"/>
                <TextEquiv>
                    <Unicode>P.</Unicode>
                </TextEquiv>
            </TextLine>
        </TextRegion>
    </Page>
</PcGts>
