6218 4008
5364 171 5847 358 5./11.1911
5319 310 5831 545 27.XII. 1911
3629 563 5773 756 Er hat als Sekundant die Pflicht übernom.
3642 748 5658 956 men der Gattin den Tod ihres Mannes im
3639 916 5604 1079 Duell mitzuteilen. Eroliebt sie schon
3661 1047 5628 1234 lange. Sie empfängt ihn lächelnd. Ihr
3661 1226 5698 1391 Mann ist auf der Jagd,wie sie ihm gleich
3658 1386 5783 1549 erzählt. Er ist nicht fähig ihr die Wahr-
3658 1517 5770 1714 heit mitzuteilen. Herbsttag auf dem Land,
3658 1669 5762 1872 Ihre Koketterie. Er fühlt, dass sie ihren
3671 1816 5706 1978 Mann ja gar nicht liebt, niemals geliebt
3671 2024 5700 2149 hat. Versucht das im Gespräch mit immer
3671 2173 5794 2310 zwingenderer Deutlichkeit aus ihr heraus-
3671 2307 5706 2448 zulocken, um sich selbst die Gewissens-
3671 2422 5732 2603 skrupel zu ersparen. Sie Szene steigert
3682 2627 5791 2793 sich vielleicht bis zu dem Augenblick, da
3671 2779 5676 2894 die Leiche ihres Gatten gebracht wird.
4106 2942 5727 3127 Oder in Angst vor diesem Moment
3682 3060 5805 3255 beredet er sie mit ihm fortzugehen (flie-
3687 3220 5818 3434 hen oder Ausflug je nach dem Ton des Gan
3698 3407 4072 3554 zen).
3781 3471 5735 3698 Das Segenen het anders aus — 6 Convent bestellt... Sie
3775 3631 4881 3834 permer dis très en beste
