<?xml version="1.0" encoding="UTF-8" standalone="yes"?>
<PcGts xmlns="http://schema.primaresearch.org/PAGE/gts/pagecontent/2013-07-15" xmlns:xsi="http://www.w3.org/2001/XMLSchema-instance" xsi:schemaLocation="http://schema.primaresearch.org/PAGE/gts/pagecontent/2013-07-15 http://schema.primaresearch.org/PAGE/gts/pagecontent/2013-07-15/pagecontent.xsd">
    <Metadata>
        <Creator>prov=READ-COOP:name=TrHtr:version=2.1.0:model_id=51170:date=28_07_2023_02:38</Creator>
        <Created>2023-05-10T11:14:28.467+02:00</Created>
        <LastChange>2023-07-28T02:38:59.540+02:00</LastChange>
        <TranskribusMetadata docId="1428136" pageId="55384576" pageNr="5" tsid="131314204" status="IN_PROGRESS" userId="64420" imgUrl="https://files.transkribus.eu/Get?id=VEQASKIFUYXYMSIOQVWGMZAY&amp;fileType=view" xmlUrl="https://files.transkribus.eu/Get?id=LCFKQRMMBZXVVZBYRRWIOALC" imageId="44659475"/>
    </Metadata>
    <Page imageFilename="1428136_0005.jpg" imageWidth="6168" imageHeight="4216">
        <ReadingOrder>
            <OrderedGroup id="ro_1711824290172" caption="Regions reading order">
                <RegionRefIndexed index="0" regionRef="tr_1"/>
            </OrderedGroup>
        </ReadingOrder>
        <TextRegion id="tr_1" custom="readingOrder {index:0;}">
            <Coords points="3529,708 5888,708 5888,3849 3529,3849"/>
            <TextLine id="tr_1_tl_1" custom="readingOrder {index:0;}">
                <Coords points="3524,810 5665,830 5773,798 5775,699 5435,641 3524,716"/>
                <Baseline points="3541,794 3630,800 3720,806 3809,800 3899,800 3989,794 4078,794 4168,788 4257,788 4347,788 4436,782 4526,782 4616,776 4705,776 4795,776 4884,776 4974,770 5063,770 5153,770 5243,770 5332,770 5422,764 5511,770 5601,764 5691,764 5780,758"/>
                <TextEquiv>
                    <Unicode>bedenken, dass man im Laufe der letzten Jahrzehn-</Unicode>
                </TextEquiv>
            </TextLine>
            <TextLine id="tr_1_tl_2" custom="readingOrder {index:1;}">
                <Coords points="3512,967 4928,1008 5723,949 5723,865 5240,818 5152,885 4980,824 3512,897"/>
                <Baseline points="3529,961 3577,961 3666,961 3756,961 3845,961 3935,961 4024,955 4114,949 4204,949 4293,955 4383,949 4472,949 4562,949 4651,949 4741,943 4831,943 4920,943 5010,943 5099,943 5189,943 5278,943 5368,937 5458,937 5547,937 5637,931 5726,931"/>
                <TextEquiv>
                    <Unicode>te auch für viel Geringeres, völlig nutzlos und</Unicode>
                </TextEquiv>
            </TextLine>
            <TextLine id="tr_1_tl_3" custom="readingOrder {index:2;}">
                <Coords points="3512,1156 5682,1153 5743,996 3512,1048"/>
                <Baseline points="3529,1128 3600,1128 3690,1122 3780,1122 3869,1122 3959,1122 4048,1122 4138,1116 4227,1116 4317,1116 4407,1116 4496,1116 4586,1116 4675,1110 4765,1110 4854,1110 4944,1110 5034,1104 5123,1104 5213,1104 5302,1098 5392,1098 5481,1104 5571,1098 5661,1098 5750,1098"/>
                <TextEquiv>
                    <Unicode>auf Befehl oder Wunsch anderer Leute sein Leben</Unicode>
                </TextEquiv>
            </TextLine>
            <TextLine id="tr_1_tl_4" custom="readingOrder {index:3;}">
                <Coords points="3512,1311 5621,1305 5668,1148 3515,1171"/>
                <Baseline points="3529,1295 3612,1295 3702,1289 3792,1289 3881,1289 3971,1289 4060,1289 4150,1289 4239,1283 4329,1283 4419,1277 4508,1277 4598,1277 4687,1271 4777,1271 4866,1271 4956,1271 5046,1271 5135,1271 5225,1271 5314,1265 5404,1265 5493,1265 5583,1265 5673,1260"/>
                <TextEquiv>
                    <Unicode>zu opfern genötigt war. Im Zweikampf hat doch</Unicode>
                </TextEquiv>
            </TextLine>
            <TextLine id="tr_1_tl_5" custom="readingOrder {index:4;}">
                <Coords points="3536,1485 5609,1468 5612,1331 3539,1366"/>
                <Baseline points="3553,1451 3559,1451 3648,1451 3738,1451 3827,1451 3917,1445 4006,1445 4096,1445 4186,1445 4275,1445 4365,1439 4454,1445 4544,1439 4634,1439 4723,1439 4813,1439 4902,1439 4992,1433 5081,1433 5171,1433 5261,1433 5350,1433 5440,1427 5529,1427 5619,1439"/>
                <TextEquiv>
                    <Unicode>immer das eigene Belieben mitzureden gehabt.</Unicode>
                </TextEquiv>
            </TextLine>
            <TextLine id="tr_1_tl_6" custom="readingOrder {index:5;}">
                <Coords points="3524,1651 5473,1651 5697,1622 5700,1509 5572,1450 5347,1512 3527,1509"/>
                <Baseline points="3541,1612 3559,1612 3648,1612 3738,1612 3827,1606 3917,1612 4006,1612 4096,1612 4186,1606 4275,1606 4365,1606 4454,1606 4544,1606 4634,1600 4723,1600 4813,1600 4902,1594 4992,1594 5081,1594 5171,1594 5261,1594 5350,1594 5440,1588 5529,1588 5619,1594 5708,1594"/>
                <TextEquiv>
                    <Unicode>auch dort, wo es sich scheinbar um einen Zwang,</Unicode>
                </TextEquiv>
            </TextLine>
            <TextLine id="tr_1_tl_7" custom="readingOrder {index:6;}">
                <Coords points="3536,1806 5592,1794 5706,1771 5706,1669 3536,1672"/>
                <Baseline points="3553,1773 3565,1773 3654,1779 3744,1773 3833,1773 3923,1773 4012,1773 4102,1773 4192,1767 4281,1767 4371,1767 4460,1767 4550,1767 4639,1767 4729,1767 4819,1767 4908,1761 4998,1761 5087,1761 5177,1761 5267,1761 5356,1755 5446,1755 5535,1755 5625,1755 5714,1761"/>
                <TextEquiv>
                    <Unicode>um eine Konvention oder um Snolbismus handel-</Unicode>
                </TextEquiv>
            </TextLine>
            <TextLine id="tr_1_tl_8" custom="readingOrder {index:7;}">
                <Coords points="3556,1986 5761,1937 5761,1814 5548,1777 4948,1861 3556,1803"/>
                <Baseline points="3571,1928 3618,1934 3708,1940 3797,1940 3887,1934 3977,1934 4066,1934 4156,1934 4245,1934 4335,1928 4425,1928 4514,1928 4604,1928 4693,1928 4783,1928 4872,1922 4962,1922 5052,1922 5141,1928 5231,1928 5320,1922 5410,1922 5499,1922 5589,1916 5679,1916 5768,1922"/>
                <TextEquiv>
                    <Unicode>te. Dass man überhaupt mit der Möglichkeit oder</Unicode>
                </TextEquiv>
            </TextLine>
            <TextLine id="tr_1_tl_9" custom="readingOrder {index:8;}">
                <Coords points="3556,2135 5685,2123 5802,2100 5805,2001 5205,1960 4794,2042 4517,1957 4124,2047 3559,1986"/>
                <Baseline points="3571,2102 3660,2096 3750,2096 3839,2096 3929,2090 4018,2096 4108,2090 4198,2090 4287,2090 4377,2090 4466,2090 4556,2090 4645,2090 4735,2090 4825,2090 4914,2090 5004,2090 5093,2084 5183,2084 5272,2084 5362,2084 5452,2084 5541,2084 5631,2084 5720,2084 5810,2078"/>
                <TextEquiv>
                    <Unicode>gar der Unausweichlichkeit von Luellen innerhalb</Unicode>
                </TextEquiv>
            </TextLine>
            <TextLine id="tr_1_tl_10" custom="readingOrder {index:9;}">
                <Coords points="3550,2280 5525,2301 5808,2246 5808,2109 3550,2167"/>
                <Baseline points="3565,2251 3577,2251 3666,2257 3756,2251 3845,2251 3935,2257 4024,2251 4114,2251 4204,2251 4293,2251 4383,2245 4472,2245 4562,2245 4651,2245 4741,2245 4831,2245 4920,2251 5010,2245 5099,2245 5189,2245 5278,2245 5368,2239 5458,2245 5547,2239 5637,2239 5726,2239 5816,2239"/>
                <TextEquiv>
                    <Unicode>eines gewissen Kreises wenigstens rechnen muss-</Unicode>
                </TextEquiv>
            </TextLine>
            <TextLine id="tr_1_tl_11" custom="readingOrder {index:10;}">
                <Coords points="3550,2426 5778,2461 5781,2251 5604,2310 4561,2254 4270,2365 3553,2280"/>
                <Baseline points="3565,2406 3636,2412 3726,2412 3815,2412 3905,2412 3995,2412 4084,2412 4174,2412 4263,2418 4353,2412 4442,2412 4532,2406 4622,2406 4711,2406 4801,2406 4890,2406 4980,2406 5069,2412 5159,2406 5249,2406 5338,2406 5428,2406 5517,2406 5607,2406 5696,2406 5786,2394"/>
                <TextEquiv>
                    <Unicode>te,-das allein,glauben Sie mir, gab dem gesell-</Unicode>
                </TextEquiv>
            </TextLine>
            <TextLine id="tr_1_tl_12" custom="readingOrder {index:11;}">
                <Coords points="3542,2615 5164,2569 5883,2656 5822,2473 5513,2516 5379,2426 3545,2476"/>
                <Baseline points="3559,2579 3648,2573 3738,2573 3827,2573 3917,2573 4006,2573 4096,2573 4186,2573 4275,2573 4365,2567 4454,2567 4544,2567 4634,2567 4723,2567 4813,2567 4902,2567 4992,2567 5081,2567 5171,2567 5261,2567 5350,2567 5440,2561 5529,2567 5619,2567 5708,2567 5798,2567 5888,2567"/>
                <TextEquiv>
                    <Unicode>schaftlichen Leben eine gewisse Würde oder wenig-</Unicode>
                </TextEquiv>
            </TextLine>
            <TextLine id="tr_1_tl_13" custom="readingOrder {index:12;}">
                <Coords points="3542,2787 5732,2776 5869,2749 5869,2647 4791,2580 4372,2691 3542,2671"/>
                <Baseline points="3559,2735 3636,2735 3726,2735 3815,2735 3905,2735 3995,2735 4084,2735 4174,2740 4263,2735 4353,2735 4442,2729 4532,2729 4622,2729 4711,2729 4801,2729 4890,2735 4980,2729 5069,2735 5159,2735 5249,2729 5338,2729 5428,2729 5517,2729 5607,2729 5696,2729 5786,2729 5876,2729"/>
                <TextEquiv>
                    <Unicode>stens einen gewissen Stil. Und den Menschen die-</Unicode>
                </TextEquiv>
            </TextLine>
            <TextLine id="tr_1_tl_14" custom="readingOrder {index:13;}">
                <Coords points="4509,2843 4573,2831 4628,2843 4643,2828 4736,2840 4768,2822 4843,2854 4916,2825 4957,2828 4957,2758 4922,2746 4864,2761 4835,2738 4733,2764 4689,2738 4610,2758 4509,2741"/>
                <Baseline points="4526,2824 4604,2818 4693,2818 4783,2818 4872,2818 4962,2818"/>
                <TextEquiv>
                    <Unicode>bedinkeggs</Unicode>
                </TextEquiv>
            </TextLine>
            <TextLine id="tr_1_tl_15" custom="readingOrder {index:14;}">
                <Coords points="3536,2939 5840,2950 5840,2816 5449,2758 5277,2843 4843,2854 3536,2781"/>
                <Baseline points="3553,2896 3606,2896 3696,2890 3786,2890 3875,2896 3965,2896 4054,2896 4144,2896 4233,2896 4323,2890 4413,2896 4502,2896 4592,2896 4681,2896 4771,2896 4860,2896 4950,2896 5040,2890 5129,2890 5219,2890 5308,2896 5398,2896 5487,2896 5577,2896 5667,2890 5756,2890 5846,2884"/>
                <TextEquiv>
                    <Unicode>ser Kreise, auch den nichtigsten oder lächerlich-</Unicode>
                </TextEquiv>
            </TextLine>
            <TextLine id="tr_1_tl_16" custom="readingOrder {index:15;}">
                <Coords points="3542,3058 5682,3108 5650,2927 5263,2988 4940,2901 3542,2968"/>
                <Baseline points="3559,3057 3648,3057 3738,3057 3827,3057 3917,3057 4006,3057 4096,3057 4186,3051 4275,3051 4365,3051 4454,3051 4544,3051 4634,3051 4723,3057 4813,3063 4902,3057 4992,3057 5081,3057 5171,3057 5261,3057 5350,3057 5440,3057 5529,3051 5619,3051 5691,3057"/>
                <TextEquiv>
                    <Unicode>sten, eine gewisse Haltung, ja den Schein einer</Unicode>
                </TextEquiv>
            </TextLine>
            <TextLine id="tr_1_tl_17" custom="readingOrder {index:16;}">
                <Coords points="3568,3250 5808,3245 5758,3113 5516,3084 4305,3134 3568,3070"/>
                <Baseline points="3583,3218 3672,3212 3762,3212 3851,3212 3941,3212 4030,3212 4120,3212 4210,3212 4299,3212 4389,3212 4478,3212 4568,3212 4657,3212 4747,3212 4837,3212 4926,3212 5016,3212 5105,3212 5195,3212 5284,3212 5374,3212 5464,3212 5553,3218 5643,3218 5732,3218 5816,3218"/>
                <TextEquiv>
                    <Unicode>immer vorhandenen Todesbereitschaft, -wenn Ihnen</Unicode>
                </TextEquiv>
            </TextLine>
            <TextLine id="tr_1_tl_18" custom="readingOrder {index:17;}">
                <Coords points="4075,3288 4092,3288 4112,3309 4147,3300 4188,3320 4209,3306 4229,3326 4261,3312 4270,3320 4310,3320 4308,3239 4290,3242 4264,3224 4235,3224 4217,3242 4197,3239 4185,3250 4133,3230 4118,3245 4075,3256"/>
                <Baseline points="4090,3284 4180,3290 4269,3290 4317,3290"/>
                <TextEquiv>
                    <Unicode>auch</Unicode>
                </TextEquiv>
            </TextLine>
            <TextLine id="tr_1_tl_19" custom="readingOrder {index:18;}">
                <Coords points="3562,3373 5738,3416 5738,3265 5595,3236 5042,3300 4520,3239 4284,3329 3833,3224 3562,3256"/>
                <Baseline points="3577,3368 3666,3373 3756,3368 3845,3368 3935,3368 4024,3373 4114,3368 4204,3373 4293,3373 4383,3373 4472,3373 4562,3373 4651,3373 4741,3368 4831,3368 4920,3368 5010,3373 5099,3373 5189,3373 5278,3373 5368,3373 5458,3373 5547,3373 5637,3373 5726,3379 5744,3373"/>
                <TextEquiv>
                    <Unicode>dieses Wort in solchem Zusammenhang doch allzu</Unicode>
                </TextEquiv>
            </TextLine>
            <TextLine id="tr_1_tl_20" custom="readingOrder {index:19;}">
                <Coords points="3556,3565 4878,3545 4922,3527 4922,3440 4008,3396 3556,3489"/>
                <Baseline points="3571,3541 3583,3535 3672,3529 3762,3529 3851,3523 3941,3523 4030,3529 4120,3529 4210,3529 4299,3523 4389,3523 4478,3523 4568,3523 4657,3523 4747,3523 4837,3523 4926,3529"/>
                <TextEquiv>
                    <Unicode>grossartig erscheinen sollte</Unicode>
                </TextEquiv>
            </TextLine>
            <TextLine id="tr_1_tl_21" custom="readingOrder {index:20;}">
                <Coords points="4075,3725 5674,3681 5642,3533 4887,3579 4756,3536 4578,3594 4075,3530"/>
                <Baseline points="4090,3678 4180,3672 4269,3672 4359,3672 4448,3672 4538,3678 4628,3678 4717,3678 4807,3672 4896,3672 4986,3672 5075,3678 5165,3678 5255,3678 5344,3678 5434,3678 5523,3678 5613,3678 5679,3678"/>
                <TextEquiv>
                    <Unicode>Aber ich schweife ab, noch ehe ich</Unicode>
                </TextEquiv>
            </TextLine>
            <TextLine id="tr_1_tl_22" custom="readingOrder {index:21;}">
                <Coords points="3550,3865 5644,3944 5644,3684 4092,3751 3550,3681"/>
                <Baseline points="3565,3839 3588,3833 3678,3839 3768,3839 3857,3833 3947,3839 4036,3833 4126,3833 4216,3833 4305,3839 4395,3839 4484,3833 4574,3833 4663,3833 4753,3833 4843,3833 4932,3833 5022,3833 5111,3833 5201,3839 5290,3833 5380,3833 5470,3833 5559,3833 5649,3827"/>
                <TextEquiv>
                    <Unicode>angefangen habe. Ich wolite Ihnen ja die Ge-</Unicode>
                </TextEquiv>
            </TextLine>
        </TextRegion>
    </Page>
</PcGts>
