<?xml version="1.0" encoding="UTF-8" standalone="yes"?>
<PcGts xmlns="http://schema.primaresearch.org/PAGE/gts/pagecontent/2013-07-15" xmlns:xsi="http://www.w3.org/2001/XMLSchema-instance" xsi:schemaLocation="http://schema.primaresearch.org/PAGE/gts/pagecontent/2013-07-15 http://schema.primaresearch.org/PAGE/gts/pagecontent/2013-07-15/pagecontent.xsd">
    <Metadata>
        <Creator>prov=READ-COOP:name=TrHtr:version=2.1.0:model_id=51170:date=28_07_2023_02:39</Creator>
        <Created>2023-05-10T11:14:37.525+02:00</Created>
        <LastChange>2023-07-28T02:39:19.820+02:00</LastChange>
        <TranskribusMetadata docId="1428136" pageId="55384760" pageNr="66" tsid="131314280" status="IN_PROGRESS" userId="64420" imgUrl="https://files.transkribus.eu/Get?id=JIQNXWVZMAOXKEZOHZGOYTHD&amp;fileType=view" xmlUrl="https://files.transkribus.eu/Get?id=KUDMUMKAMZMLJPTZPWAOPVCS" imageId="44659659"/>
    </Metadata>
    <Page imageFilename="1428136_0066.jpg" imageWidth="6266" imageHeight="4200">
        <ReadingOrder>
            <OrderedGroup id="ro_1711824384814" caption="Regions reading order">
                <RegionRefIndexed index="0" regionRef="tr_1"/>
            </OrderedGroup>
        </ReadingOrder>
        <TextRegion id="tr_1" custom="readingOrder {index:0;}">
            <Coords points="1694,719 5840,719 5840,3619 1694,3619"/>
            <TextLine id="tr_1_tl_1" custom="readingOrder {index:0;}">
                <Coords points="3491,804 5500,833 5777,792 5777,664 3491,716"/>
                <Baseline points="3507,769 3597,769 3686,775 3776,775 3865,775 3955,775 4044,775 4134,775 4223,775 4313,775 4402,775 4492,775 4581,775 4671,775 4760,781 4850,781 4939,775 5029,781 5118,775 5208,775 5297,781 5387,781 5476,781 5566,781 5655,781 5745,781 5786,793"/>
                <TextEquiv>
                    <Unicode>elbst als durchaus ko rrekt. Auch Müllings Bemer</Unicode>
                </TextEquiv>
            </TextLine>
            <TextLine id="tr_1_tl_2" custom="readingOrder {index:1;}">
                <Coords points="1678,895 1743,909 1798,889 1871,936 1938,944 1947,652 1903,646 1816,672 1751,667 1705,705 1687,705"/>
                <Baseline points="1694,894 1771,888 1861,888 1950,882"/>
                <TextEquiv>
                    <Unicode>G.F.P.</Unicode>
                </TextEquiv>
            </TextLine>
            <TextLine id="tr_1_tl_3" custom="readingOrder {index:2;}">
                <Coords points="3450,962 5605,953 5605,886 5383,819 3450,830"/>
                <Baseline points="3466,942 3555,936 3645,942 3734,942 3824,942 3913,942 4003,936 4092,942 4182,936 4271,942 4361,942 4450,942 4540,942 4629,942 4719,942 4808,948 4898,948 4987,942 5076,948 5166,948 5255,948 5345,954 5434,948 5524,948 5613,948"/>
                <TextEquiv>
                    <Unicode>kung, die ein langes Schweigen unterbrach, es</Unicode>
                </TextEquiv>
            </TextLine>
            <TextLine id="tr_1_tl_4" custom="readingOrder {index:3;}">
                <Coords points="1956,1082 1991,1070 2003,1076 2023,1061 2055,1076 2076,1076 2108,1055 2193,1061 2196,947 2166,936 2143,941 2117,924 2088,947 2070,936 2032,941 2014,921 1962,930"/>
                <Baseline points="1974,1050 2022,1050 2111,1044 2201,1044"/>
                <TextEquiv>
                    <Unicode>G.H.F.P.</Unicode>
                </TextEquiv>
            </TextLine>
            <TextLine id="tr_1_tl_5" custom="readingOrder {index:4;}">
                <Coords points="3456,1131 5751,1126 5716,1041 5310,1061 5020,965 3453,979"/>
                <Baseline points="3472,1097 3561,1097 3651,1097 3740,1097 3830,1097 3919,1097 4009,1103 4098,1103 4188,1103 4277,1103 4367,1103 4456,1103 4546,1109 4635,1109 4725,1109 4814,1109 4903,1109 4993,1109 5082,1109 5172,1109 5261,1115 5351,1115 5440,1115 5530,1115 5619,1115 5709,1115 5757,1109"/>
                <TextEquiv>
                    <Unicode>bleibt offiziell dabei, dass einzig und allein die</Unicode>
                </TextEquiv>
            </TextLine>
            <TextLine id="tr_1_tl_6" custom="readingOrder {index:5;}">
                <Coords points="3444,1307 5766,1286 5710,1187 5315,1243 4479,1222 4254,1117 3441,1158"/>
                <Baseline points="3460,1258 3549,1258 3639,1264 3728,1264 3818,1264 3907,1264 3997,1264 4086,1264 4176,1270 4265,1264 4355,1270 4444,1270 4534,1270 4623,1270 4713,1270 4802,1276 4892,1276 4981,1276 5071,1276 5160,1276 5250,1276 5339,1276 5428,1276 5518,1276 5607,1276 5697,1276 5769,1276"/>
                <TextEquiv>
                    <Unicode>Ecarté-Partie der Anlass des Duelis war,erwiderte</Unicode>
                </TextEquiv>
            </TextLine>
            <TextLine id="tr_1_tl_7" custom="readingOrder {index:6;}">
                <Coords points="3444,1433 5798,1474 5774,1345 3444,1316"/>
                <Baseline points="3460,1419 3549,1419 3639,1419 3728,1419 3818,1419 3907,1425 3997,1425 4086,1425 4176,1425 4265,1425 4355,1431 4444,1431 4534,1431 4623,1431 4713,1431 4802,1431 4892,1431 4981,1431 5071,1431 5160,1431 5250,1431 5339,1437 5428,1437 5518,1437 5607,1431 5697,1431 5786,1431 5798,1431"/>
                <TextEquiv>
                    <Unicode>er ernst nichts anderes, als das eine Wort "selbst-</Unicode>
                </TextEquiv>
            </TextLine>
            <TextLine id="tr_1_tl_8" custom="readingOrder {index:7;}">
                <Coords points="3456,1617 5704,1626 5643,1506 3456,1485"/>
                <Baseline points="3472,1569 3561,1575 3651,1575 3740,1580 3830,1580 3919,1580 4009,1580 4098,1580 4188,1580 4277,1580 4367,1580 4456,1586 4546,1586 4635,1586 4725,1586 4814,1586 4903,1586 4993,1586 5082,1586 5172,1586 5261,1586 5351,1586 5440,1586 5530,1586 5619,1592 5709,1586"/>
                <TextEquiv>
                    <Unicode>verständlich“. Mülling fuhr fort: “Ich war übri-</Unicode>
                </TextEquiv>
            </TextLine>
            <TextLine id="tr_1_tl_9" custom="readingOrder {index:8;}">
                <Coords points="3450,1783 5067,1751 5424,1839 5713,1760 5713,1658 4313,1681 3824,1591 3450,1652"/>
                <Baseline points="3466,1742 3555,1736 3645,1736 3734,1736 3824,1736 3913,1736 4003,1736 4092,1736 4182,1736 4271,1736 4361,1736 4450,1742 4540,1736 4629,1742 4719,1742 4808,1742 4898,1742 4987,1742 5076,1742 5166,1742 5255,1748 5345,1748 5434,1748 5524,1748 5613,1748 5703,1753 5721,1748"/>
                <TextEquiv>
                    <Unicode>gens bei der Ecarté-Partie anwesend und ich will</Unicode>
                </TextEquiv>
            </TextLine>
            <TextLine id="tr_1_tl_10" custom="readingOrder {index:9;}">
                <Coords points="3444,1944 5769,1965 5769,1830 4131,1860 3754,1757 3444,1783"/>
                <Baseline points="3460,1891 3549,1891 3639,1891 3728,1891 3818,1891 3907,1897 3997,1897 4086,1891 4176,1897 4265,1897 4355,1897 4444,1897 4534,1897 4623,1897 4713,1897 4802,1903 4892,1897 4981,1897 5071,1897 5160,1903 5250,1903 5339,1909 5428,1903 5518,1909 5607,1903 5697,1903 5775,1903"/>
                <TextEquiv>
                    <Unicode>Ihnen gestehen, dass ich mich selbst noch eine hal</Unicode>
                </TextEquiv>
            </TextLine>
            <TextLine id="tr_1_tl_11" custom="readingOrder {index:10;}">
                <Coords points="3444,2088 5757,2128 5757,1965 5312,2029 3444,1976"/>
                <Baseline points="3460,2040 3549,2052 3639,2052 3728,2052 3818,2052 3907,2052 3997,2052 4086,2052 4176,2058 4265,2052 4355,2058 4444,2058 4534,2058 4623,2058 4713,2058 4802,2058 4892,2058 4981,2058 5071,2058 5160,2064 5250,2064 5339,2058 5428,2064 5518,2064 5607,2064 5697,2064 5763,2064"/>
                <TextEquiv>
                    <Unicode>be Minute lang täuschen liess,-trotzdem mir schon</Unicode>
                </TextEquiv>
            </TextLine>
            <TextLine id="tr_1_tl_12" custom="readingOrder {index:11;}">
                <Coords points="3438,2237 5766,2260 5763,2172 5412,2120 3985,2169 3438,2088"/>
                <Baseline points="3454,2201 3543,2207 3633,2213 3722,2213 3812,2213 3901,2213 3991,2213 4080,2213 4170,2213 4259,2213 4349,2213 4438,2213 4528,2219 4617,2219 4707,2219 4796,2219 4886,2213 4975,2219 5065,2219 5154,2219 5244,2219 5333,2219 5423,2225 5512,2225 5601,2225 5691,2225 5769,2225"/>
                <TextEquiv>
                    <Unicode>die plötzliche Ankunft des Hittmeisters vorgestern</Unicode>
                </TextEquiv>
            </TextLine>
            <TextLine id="tr_1_tl_13" custom="readingOrder {index:12;}">
                <Coords points="3444,2395 5631,2479 5722,2450 5722,2307 3441,2289"/>
                <Baseline points="3460,2344 3549,2356 3639,2368 3728,2368 3818,2362 3907,2368 3997,2368 4086,2368 4176,2368 4265,2368 4355,2368 4444,2374 4534,2374 4623,2374 4713,2374 4802,2374 4892,2374 4981,2374 5071,2380 5160,2380 5250,2380 5339,2380 5428,2380 5518,2380 5607,2380 5697,2386 5727,2386"/>
                <TextEquiv>
                    <Unicode>Abend - denken Sie, vorgestern! - hätte auffallen</Unicode>
                </TextEquiv>
            </TextLine>
            <TextLine id="tr_1_tl_14" custom="readingOrder {index:13;}">
                <Coords points="3427,2535 3462,2535 3506,2564 3538,2547 3634,2541 3652,2552 3810,2550 3810,2465 3754,2479 3666,2476 3576,2450 3485,2479 3427,2456"/>
                <Baseline points="3442,2529 3531,2529 3621,2529 3710,2529 3800,2535 3818,2535"/>
                <TextEquiv>
                    <Unicode>müssen.</Unicode>
                </TextEquiv>
            </TextLine>
            <TextLine id="tr_1_tl_15" custom="readingOrder {index:14;}">
                <Coords points="3754,2687 5257,2696 5432,2778 5763,2716 5763,2634 5581,2599 3754,2631"/>
                <Baseline points="3770,2678 3859,2684 3949,2684 4038,2684 4128,2684 4217,2690 4307,2690 4396,2690 4486,2684 4575,2690 4665,2690 4754,2690 4844,2690 4933,2696 5023,2696 5112,2696 5202,2696 5291,2690 5381,2696 5470,2696 5560,2696 5649,2696 5739,2696 5769,2702"/>
                <TextEquiv>
                    <Unicode>Ich dachte, er sei regelmässiger Sommergast</Unicode>
                </TextEquiv>
            </TextLine>
            <TextLine id="tr_1_tl_16" custom="readingOrder {index:15;}">
                <Coords points="3438,2874 3883,2862 4315,2973 5377,2950 5374,2792 5207,2775 3438,2780"/>
                <Baseline points="3454,2851 3543,2845 3633,2845 3722,2845 3812,2851 3901,2857 3991,2851 4080,2851 4170,2851 4259,2851 4349,2845 4438,2845 4528,2851 4617,2851 4707,2851 4796,2857 4886,2857 4975,2857 5065,2857 5154,2857 5244,2857 5333,2863 5381,2857"/>
                <TextEquiv>
                    <Unicode>in St. Gilgen“, bemerkte Peter vorsichtig.</Unicode>
                </TextEquiv>
            </TextLine>
            <TextLine id="tr_1_tl_17" custom="readingOrder {index:16;}">
                <Coords points="3742,3009 4348,3020 4994,3155 5757,3076 5757,2956 5526,2921 5418,2973 3742,2944"/>
                <Baseline points="3758,3000 3848,3000 3937,3006 4026,3006 4116,3006 4205,3012 4295,3012 4384,3012 4474,3012 4563,3012 4653,3012 4742,3012 4832,3012 4921,3012 5011,3012 5100,3018 5190,3018 5279,3024 5369,3018 5458,3024 5548,3024 5637,3018 5727,3030 5763,3024"/>
                <TextEquiv>
                    <Unicode>"Sie wussten wirklich nichts?" fragte Doktor</Unicode>
                </TextEquiv>
            </TextLine>
            <TextLine id="tr_1_tl_18" custom="readingOrder {index:17;}">
                <Coords points="3412,3204 3506,3196 3590,3254 3827,3257 3815,3023 3775,3006 3728,3020 3666,3009 3506,3052 3403,3023"/>
                <Baseline points="3424,3155 3513,3161 3603,3161 3692,3167 3782,3173 3830,3179"/>
                <TextEquiv>
                    <Unicode>Mülling.</Unicode>
                </TextEquiv>
            </TextLine>
            <TextLine id="tr_1_tl_19" custom="readingOrder {index:18;}">
                <Coords points="3772,3321 4970,3438 5096,3365 5488,3412 5833,3348 5830,3269 5605,3240 3772,3254"/>
                <Baseline points="3788,3305 3877,3317 3967,3317 4056,3323 4146,3323 4235,3323 4325,3323 4414,3323 4504,3323 4593,3323 4683,3328 4772,3323 4862,3328 4951,3328 5041,3328 5130,3328 5220,3328 5309,3328 5399,3334 5488,3334 5578,3334 5667,3340 5757,3340 5840,3340"/>
                <TextEquiv>
                    <Unicode>"Ich weiss nur von einer Ecarté-Partie", er-</Unicode>
                </TextEquiv>
            </TextLine>
            <TextLine id="tr_1_tl_20" custom="readingOrder {index:19;}">
                <Coords points="3421,3485 3479,3514 3605,3465 4096,3497 4143,3462 4532,3494 4532,3389 4201,3412 4073,3336 3421,3316"/>
                <Baseline points="3436,3454 3525,3454 3615,3454 3704,3454 3794,3454 3883,3460 3973,3460 4062,3460 4152,3454 4241,3454 4331,3454 4420,3454 4510,3460 4540,3460"/>
                <TextEquiv>
                    <Unicode>wiederte Peter einfach.</Unicode>
                </TextEquiv>
            </TextLine>
            <TextLine id="tr_1_tl_21" custom="readingOrder {index:20;}">
                <Coords points="3795,3587 4084,3637 4810,3593 5122,3704 5742,3693 5742,3529 4979,3544 4807,3432 3795,3506"/>
                <Baseline points="3812,3573 3901,3585 3991,3591 4080,3591 4170,3597 4259,3597 4349,3597 4438,3597 4528,3597 4617,3591 4707,3591 4796,3591 4886,3591 4975,3597 5065,3597 5154,3597 5244,3597 5333,3597 5423,3597 5512,3597 5601,3597 5691,3609 5751,3609"/>
                <TextEquiv>
                    <Unicode>„Nun“, erklärte Doktor Mülling,“Urpadetzky</Unicode>
                </TextEquiv>
            </TextLine>
        </TextRegion>
    </Page>
</PcGts>
