6184 4280
1758 581 2184 845 ais redie
3455 803 5698 1013 und Gemahlin ware im vorigen Sommer zum ersten
3452 976 5735 1160 Mal in St, Gilgen. Damals hat er sonderbarerwei-
3452 1120 5579 1310 se nichts bemerkt - im Gegensatz zu allen an¬
3463 1285 5579 1475 dern Beteiligten und Unbeteiligen; so dachte
3457 1452 5545 1614 ich, alles sei in Ordnung und jede Gefahr ge-
3469 1571 5599 1770 schwunden,-umso mehr als Urpadetzkys ja nicht
3463 1744 5704 1897 in Wien leben. Ofenbar ist er erst in der letz-
3455 1895 5670 2017 ten Zeit durch anonyme Briefe informiert wor-
3463 2065 5562 2178 den, dass seine Frau und unser Freund - Er
3455 2229 5032 2343 hielt inne und sah vor sich hin.
3900 2292 5718 2507 Peter war erstaunt,beinahe erschüttert.
4439 2468 4646 2558 sche
3457 2468 5718 2652 Er hatte die Lokberger Ehe für glücklich gehal-
3472 2689 5559 2814 ten. Dass Loiberger seine junge, schöne, etwas
3457 2743 5636 2947 rührende Frau hintergehen könnte, das war ihm -
3455 2936 5695 3157 so nahe in diesem Kreise und ihm besonders sol-
3472 3128 5698 3270 che Möglichkeiten und Gedankengänge lagen - das
3472 3250 5318 3446 war ihm gar nicht in den Sinn gekommen.
3849 3421 5627 3628 Und während Müllings Antlitz sich um
3460 3574 5650 3755 verdunkelte, sagte er: "Die arme Gladys." Und er
