6184 4248
5334 398 5494 541 11
3344 624 5524 838 ein Mensch so schnell aus dem Leben ins Nichts
3344 826 5619 1001 schwinden kann. Er war hingesunken wie von einem
3365 965 5655 1167 plitz gefällt und dass der Erzt sich noch nieder-
3365 1152 5578 1322 gebeugt, um hatte, um die Herztöne zu erlauschen,
3368 1295 5489 1461 was war das eigentlich für eine lächerliche
3371 1414 5584 1634 leere Form gewesen, wie wenn man einem Toten
3374 1601 5551 1761 guten Morgen wünschte. Und wie dann Urpadetzky
3380 1690 5625 1925 bedauernd die Achseln gezuckt hatte, zweimal hin-
5117 1838 5548 1942 for a year.
4250 1859 4488 1963 sé ici
3380 1919 5554 2076 tereinander, als ginge ihn die Sache im Grunde
3766 2023 4583 2129 ne se manlvelle
3398 2014 5524 2225 doch nichts an und wie er allein den Waldpfad
3398 2150 5673 2412 in der Richtung nach der kleinen zu zu schreiten
3398 2397 5792 2575 begonnen und seine beiden Sekundanten, seine einsti-
3404 2533 5723 2735 gen Regimentskameraden, ihm nachgeeilt waren - (all
4235 2649 4461 2750 mice
3413 2688 5685 2908 dies sah er vor sich und sah sogar sich selbst
3407 2863 5649 3065 kerzengerade stehen, elegant und vollkommen über-
3410 3020 5696 3228 flüssig, im dunklen Gehrock, wie eine Marionetten-
3407 3211 5643 3362 figur. Er hatte noch Zeit gehabt vor Abgang des
3410 3326 5673 3525 Zugs, ebenso wie Mülling, sich im Hotelzimmer wie-
3407 3475 5762 3721 der als Touriste zu erkleiden. So nämlich, um nicht
