6184 4264
3549 586 5674 829 an sich nicht bedeutungsvolles Vergehen allzu
3549 846 5629 1022 sehwer gesühnt hatte und dessen Andenken von
3560 1002 5683 1174 jeder Schuld freizusprechen sei. Agathen aber
3554 1155 5776 1333 gelang es tatsächlich ihn nicht mit einer Silbe
3574 1327 5717 1477 zu unterbrechen. Und erst als Mülling geendet,
3580 1469 5708 1664 wandte sie sich mit der Frage an ihn,ob schon
3569 1633 5728 1834 irgendwelche Verfügungen an Ort und Stelle ge-
3580 1797 5787 2004 troffen worden seien. Und als Mülling erwieder-
3580 1995 5816 2156 te, dass der Leichnam spätestens morgen Früh von
3597 2122 5844 2338 der Behörde freigegeben werden dürfte, sagte sie:
3608 2312 5804 2482 "Ich werde noch heute Abend zu ihm fahren." Mül-
3597 2482 5748 2632 ling riet ihr ab, der heutige Abendzug käme in
3591 2652 5867 2847 der kleinen (Garnisonsstadt erst nach Mitternacht
3591 2754 5869 2966 an,sie aber nickte beinahe wie befrie###igt sagte
3597 2969 5762 3150 nur:“Ich will ihn noch heute Nacht sehen“ und
3603 3105 5782 3288 es war uns allen klar, dass sie sich noch heute
3597 3266 5697 3453 Nacht Eingang in die Totenkammer verschaffen
3608 3407 5852 3557 wollte. Nun trug sich Mülling an sie zu beglei-
3600 3571 5835 3738 ten, es seien allerlei Dinge zu besorgen und an-
3600 3736 5878 3939 zuordnen, die unmöglich Agathe allein durchführen
