6200 4264
2913 288 3438 508 24.10.1927
1296 480 1552 663 V:S:
3376 426 5504 723 Ein sehr elegaanter Kellner, jedesfalls un-
5185 641 5470 748 dejout
3328 692 5563 889 befangener und selbstverständlicher als die
3316 850 5422 994 meisten Hotelgäste ging lautlos über die
3328 957 5597 1157 verrasse und nickte den beiden Herren, nicht
3333 1118 5603 1318 geradezu herablassend, aber mit unverhohlene
3333 1315 5377 1504 Syppathie zu. Aus der Halle klahgen die
3316 1417 5563 1668 Töne eines (kleines) Tanzorchesters.Das junge
3333 1586 5524 1789 Ehepaar in der Ecke erhob sich. Der leichte
3333 1753 5569 1976 tänzerische Schritt,mit dem es die Terasse
3322 1922 5569 2094 verliess und in dem fast verdunkelten Spei-
4615 2038 4962 2145 Vermite
3345 2046 5433 2281 sesaal verschwand, liess erkennen,dass es
3325 2252 5518 2439 sich unter die andern Paare zu mischen ge-
3333 2382 3712 2540 dachte.
4928 2453 5253 2602 machte
3300 2501 5445 2755 „Zu unserer Zeit“ bemerkte Willi, kättä man
3322 2690 5428 2854 auf Hochzeitsreisen und Reisen ähnlicher
4533 2811 4716 2910 den
3328 2822 5589 3040 Ant nicht erst einen solchen Umweg über den
3322 2989 4691 3139 Tanzsaal ins Schlafzimmer.
3345 3127 5462 3325 Sie schweifen ab,willy,sagte der Schrift-
3328 3300 5428 3528 steller, mit überflüssiger Strenge. Ich
3342 3455 4651 3624 sprach von Ihren Duellen.
3311 3599 5453 3856 Willy schüttelte den vopf. Ich habe komi-
