6200 4264
2940 415 3248 598 16.9.31
5226 482 5412 691 12
3393 671 5525 901 aufzufallen,waren sie am vorigen Tage aus St.
3393 877 5676 1025 Gilgen abgereist. Unwillkürlich,mit einer leisen
3393 1002 5586 1185 Spir von Neid, hatte er während des Umkleidens
3393 1197 5647 1357 gedacht, die Mühe wenigstens hat sich Leuber-
3387 1328 5549 1508 ger ersparen können. Mühling dachte in diesem
3405 1476 5537 1679 Augenblick vielleicht Aehnliches und eine un-
3387 1650 5549 1859 ausgesprochene Frage Peters beantwortend,sagte
3387 1804 5557 1990 er. "Man wird ihn wohl direkt nach Wien schaf-
3399 1993 3646 2150 fen."
3710 2109 5610 2321 Doch wie jene frühere Bemerkung Mühlings
3393 2263 5720 2469 zynisch oder frivol,so erschien Peter diese neue
3393 2431 5598 2614 sonderbarerweise überheblich, ja frech. Man ver-
3384 2591 5601 2795 fügte über diesen armen Leuberger nicht anders,
3373 2789 5612 2943 als wenn er schon hundert Jahre tot wäre. Frei-
3376 2954 5685 3097 lich, dachte Peter weiter, es ist beinahe dasselbe.
3387 3076 5703 3248 Genau dasselbe. Und wer hat denn nun über das Al-
3376 3219 5586 3445 lernächste zu bestimmen? Offenbar doch nur die
3387 3373 5665 3532 Eine, die Witwe. Die Witwe, die noch in diesem Au-
3393 3532 5729 3739 genblick ahnungslos als glückliche Frau durch den
3393 3692 4358 3887 Sommertag spazierte.
