6184 4296
2931 380 3212 603 8/9.31
3922 878 5809 1164 Sie hatten sich entschlossen das Los ent
3457 1138 5739 1267 scheiden zu lassen. Denn, von Minute zu Minute er-
3463 1275 5756 1451 schien ihnen der Gedanke lächerlicher, unsinniger,
3475 1424 5680 1626 grotesker gemeinsam sich bei der gnädigen Frau
3463 1603 5601 1793 melden zu lassen, dann gemeinsam beide, wie die
3463 1746 5809 1933 Mitglieder einer Ballkomitees oder eines Wohltätig
3457 1907 5727 2091 keitskonzerts in den Salon zu treten und endlich
3457 2053 5727 2249 statt der erwarteten Einladung der gnädigen Frau
3475 2241 5786 2390 die Nachricht von dem Todes ihres Gatten zu über-
3469 2390 5777 2545 bringen. Und da doch in jedem Falle nur einer von
3475 2542 5739 2726 ihnen das Wort führen und der Andere nichts
3475 2688 5745 2875 weiter tun konnte, als mit einem töricht-düsteren
3457 2855 5721 3033 Gesicht stumm daneben zu sitzen so war es gewiss
3449 3024 5683 3223 richtiger, wenn nur einer von ihnen die traurige
3457 3171 5736 3337 Mission übernehme und durchführte. Die Frage war
3457 3326 4800 3492 eben nur welcher von beiden.
3922 3454 5721 3662 Das Recht, ja die Pflicht, stand Beiden
3463 3624 5800 3805 so ziemlich in gleicher Weise zu. Und von dem Au-
3457 3800 5721 3966 genblick an, da der Arzt den Tod Loibergers fest-
