6200 4264
3332 502 5502 756 halten vor und nach dem Duell? Wie vielen
3352 656 5608 916 hatte jeder vorher bestanden? Ferner, Ihr ei-
3363 859 5542 1061 gener Anteil in jedem Falle. Wünschten Sie
3375 1027 5608 1227 einen glücklichen Ausgang? Wie oft? Und wie
3380 1207 5537 1383 oft einen unglücklichen? Kam es vor, dass
3392 1272 5642 1523 Sie einem den Tod wünschten? Hatten Sie vor-
3380 1478 5491 1692 her Ahnungen? Erfüllte sich jemals eine?
3369 1586 5662 1900 (Waren Sie selbst erregt? In welchem Grade?"
3782 1763 5676 1982 „Das wäre ja ein fürfhterliches Buch;
4245 1934 4470 2085 d'une
3403 2017 4219 2176 bemerkte willy.
3811 2071 5645 2299 „Das wäre nur der allgemeine statis-
3420 2262 5679 2467 tische Teil. Vorher käme der besondere. Die
3432 2379 5505 2621 geschichte jedes einzelnen Zweikampfes?"
3797 2530 5731 2733 „Sie überschätzen die Einzelfälle (als
3437 2707 5705 2964 solche“), meinte Willy. „Wahmscheinlich auch
3452 2841 5711 3072 die Bedeutung der einzelnen Menschen um die
3466 3027 5611 3272 es sich handelte.) Alles nicht so interes-
3471 3166 5537 3409 santals Sie glauben. Und vor allem viel
3494 3278 5708 3549 leichförmiger als Sie offenbar vorausset-
3500 3617 3771 3785 zen.
3922 3657 5756 3839 „Weil Sie oberflächlich sind, lieber
