6184 4264
3686 654 5651 862 Betrug, es ist keine Lüge. Betrug und Läge
3716 848 5781 1050 wäre es nur.wenn du nach dieser Stunde noch
3700 1014 5750 1178 länger in diesem Hause bliebet und wieder
3705 1158 5822 1350 einem Andern gehörtest." Es war xxx, als bekä-
3705 1308 5928 1477 me jener Reisetraum von früher Gewalt über mich
3722 1483 5382 1679 oder als bekäme ich Macht über ihn.
3985 1677 5750 1846 Agathe erblasste. Sie sah mich an und
3716 1807 5753 1995 ich fühlte, dass mein Antlitz ganz starr ge-
3722 1973 5828 2148 worden war. Sie berührte meinen Arm, als woll-
3722 2142 5773 2358 te sie mich beruhigen. "Wir wollen doch ver-
3711 2300 5759 2491 nünftig sein”,sagte sie. "Oder wir wollen es
3722 2497 5797 2644 wenigstens wieder werden. Ich liebe dich, ja,
3730 2622 5881 2846 aber ich gehöre nicht dir, so wenig wie du mir.
3730 2802 5839 2965 Wir wissen es ja beide. Es war nur ein Traum,
3722 2940 5720 3151 ein Wunder, ein Glück, unvergesslich, ja, aber
3736 3156 4126 3284 vorbei."
4002 3229 5803 3472 Ich schüttelte heftig den Kopf. Alles
3722 3403 5773 3575 was vor dieser Stunde war ist vorbei, diese
3705 3575 5853 3702 Stunde aber hat alles geändert. Du kannst dem
3730 3683 5822 3921 Andern nie wieder gehören, du gehörst mir al-
