6152 4184
3053 229 3402 533 18.10.30
5354 467 5520 648 36
3517 642 5821 909 In mir ist nur die Angst, dass sie es hören könn-
3523 880 5658 1061 te. Aber der Name klingt immer leiser, endlich
3528 1035 5675 1224 verklingt er ganz und, der Zug rast weiter. Wir
3514 1244 5604 1402 reisen, ja, wir reisen, -wir reifen immer fort.
3523 1361 5732 1559 Jetzt sind wir in einem Spielsaal, -es wird wohl
3511 1542 5761 1748 Monte Carlo sein. Wie kann ich nur zweifeln? Na-
3523 1662 5732 1935 türlich ist es Monter ist auf die sitzt am Spiel-
3514 1938 5764 2047 tisch mitten unter anderen Leuten, sie ist schön,
3517 2067 5681 2267 sie ist ganz ruhig,sie spielt,sie verliert, sie
3517 2264 5638 2390 gewinnt,ich schaue nach allen Seiten aus,ob
3508 2405 5744 2519 niemand da ist, der sie kennt und ihr vielleicht
3520 2571 5784 2683 verraten könnte, dass ihr Gatte tot ist. Aber es
3508 2720 5629 2846 sind ja lauter fremde Leute, -braune, gelbe Ge-
3505 2846 5652 3038 sichter, auch ein Indianer sitzt am Spieltisch
3514 3032 5652 3210 mit einem ungeheueren roten Federnschmuck auf
3517 3144 5687 3325 dem Kopf. Da steht Aline in der Türe. Wie, sie
3523 3302 5644 3471 ist uns nachgereist? Nur um es ihr zu sagen?-
4764 3422 5085 3554 Agaije
3511 3477 5818 3646 Also fort, fort. Ich berühre sie nur an der Schul-
3511 3609 5755 3861 ter, sie wendet sich nach mir um mit einem Blick
