6184 4280
3438 613 4837 788 führt worden war. Als Leute von
4944 590 5682 874 Welt und eigent-
3423 750 4778 945 lich nur oberflächlich bekann
4955 836 5604 984 steinander, hat
3435 945 5643 1188 ten sie den eben stattgabten Zweikampf zuerst
3423 1153 5735 1274 nur von der sportlichen Seite aus, beinahe ganz un
3429 1236 5759 1482 persönlich behandelt; - er war auch in dieser Hin-
3414 1408 5717 1597 sicht merkwürdig genug, umsomehr als derartige ka-
3429 1550 5711 1760 valiersmässige Erledigungen seit Ende des Krieges
3408 1707 5610 1986 auch zwischen früheren Offizieren nur mehr sel-
3420 1873 5563 2072 ten sattfanden. Doktor Mülling hatte sich vor
3393 2033 5631 2235 dem Krieg,wie er beiläufig erwähnte,ein paar Mal
3393 2181 5427 2457 ein Mal auch auf Pistolen geschlagen, und P
3382 2421 5480 2626 konnte die Mensur, die er im zweiten Jahr se
3385 2578 5424 2724 Studiums bestanden, überhaupt nicht ernsthaf
3382 2679 5599 2869 nen. Es stand für Peter ausser Frage, dass Dokto
3376 2813 5145 3023 Mülling über die wirkliche Ursache des
5267 2922 5459 3035 uell
3361 2990 5124 3186 ser unterrichtet war als er;- ein Streich-
3361 3150 5604 3334 Partie Ecarte, selbst mit nachfolgenden nur wört
3358 3337 5744 3506 lichen Insultan, konnte nicht Anlass zu den schweren
3361 3459 5634 3711 Bedingungen sein, auf denen Rittmeister Urpadetzk
