6200 4184
5523 501 5692 651 32
4108 607 5834 853 Eine leichte Bewegung Agathens. Ich
3679 812 5809 1022 wandte mich um. Der Diener stand da, jetzt is
3667 981 5800 1177 dunkelblauem Lüstersacco mit Goldknöpfen. Wir
3676 1174 5870 1346 traten ins Nebenzimmer. Es war xxxxxxxx
3659 1330 5809 1518 ,Agathens Boudoir,das Fenster stand
4820 1451 5144 1535 Merterick
3659 1463 5615 1676 offen, wisse Gardinen schlossen uns gegen
3651 1626 5698 1803 draussen ab, Garten und Luft schimmerten mit
3667 1803 5695 1994 unbestimmten Farben durch. (Nun lag auch ein
3645 1953 4908 2091 zweites Gedeck auf, slxxxxx
4144 2122 5867 2271 Wir sassen einander gegenüber „Agathe
3665 2172 5468 2363 jetzt in dunkelbbrunn tödlicher und Gebeklagte
3645 2274 5726 2404 und ich. Der Diener ging aus und ein. Es war
4316 2366 4823 2482 " - most..
4944 2377 5692 2504 Sie einfachts Meckl
5745 2307 5911 2515 in
3637 2427 5817 2637 mit erlesenem Geschmack gedeckt, auch der Kübel
3643 2512 4557 2632 at Gilecah nuss at
3645 2587 5853 2784 mit dem eingekühlten &a Champagner fahlte nicht
3651 2690 5648 2947 Vielleicht wäre es auch so geweschwenn ich
3629 2920 5795 3116 nichts geblieben wäre, Unser Tischgespräch war
3618 3083 5712 3266 natürlich völlig harmlos und musste es sein,
3615 3199 5842 3404 dabei aber gänzlich ungezwungen, nicht von ihrer
3989 3313 4280 3407 A. Worte
3601 3382 5781 3562 sondern auch von meiner Seite. Und doch war es
3615 3540 5698 3717 von allen Gesprächen, die ich je geführt, das
3587 3631 5379 3878 untergründigste und geheimnisvollste.
