6283 4232
3552 701 5654 898 auch nur im geringsten anmerken werde,was in
3552 836 5782 1075 der letzten Stunde vorgefallen war. Aber gleich
3558 1036 5824 1224 las sie offenbar in dem verzweifelten Ernst mei-
3552 1164 5842 1364 nes Blicks, dass meine Mahnung doch etwas anderes
3561 1331 5964 1552 bedeutet haben müsste, als die kleinliche Besorgnis,
3522 1516 5883 1672 dass sie sich etwa verraten könne. Sie hatte eben
3552 1657 5845 1854 noch Zeit zu frage; „Was ist geschehen?“ Ich aber
3558 1848 5460 2033 nicht mehr die Möglichkeit zu antworten.
5122 1949 5961 2092 benachbarten Raum.
3919 1991 5919 2200 Die Schritte hallten shhon im keken. Beate
3552 2182 5937 2334 warf noch einen raschen, angetvollen Blick auf mich
3555 2328 5937 2543 trat rasch in den Salon, ich folgte ihr Aline stand
3552 2451 5343 2675 da, streifte mich nur mit einem rathes
3585 2636 5898 2803 Agathe,ohne sich nur nach mir umzuwenden, trat in
3588 2818 5827 2988 den Salon und ich folgte ihr. Alsine stand da
3606 2970 5889 3140 in der Tür zwischen Salon und Terrasse, streifte
3594 3107 5803 3298 mich nur mit einem ratlos-verwunderten Blick,
3642 3284 5895 3495 fasste die Hände der erblassenden Freundin und
3630 3466 5815 3609 in Thränen ausbrechend schloss sie sie in die
3627 3603 5836 3782 Arme. Agathxxx Agathene Augen aber starrten
3627 3755 5830 3967 vorbei an Aline mit so unerbittlicher Frage in
