6085 4056
5347 374 5624 595 * V
3279 495 3830 704 Einfacher:
3288 686 4897 872 Die beiden Sekundanten kommen.
3282 828 5648 1028 Der Diener führt sie herein. Die gnädige Frau
3297 990 4858 1158 ust noch am See unten, im Bade.
3306 1164 4720 1349 Sollte sie ahnungslos sein?
5035 1155 5571 1453 Nicht Mutterung
3323 1290 5029 1526 (Auch dass es ihrerwegen geschah)
3312 1429 5498 1656 Sie beraten sich wer sie vorbereiten soll.
3335 1641 4325 1818 (Losen vielleicht).
3317 1762 5430 1953 Der Leichnam wird immer Stunde da sein.
3317 1945 4646 2083 Der ältere entfernt sich.
3344 2083 5527 2263 Die Gattin kommt, in vorzüglicher Stimmung.
3335 2219 5560 2434 Ach, ist es wahr,man sagte mir eben, dass sie
3329 2389 3774 2604 da sind.
4714 2413 5103 2581 in de slost
3341 2554 5618 2743 Denken sie, mein Mann ist auf einer Bergtour.
3329 2699 5548 2896 Er kann sich nicht entschliessen es ihr zu
3347 2917 3686 3029 sagen.
3332 2976 4720 3214 Sie immer verführerischer.
3341 3173 4063 3391 Mit ihm fort.
3353 3300 4640 3503 Sie wird seine Geliebte.
3365 3424 5710 3621 Der nächste Morgen. Sie muss, sie will zurück.
