6266 4168
1617 505 1955 784 f¬
3554 657 5688 880 bestanden hatte und die Loibergers Sekundanten
3560 845 5215 1051 ohne Widerspruch akzeptiert hatten.
3924 986 5820 1180 Wäre übrigens die Angelegenheit nicht so
3543 1183 5700 1356 unaufschieboar gewesen, so hätte man wohl auch
3566 1332 5814 1512 einen anderen Zeugen zu finden gewusst als Peter
3554 1494 5791 1682 und es war diesem keineswegs unbekannt, dass man
3543 1647 5697 1834 sich zuerst an zwei ältere Freunde Loibergers
3554 1817 5802 2008 gewandt hatte, die sich aber beide in der Ferial-
3560 1958 5808 2160 zeit auf Reisen befanden und unerreichbar waren.
3531 2140 5656 2336 Peter war eben dagewesen, verkehrte im Hause
3548 2248 5756 2471 Loiberger, war aus guter Familie, liebenswürdig,
3531 2433 5744 2639 elegant und ein wenig Snob, so konnte er sich
3548 2592 5808 2785 dem Ersuchen Loibergers nicht versagen. Es ver-
3531 2774 5779 2947 lief dann alles so rasch und ordnungsgemäss und
3548 2923 5902 3123 am Ende so unerwartet tragisch und unwiderruflich,
3548 3073 5779 3252 dass Peter kaum dazu gekommen war über den Fall
3543 3243 5829 3466 intensiver nachzudenken und dass er selbst jetzt
3537 3454 5720 3607 im Coupé sich jeder neugierigen Frage, ja jeder
3531 3563 5576 3710 persönlichen Anspielung enthielt, empfand er
