6197 4072
2391 131 2639 342 et
155 248 2439 576 ler das bevendigung Volk und
3019 279 5482 593 all dies she is not - und ist siellst -
176 518 2036 842 in l Gegenstel
3033 511 5420 807 and in Ben Neegeselden Hure:-
3026 742 5379 1018 peare deten - at de volltenis mitzl ick.
179 749 2315 1004 not tell & is a mortle and
3039 900 5534 1225 flem, mandant schrof me me huissell fyn..
217 914 2329 1245 wollenhaupt. Dll in Sine
3074 1114 5613 1473 Titiell nach feilgehelt, von Eigen der Juge
307 1156 1925 1442 T.H. Wiele
3053 1249 5544 1601 Mr. D. in C. soct to dess int ou
193 1366 2253 1597 at Bald Down. Bel N.
4171 1480 4923 1625 wisly vide
3057 1556 5837 1832 at the Kollegimium ad Jurist p. vidleich
259 1594 2270 1898 toutes ici licite d fa
3088 1766 5416 2087 I die Cie, & in him with Mr J.C.
245 1866 2129 2170 eiy; - rech, - Mi Ville by
3112 1949 5334 2346 all on t die Gueut inore.
252 2056 2242 2387 of Lensheaar lerlt his
3171 2198 5289 2491 hud Unwillhmlich taufle.
3750 2391 4533 2574 de feuilleur
162 2274 2360 2715 quilut, ou/ d en Serk;
3088 2418 5037 2788 by but til wch Seabour
321 2550 2280 2936 aille in from
3146 2719 3888 3008 respect.
214 2832 2336 3208 de Stup abgebeut; - Va
183 3167 1784 3481 ly pis, wil klei
324 3409 1987 3685 Buchauch - J.
179 3685 2187 3947 bei der H Schmauler quart
