6152 4200
4023 585 5732 820 Am Abend kam Eduard Loiberger an. Er
3655 837 5726 983 hatte seinen Sommeraufenthalt unter dem Vor-
4687 923 4879 1029 XONX
3661 969 5707 1121 wand uxkaastosastaaxxx    ge-
4107 1086 4370 1180 Dolm
3636 1153 5691 1332 planten Klettertouren in den Dolomiten un-
3661 1319 5691 1470 terbrochen,wozu eben jetzt das wundervolle
3682 1459 5642 1660 Augustwetter glaubwürdigen Anlass bot. Wir
3661 1641 5832 1817 begrüsaten ihn harmlos und brachten ihn in den
3655 1803 5642 1998 altberühmten Gasthof auf dem Marktplatz, wo
3666 1968 5707 2136 wir ihm das beste Zimmer hatten reservieren
3647 2147 5786 2291 lassen. Wir nahmen zusammen im Gastzimmer das
3661 2274 5827 2461 Abendessen,plauderten angeregt, tranken,rauch-
3661 2415 5664 2634 ten und y fielen in keiner Weise auf, auch
3647 2575 5762 2735 nicht den paar Offizieren, die an einem Tisch
3666 2767 5762 2940 in der gegenüberliegenden Ecke sassen. (Voll-
3652 2911 5805 3106 kommen sachleih berichtete Doktor Mülling von
3652 3095 5810 3252 dem Terrain, auf dem das Duell morgen stattfin-
3666 3241 5724 3392 den sollte. Es war die übliche Waldlichtung,
3661 3346 5683 3522 wie vom Schicksal zu solchen Dingen auser-
3647 3495 5661 3701 sehen - und ein kleines Wirtshaus lag ganz
3655 3661 5756 3877 nahe, darin, wie Mülling heiter bemerkte, schon
