6200 4344
3284 493 5403 806 dazu Memoiren zu verfassen. ###d übrigens
3278 773 5582 934 fürchte ich, wenn man Memoiren schreibt, fängt
3284 893 5489 1116 man ganz autoratisch zu lügen an, auch ohne
3295 1066 5597 1236 gerade ein Dichter zu sein.Sowie die Dchter
3824 1179 4385 1260 voir de l'année
3292 1206 5642 1409 manchmal unwillkürlich die Wahrheit schreiben.
5131 1316 5585 1412 I am until
4424 1313 4666 1418 belendt
3289 1394 5645 1567 womit ich Sie nicht verletzen will. Im übrigen
3295 1528 5534 1681 aber habe ich ganz bestimmt viel weniger er
3295 1663 5218 1878 lebt als Sie wahrscheinlich glauben.
3654 1857 5549 2018 Der Andere beharrte. -Ich denke nicht
4036 1934 4212 2048 da
3298 1991 5689 2167 an Ihre Liebeserlebnisse, Willi, ich denke nicht
3295 2149 5633 2319 dass Sie eine Konkurrenz mit Casanova, Riche-
5027 2239 5236 2340 well.
3922 2245 4194 2361 Faitte
3307 2284 5558 2481 lieu oder Faux Blas aufzunehmen hätten, izka
4776 2382 5403 2492 des St. Juillet
3319 2451 5600 2594 Von Ihnen wünsche ich etwas ganz anderes. Sie
4576 2552 4767 2672 till
3313 2591 5636 2773 sprachen doch erst heute von dem unglückseli-
3307 2740 5615 2922 gen Duell zwischen Milanick und Hartlieb, bei
3301 2928 5669 3110 dem Sie in diesem Winter sekundiert haben, und
3319 3069 5618 3263 erwähnten.dass es Ihr siebenunddreissigstes
3307 3215 5701 3424 war, ich meine das siebenunddreissigste, bei dem
4591 3325 5340 3415 Von Ihm unerschaut
3301 3388 5618 3552 Sie sekundiertt hatten. Sie sollten ein Buch
4310 3481 4895 3573 meur Miser,
3319 3507 5510 3698 schreiben, das bisher noch nicht existiert.
3319 3660 4997 3863 „Erinnemngen eines Skundanten
