6168 4264
3489 668 4372 824 sah sie in Gedanken
5516 688 5677 826 sie
4463 671 4650 815 or
3489 792 4752 1013 selbst, sondern das etwas komme.
4921 818 5165 968 tione
5323 838 5759 1016 Porträt,
4989 968 5751 1160 berühmten Male
3506 971 4658 1166 zu dem sie vor zwei Jahre
3495 1121 4556 1319 gesessen war und das n
4737 1109 5626 1316 in einem etwas zu sch
3495 1265 5770 1480 ren Rahmen in dem Salon der Loibergerschen Villa
3495 1438 5422 1622 hing, dann erst sah er sie lebendig, aber ge-
3495 1613 5318 1760 höchst lebendig unter einem Himmernder
5603 1610 5762 1772 er:
3489 1749 5134 1961 himmel,im weissen Teuniskostüm,das
3501 1905 5046 2086 der Hand, mit halboffenen Blicken
3495 2057 4851 2261 nachblickend, der zu weit über
3495 2199 5105 2414 erschien sie ihm bei einem Abendes
3501 2366 4984 2572 drei-bis viermal der Woche zwan
3498 2555 5040 2720 visiert in der Villa statt fanden,
3495 2700 4992 2870 haft plaudernd mit dem Herrn an
3489 2855 4845 3014 zugleich einem andern und im
3495 3082 4851 3198 gnügt zuwinkend, als wollte sich
3478 3209 5032 3376 nicht glauben, dass ich Sie indess
3484 3402 5125 3605 auch ihren Gatten sah sie so an und
