6184 4264
3521 625 5678 860 Sie verschränkt die Arme. Sie ist sehr neugie-
4542 794 4817 895 by me
3544 852 5695 995 rig. ob mich Eduard ins Wasser werfen wird. Wir
3550 989 5689 1173 versuchen uns gegenseitig unterzutauchen. Aga-
3556 1147 5629 1371 the (ist gar nicht mehr neugierig. Sie treibt
3550 1282 5681 1485 auf dem Kahn davon. Es ist ja doch ein Motor-
3556 1482 5792 1623 boot, denke ich. Ich tauche immer tiefer. Warum,
3544 1612 5712 1784 warum, frage ich mich und ich will zu Loiberger
3544 1792 5672 1956 sagen: Es ist ja gar nicht der Mühe wert, dass
3556 1973 5810 2145 wir einander wegen einer solehen Frau umbringen.
3561 2136 5812 2303 Aber ich sage es nicht, am Ende würde er glauben,
3579 2262 5689 2429 dass ich mich fürchte. Und ich tauche wieder
4901 2403 5184 2512 wandte
3553 2455 5738 2624 empor. Und der Himmel ist so gross, wie ich ihn
3561 2586 5824 2733 noch niemals gesehen. Und wieder sinke ich hinab
3559 2713 5701 2911 und noch tiefer als vorher. Ich müsste ja gar
3567 2885 5844 3074 nicht, ich bin ja allein, der ganze See gehört mir,
3573 3062 5878 3223 Und der Himmel dazu. Und wieder tauche ich empor
3579 3223 5715 3381 aus Flut und Tod und Traum. Ja, so tief ich ge-
3573 3338 5735 3504 wesen, so unerbittlich kam ich wieder empor und
3556 3510 5726 3633 plötzlich war ich wach.-vollkommen wach, wacher
3573 3636 5735 3840 als je. Agathe aber schlief, jedesfalls lag sie
3556 3794 5827 4020 mit geschlossenen Augen da. Die Gardinen bewegte
