6200 4184
4225 603 4963 798 Zuerst lag ich
4237 772 5872 955 Wir waren auf einen Wiesenhang kin-
3711 926 5878 1063 gestreckt; es war der gleiche, auf dem sie neu-
3979 1012 4360 1115 we had
3708 1081 5966 1275 lich erst an Eduards Seite gelegen war. Ich wun-
3711 1232 5912 1407 dere mich, dass Eduard da ist, weiss nicht recht
3705 1398 5992 1604 warum ich mich wundere sie so ruhig ist,ohne gede
3711 1567 5906 1750 Angst, irgend was Furchtbares ist ja geschehen.-
3714 1735 5795 1861 ich weiss nicht was, denke auch nicht darüber
5689 1835 5958 1973 24 & m A
3691 1887 5889 2013 nach, aber ich weiss, dass wir fort müssen,-flie-
3659 1961 4157 2075 at most
3708 2044 5783 2213 hen und gleich. Dann sitzen wir in einem Ei-
3694 2201 5818 2321 senbahncoupée; das Fenster ist offen, die Vor-
3696 2353 5858 2484 hänge nicht befestigt, fliegen hinmund her,zer-
3688 2507 5832 2639 rissene Bilder wechselnder Landschaften rasen
3696 2676 5992 2793 vorbei, Wälder, Wiesen, Zäune, Felsen, Kirchen, verein-
3691 2767 5915 3013 zelte Bäume, unbegreiflich und ohne jeden Zusam-
3688 2985 5949 3122 menhang. Rasch genug, niemand kann uns nach, nicht
3691 3153 5943 3285 einmal die Leute, die im gleichen Zug fahren; es
3671 3276 5778 3459 ist unfassbar, aber doch ist es so. Plötzlich
3659 3382 5735 3608 höre ich ihren Namen draussen rufen, xx ich
3679 3596 5932 3831 weiss, es ist ein Telegraphenbote, der sie sucht.
