6152 4264
5608 496 5770 658 56
3519 596 5841 838 könne. Sie xxx wehrte mit einer Entschiedenheit
3525 823 5844 985 ab,die jede Widerrede ausschloss. "All das gehört
3519 1006 5779 1183 mir zu“, sagte sie. “Erst wenn alles vorüber ist,
3519 1136 5844 1336 Herr Doktor Mülling,sprechen wir uns wieder."
3508 1319 5838 1510 mich richtete sie kein Wort  Ich war von Bewunde-
3522 1490 5868 1670 rung und von Grauen zugleich erfüllt. Sie richtete
3522 1676 5691 1867 kein Wort an mich. Sie wünschte nun allein zu
3516 1847 5791 2038 sein, nur Aline sollte später wiederkommen, um ihr
3522 2003 5711 2162 bei den Reisevorbereitungen behilflich zu sein
3508 2148 5664 2342 und Weisungen für die Dauer ihrer Abwesenheit
3516 2307 4425 2508 entgegen zu nehmen.
3921 2460 5870 2652 Sie drückte uns allen die Hand. Mir nicht
3510 2599 5832 2794 anders als Aline und Mülling. Sie wich nicht ein-
3499 2794 5331 2974 mal meinem Blick aus, als wir schieden.
3921 2935 5782 3151 Sie reiste tatsächlich noch am gleichen
3490 3080 5794 3289 Abend ab,-allein, und brachte den Leichnam ihres
3493 3242 5862 3452 Gatten am nächsten Morgen nach Wien. Am Tage drauf
3487 3422 5717 3581 fand das Begräbnis statt,an dem natürlich auch
3487 3567 5776 3761 ich teilnahm. Agathe war an diesem Tag für nie-
3481 3714 5629 3918 manden zu sehen. Anden See kehrte sie niemals
