6168 4184
3584 724 5784 915 voll Liebe. Und wieder rast der Zug mit uns da-
3589 878 5803 1066 von. Durch das offene Fenster blickt irgendwer
3589 1061 5697 1207 herein - wie ist das nur möglich? Er klammert
3589 1204 5742 1395 sich offenbar draussen an die Fensterbrüstung.
3600 1372 5789 1538 Er hält ein Stück Papier in der Hand: das Tele-
4796 1485 5004 1577 in the
3584 1541 5680 1709 gramm, gewiss. Ichbstürze ihn hinunter,er kol
3584 1703 5714 1875 lert hinab, ich weiss nicht wohin, -ich seh ihn
3606 1858 5666 1995 ja auch gar nicht. Welches Glück, dass Agathe
3589 2004 5666 2194 gar nichts bemerkt hat. (Natürlich nicht). Sie
3572 2175 5663 2354 hat ja ein grosses, englisches Journal in der
3572 2312 5789 2509 Hand., und liest darin, sieht sich die Bilder an.
3598 2453 5761 2660 Wie komisch, da ist ein Bild, das den Spielsaal
3657 2573 4041 2680 in dem im
4849 2585 5424 2691 inte de spiele
3595 2649 5854 2857 von früher darstellt und sie und mich. Wie rasch
3581 2784 5666 2997 die Nachrichten gehen. Wenn ihr Mann dieses
3586 2963 5736 3115 Bild zu Gesicht bekommt - was wird mit uns ge-
3572 3132 5610 3300 schehen? Wird er auch mich umbringen?, sowie
3575 3264 5192 3460 er den Rittmeister umgebracht hat?
3990 3424 5750 3628 Und mit einem Mal bin ich wieder in
3564 3578 5663 3777 der Villa, in dem Zimmer, auf dem Divan, wo ich
3648 3741 5655 3954 wirklich bin. Es ist wirklich und zugleich
