6200 4264
3347 485 3727 701 Willy.
3841 599 5609 801 „Möglich.Sonst hätte ich mich kaum
3353 769 5538 959 so gut zum Sekundanten geeignet..Freilich,
3364 951 5578 1130 es waren auch Menschen darunter, denen ich
3364 1116 5604 1306 näher stand,Freunde sozusagen. Aber sobald
3392 1266 5604 1442 der Duellfall eintrat, spielten diese seeli-
4301 1405 4471 1488 mois
3404 1414 5604 1624 schen Beziehungen keine Rolle mehr. Ich er-
3395 1590 5587 1754 füllte eine Pflicht,ich war im Amt sozusa-
3395 1746 5678 1930 gen. Und ich erinnere mich kaum, dass ich je-
3406 1891 5638 2061 mals während des Waffengangs sonderlich be-
3435 2038 5618 2226 rührt gewesen wäre. Ja nicht einmal, wenn er
3438 2194 5479 2387 am Ende schlimm ausging,was übrighs nur
3432 2325 5501 2544 drei Mal der Fall war. - Hier stand der
3443 2473 5729 2714 sieger, dort lag der Gefallene und neben ihm
3466 2671 5598 2856 kniete der Arzt. Wort waren die gegeneri-
3446 2793 5731 3020 schen Sekundanten, dort die befreundeten, von
3469 2986 5734 3177 denen einer ich war. Ja, wenn ich zurück den-
3477 3106 5680 3299 ke, sehe ich mich einfach als einen von den
3492 3270 5675 3466 sieben beteiligten Personen,ohne mir einer
3483 3429 5607 3634 nindividuellen Polle bewusst zu sein. Es
3497 3500 5743 3773 war eine Tragädkarku Komödie oder Tragödie,
