6208 4216
3537 668 5640 927 nicht Mülling,ich aber, so schien mir, schwieg
3543 925 5701 1106 noch tiefer in mich hinein als die Andern. Die
3551 1042 5659 1262 sommerliche Stille des Gartens klang herein.
3559 1220 5684 1381 Endlich sagte Agathe - und mir stand das Herz
3551 1379 5695 1604 still, als sie die Lippen öffnete -: "Nun will
3543 1548 5595 1763 ich“,sagte sie,“die ganze Wahrheit hören;“.
3556 1752 5737 1941 und da sie in den Mienen der Andern Befremden.
3543 1897 5782 2086 in den meinen vielleicht einen Ausdruck des Er-
3540 2011 5684 2234 schrebkung gewahrte, fügte sie, zu mir gewandt,
3562 2231 5729 2409 in bewunderungswürdiger Ruhe hinzu: "Sie woll-
3559 2387 5787 2593 ten mir gewiss nichts verschweigen, aber Sie ha-
3559 2540 5712 2768 ben (unwillkürlich) vielleicht versucht mich zu
3548 2715 5768 2910 schonen. Ich danke Ihnen. Aber glauben Sie mir,
3543 2888 5637 3064 ich bin nun gefasst genug, um alles zu hören.
3540 3019 5617 3194 Berichten Sie, Doktor Mülling, von Anfang bis
3556 3186 5623 3389 Ende. Ich will keine Frage stellen, ich werde
3529 3323 5592 3559 Sie nicht unterbrechen" und mit erlöschender
3548 3490 5389 3671 Stimme fügte sie hinzu: "Erzählen Sie."
3941 3646 5706 3902 Sie lehnte an Klavier und ihre Finger
