<?xml version="1.0" encoding="UTF-8" standalone="yes"?>
<PcGts xmlns="http://schema.primaresearch.org/PAGE/gts/pagecontent/2013-07-15" xmlns:xsi="http://www.w3.org/2001/XMLSchema-instance" xsi:schemaLocation="http://schema.primaresearch.org/PAGE/gts/pagecontent/2013-07-15 http://schema.primaresearch.org/PAGE/gts/pagecontent/2013-07-15/pagecontent.xsd">
    <Metadata>
        <Creator>prov=READ-COOP:name=TrHtr:version=2.1.0:model_id=51170:date=28_07_2023_02:39</Creator>
        <Created>2023-05-10T11:14:29.104+02:00</Created>
        <LastChange>2023-07-28T02:39:01.115+02:00</LastChange>
        <TranskribusMetadata docId="1428136" pageId="55384597" pageNr="10" tsid="131314209" status="IN_PROGRESS" userId="64420" imgUrl="https://files.transkribus.eu/Get?id=ZNWOTHXYQTPBFMINSKBNSFCE&amp;fileType=view" xmlUrl="https://files.transkribus.eu/Get?id=AXUBWSZISEULDVEEAXCKKUUT" imageId="44659496"/>
    </Metadata>
    <Page imageFilename="1428136_0010.jpg" imageWidth="6136" imageHeight="4200">
        <ReadingOrder>
            <OrderedGroup id="ro_1711824297451" caption="Regions reading order">
                <RegionRefIndexed index="0" regionRef="tr_1"/>
            </OrderedGroup>
        </ReadingOrder>
        <TextRegion id="tr_1" custom="readingOrder {index:0;}">
            <Coords points="3442,373 5906,373 5906,3935 3442,3935"/>
            <TextLine id="tr_1_tl_1" custom="readingOrder {index:0;}">
                <Coords points="3527,468 3573,474 3619,462 3649,480 3667,462 3692,486 3741,477 3756,462 3778,468 3787,263 3765,257 3713,278 3631,263 3612,281 3576,260 3536,263"/>
                <Baseline points="3543,435 3609,429 3698,423 3788,423"/>
                <TextEquiv>
                    <Unicode>Ziffer</Unicode>
                </TextEquiv>
            </TextLine>
            <TextLine id="tr_1_tl_2" custom="readingOrder {index:1;}">
                <Coords points="3438,838 5570,826 5500,700 4692,627 3989,731 3438,679"/>
                <Baseline points="3454,817 3519,817 3609,817 3698,811 3788,811 3877,811 3967,811 4056,811 4146,805 4235,811 4325,805 4414,805 4504,805 4593,805 4683,805 4772,805 4862,805 4951,805 5041,805 5130,805 5220,805 5309,805 5399,805 5488,805 5578,805"/>
                <TextEquiv>
                    <Unicode>zig Jahre alt. Als Ursache des Duells war mir</Unicode>
                </TextEquiv>
            </TextLine>
            <TextLine id="tr_1_tl_3" custom="readingOrder {index:2;}">
                <Coords points="3432,1016 5665,1016 5695,832 5194,908 3432,881"/>
                <Baseline points="3448,972 3537,972 3627,972 3716,972 3806,972 3895,972 3985,972 4074,972 4164,972 4253,972 4343,972 4432,972 4522,972 4611,966 4701,966 4790,966 4880,966 4969,966 5059,966 5148,966 5238,966 5327,966 5417,966 5506,966 5596,966 5685,966 5703,978"/>
                <TextEquiv>
                    <Unicode>ein Wortwechsel angegeben worden zwischen Eduard</Unicode>
                </TextEquiv>
            </TextLine>
            <TextLine id="tr_1_tl_4" custom="readingOrder {index:3;}">
                <Coords points="3426,1132 5747,1220 5747,1058 5530,1000 3426,1052"/>
                <Baseline points="3442,1121 3531,1127 3621,1133 3710,1133 3800,1133 3889,1127 3979,1133 4068,1127 4158,1127 4247,1133 4337,1127 4426,1127 4516,1133 4605,1127 4695,1127 4784,1133 4874,1127 4963,1133 5053,1127 5142,1127 5232,1127 5321,1127 5411,1127 5500,1127 5590,1133 5679,1133 5751,1139"/>
                <TextEquiv>
                    <Unicode>Loiberger und dem Gegner, dem Uhlanenrittmeister</Unicode>
                </TextEquiv>
            </TextLine>
            <TextLine id="tr_1_tl_5" custom="readingOrder {index:4;}">
                <Coords points="3450,1327 5695,1340 5659,1190 3450,1202"/>
                <Baseline points="3466,1288 3555,1288 3645,1294 3734,1288 3824,1288 3913,1294 4003,1288 4092,1288 4182,1288 4271,1288 4361,1288 4450,1288 4540,1288 4629,1288 4719,1288 4808,1288 4898,1288 4987,1294 5076,1294 5166,1288 5255,1288 5345,1288 5434,1288 5524,1288 5613,1294 5703,1294"/>
                <TextEquiv>
                    <Unicode>Urpadinzky. Den kannte ich kaum.Sonntage war er</Unicode>
                </TextEquiv>
            </TextLine>
            <TextLine id="tr_1_tl_6" custom="readingOrder {index:5;}">
                <Coords points="3438,1483 5714,1517 5714,1346 4099,1401 3802,1324 3438,1389"/>
                <Baseline points="3454,1449 3543,1449 3633,1449 3722,1455 3812,1455 3901,1455 3991,1455 4080,1455 4170,1455 4259,1455 4349,1449 4438,1449 4528,1449 4617,1449 4707,1449 4796,1449 4886,1449 4975,1449 5065,1449 5154,1449 5244,1455 5333,1455 5423,1455 5512,1455 5601,1461 5691,1473 5721,1485"/>
                <TextEquiv>
                    <Unicode>am See gewesen, besuchsweise aus seiner Garnison.</Unicode>
                </TextEquiv>
            </TextLine>
            <TextLine id="tr_1_tl_7" custom="readingOrder {index:6;}">
                <Coords points="3444,1627 3667,1685 4022,1624 4236,1707 5613,1636 5613,1529 5515,1511 5148,1566 4714,1505 4554,1578 3444,1487"/>
                <Baseline points="3460,1610 3549,1616 3639,1616 3728,1616 3818,1616 3907,1616 3997,1616 4086,1616 4176,1616 4265,1610 4355,1616 4444,1616 4534,1616 4623,1616 4713,1616 4802,1616 4892,1616 4981,1616 5071,1616 5160,1616 5250,1610 5339,1616 5428,1616 5518,1616 5607,1622 5619,1622"/>
                <TextEquiv>
                    <Unicode>offenbar nur zum Zwecke jenes Wortwechsels, der</Unicode>
                </TextEquiv>
            </TextLine>
            <TextLine id="tr_1_tl_8" custom="readingOrder {index:7;}">
                <Coords points="3432,1808 5331,1838 5671,1808 5671,1646 4949,1731 3432,1701"/>
                <Baseline points="3448,1777 3537,1777 3627,1777 3716,1777 3806,1777 3895,1777 3985,1777 4074,1777 4164,1777 4253,1777 4343,1777 4432,1777 4522,1783 4611,1783 4701,1783 4790,1783 4880,1783 4969,1783 5059,1777 5148,1777 5238,1783 5327,1783 5417,1783 5506,1783 5596,1777 5679,1789"/>
                <TextEquiv>
                    <Unicode>als Vorwand für das Quell dienen sollte, aber im</Unicode>
                </TextEquiv>
            </TextLine>
            <TextLine id="tr_1_tl_9" custom="readingOrder {index:8;}">
                <Coords points="3432,2010 5720,1991 5738,1847 4594,1899 4013,1805 3432,1881"/>
                <Baseline points="3448,1944 3537,1938 3627,1938 3716,1938 3806,1938 3895,1944 3985,1944 4074,1944 4164,1944 4253,1944 4343,1944 4432,1944 4522,1944 4611,1950 4701,1944 4790,1944 4880,1944 4969,1944 5059,1944 5148,1944 5238,1944 5327,1944 5417,1944 5506,1944 5596,1944 5685,1944 5745,1944"/>
                <TextEquiv>
                    <Unicode>Jahr vorher hatte er den ganzen Sommer mit seiner</Unicode>
                </TextEquiv>
            </TextLine>
            <TextLine id="tr_1_tl_10" custom="readingOrder {index:9;}">
                <Coords points="3438,2190 3735,2120 3802,2156 4022,2123 4203,2193 4395,2172 4408,1994 4301,2019 4111,1985 3692,2062 3438,2007"/>
                <Baseline points="3454,2094 3543,2100 3633,2100 3722,2105 3812,2105 3901,2100 3991,2105 4080,2105 4170,2105 4259,2105 4349,2105 4414,2117"/>
                <TextEquiv>
                    <Unicode>Frau dort verbracht.</Unicode>
                </TextEquiv>
            </TextLine>
            <TextLine id="tr_1_tl_11" custom="readingOrder {index:10;}">
                <Coords points="4041,2325 4940,2273 5445,2331 5769,2276 5769,2175 5631,2147 4041,2175"/>
                <Baseline points="4056,2267 4146,2267 4235,2267 4325,2267 4414,2267 4504,2267 4593,2273 4683,2273 4772,2267 4862,2267 4951,2273 5041,2273 5130,2273 5220,2273 5309,2273 5399,2273 5488,2273 5578,2273 5667,2273 5757,2278 5775,2273"/>
                <TextEquiv>
                    <Unicode>Die Erledigung der Angelegenheit war</Unicode>
                </TextEquiv>
            </TextLine>
            <TextLine id="tr_1_tl_12" custom="readingOrder {index:11;}">
                <Coords points="3444,2471 5812,2456 5812,2355 5622,2309 5108,2380 3444,2355"/>
                <Baseline points="3460,2434 3549,2434 3639,2434 3728,2428 3818,2428 3907,2434 3997,2434 4086,2434 4176,2434 4265,2434 4355,2434 4444,2440 4534,2440 4623,2440 4713,2440 4802,2440 4892,2440 4981,2440 5071,2440 5160,2446 5250,2446 5339,2446 5428,2440 5518,2440 5607,2446 5697,2440 5786,2434 5816,2440"/>
                <TextEquiv>
                    <Unicode>den beiden Herren ofrenbar sehr eilig. Die Bespre-</Unicode>
                </TextEquiv>
            </TextLine>
            <TextLine id="tr_1_tl_13" custom="readingOrder {index:12;}">
                <Coords points="3444,2621 5897,2667 5894,2450 5598,2563 5307,2447 4876,2548 4429,2560 4230,2465 3441,2533"/>
                <Baseline points="3460,2595 3549,2595 3639,2595 3728,2595 3818,2595 3907,2595 3997,2601 4086,2601 4176,2595 4265,2601 4355,2601 4444,2601 4534,2601 4623,2601 4713,2601 4802,2601 4892,2601 4981,2601 5071,2607 5160,2607 5250,2607 5339,2607 5428,2607 5518,2613 5607,2613 5697,2613 5786,2613 5876,2625 5906,2625"/>
                <TextEquiv>
                    <Unicode>chung zwischen den Sekundanten hatte schon am Sonn.</Unicode>
                </TextEquiv>
            </TextLine>
            <TextLine id="tr_1_tl_14" custom="readingOrder {index:13;}">
                <Coords points="3456,2790 5726,2783 5708,2676 3456,2676"/>
                <Baseline points="3472,2756 3561,2762 3651,2762 3740,2762 3830,2762 3919,2762 4009,2762 4098,2762 4188,2768 4277,2768 4367,2768 4456,2768 4546,2768 4635,2768 4725,2768 4814,2774 4903,2774 4993,2774 5082,2774 5172,2774 5261,2774 5351,2774 5440,2774 5530,2774 5619,2780 5709,2786 5733,2792"/>
                <TextEquiv>
                    <Unicode>tag Abend, wenige Stunden nach jenem Wortwechsel</Unicode>
                </TextEquiv>
            </TextLine>
            <TextLine id="tr_1_tl_15" custom="readingOrder {index:14;}">
                <Coords points="3444,2939 5750,2998 5729,2811 5567,2894 4845,2820 3444,2857"/>
                <Baseline points="3460,2923 3549,2929 3639,2929 3728,2929 3818,2929 3907,2929 3997,2935 4086,2935 4176,2935 4265,2935 4355,2935 4444,2935 4534,2941 4623,2941 4713,2941 4802,2941 4892,2941 4981,2941 5071,2947 5160,2947 5250,2947 5339,2953 5428,2953 5518,2953 5607,2953 5697,2959 5757,2965"/>
                <TextEquiv>
                    <Unicode>und zwar in Ischl stattgefunden. Mülling und ich</Unicode>
                </TextEquiv>
            </TextLine>
            <TextLine id="tr_1_tl_16" custom="readingOrder {index:15;}">
                <Coords points="3459,3126 5802,3163 5799,3071 5209,2973 5087,3068 4744,2973 3456,3040"/>
                <Baseline points="3472,3096 3561,3096 3651,3096 3740,3096 3830,3096 3919,3102 4009,3102 4098,3102 4188,3102 4277,3108 4367,3102 4456,3108 4546,3108 4635,3108 4725,3108 4814,3108 4903,3108 4993,3114 5082,3114 5172,3114 5261,3120 5351,3120 5440,3120 5530,3126 5619,3126 5709,3126 5798,3126 5810,3132"/>
                <TextEquiv>
                    <Unicode>waren von Loiberger angewiesen die Bedingungen der</Unicode>
                </TextEquiv>
            </TextLine>
            <TextLine id="tr_1_tl_17" custom="readingOrder {index:16;}">
                <Coords points="3444,3288 5769,3313 5698,3151 5423,3239 4729,3141 4377,3212 3655,3151 3444,3230"/>
                <Baseline points="3460,3263 3549,3263 3639,3257 3728,3263 3818,3263 3907,3263 3997,3263 4086,3263 4176,3269 4265,3269 4355,3269 4444,3269 4534,3275 4623,3275 4713,3275 4802,3275 4892,3275 4981,3281 5071,3281 5160,3281 5250,3287 5339,3287 5428,3287 5518,3293 5607,3299 5697,3299 5775,3311"/>
                <TextEquiv>
                    <Unicode>gegnerischen Sekundanten ohne Widerrede zu akzep-</Unicode>
                </TextEquiv>
            </TextLine>
            <TextLine id="tr_1_tl_18" custom="readingOrder {index:17;}">
                <Coords points="3450,3450 4138,3432 4441,3505 4750,3426 4918,3478 4915,3371 4683,3395 4469,3310 4255,3374 4132,3316 3989,3374 3536,3297 3447,3334"/>
                <Baseline points="3466,3412 3555,3412 3645,3412 3734,3418 3824,3418 3913,3418 4003,3418 4092,3418 4182,3418 4271,3424 4361,3424 4450,3418 4540,3424 4629,3430 4719,3424 4808,3430 4898,3436 4927,3436"/>
                <TextEquiv>
                    <Unicode>tieren; sie waren schwer.</Unicode>
                </TextEquiv>
            </TextLine>
            <TextLine id="tr_1_tl_19" custom="readingOrder {index:18;}">
                <Coords points="4613,3496 4631,3496 4680,3527 4732,3502 4750,3518 4778,3502 4802,3521 4814,3508 4830,3515 4839,3505 4873,3515 4873,3447 4818,3456 4781,3450 4747,3426 4720,3438 4689,3429 4637,3469 4613,3469"/>
                <Baseline points="4629,3496 4719,3490 4808,3490 4880,3496"/>
                <TextEquiv>
                    <Unicode>Abm</Unicode>
                </TextEquiv>
            </TextLine>
            <TextLine id="tr_1_tl_20" custom="readingOrder {index:19;}">
                <Coords points="4010,3603 5738,3640 5717,3423 5279,3542 4007,3447"/>
                <Baseline points="4026,3567 4116,3567 4205,3567 4295,3573 4384,3573 4474,3573 4563,3579 4653,3579 4742,3579 4832,3585 4921,3585 5011,3585 5100,3585 5190,3591 5279,3591 5369,3597 5458,3597 5548,3597 5637,3597 5727,3603 5745,3597"/>
                <TextEquiv>
                    <Unicode>Also am Montag kamen Mülling und ich</Unicode>
                </TextEquiv>
            </TextLine>
            <TextLine id="tr_1_tl_21" custom="readingOrder {index:20;}">
                <Coords points="3441,3759 5833,3781 5830,3612 3438,3634"/>
                <Baseline points="3454,3722 3543,3716 3633,3716 3722,3716 3812,3722 3901,3722 3991,3722 4080,3728 4170,3728 4259,3728 4349,3734 4438,3734 4528,3734 4617,3734 4707,3734 4796,3734 4886,3740 4975,3740 5065,3746 5154,3752 5244,3746 5333,3752 5423,3752 5512,3752 5601,3758 5691,3758 5780,3758 5840,3752"/>
                <TextEquiv>
                    <Unicode>in der kleinen Stadt an. Auf einer Spazierfahrt ge-</Unicode>
                </TextEquiv>
            </TextLine>
            <TextLine id="tr_1_tl_22" custom="readingOrder {index:21;}">
                <Coords points="3438,3897 5640,3989 5616,3790 4322,3842 4209,3771 4062,3833 3435,3765"/>
                <Baseline points="3454,3877 3543,3877 3633,3877 3722,3877 3812,3877 3901,3877 3991,3883 4080,3883 4170,3883 4259,3889 4349,3889 4438,3889 4528,3889 4617,3889 4707,3889 4796,3895 4886,3895 4975,3895 5065,3901 5154,3901 5244,3907 5333,3907 5423,3907 5512,3907 5601,3919 5643,3925"/>
                <TextEquiv>
                    <Unicode>gen Abend besichtigten wir das Terrain, das als</Unicode>
                </TextEquiv>
            </TextLine>
        </TextRegion>
    </Page>
</PcGts>
