6200 4280
3464 640 5645 815 sich plötzlich, ob seine Holle nicht eigentlich
3464 818 5779 972 die schwerere sei. Begegnungen würden vielleicht
3459 984 5729 1130 nicht zu vermeiden sein. Es war nicht vorherzu-
3459 1144 5796 1325 sehen welche. In jedem Fall war er entschlossen
3470 1298 5741 1482 kein Wort verlauten zu lassen und sich sofort in
3476 1482 4757 1651 sein Zimmer zurückzuziehen.
3852 1645 5758 1788 In zwei Stunden folge ich
3473 1785 5691 1951 Ihnen“, sagte er zu Peter, drückte ihm die Hand,
3488 1988 5627 2105 Peter nickte, er kam sich in diesem Augenblick
3473 2146 4900 2300 viel älter vor als der Andere.
3852 2242 5694 2475 Der Weg hinauf, schmal und wohlgepflegt,
3494 2411 5735 2611 führte, an etlichen kleineren Landhäusern vorbei,
3488 2594 5744 2786 In wenigen Minuten zu der hellen, ziemlich gross-
3494 2742 5689 2897 artig angelegten Villa, die Leuberger, natürlich
3499 2920 5750 3080 nach eigenen Angaben, für sich hatte erbauen las-
3505 3068 5651 3234 sen., Sie schien heute Peter weiter als sonst.
3511 3234 5651 3365 Ob er nun langsamer ging oder ob die Gedanken
3494 3345 5764 3528 rascher und vielfältiger durch sein Gehirn
3470 3464 5758 3723 jagten. Es waren nicht so sehr Gedanken als Bil-
