6200 4264
3515 654 5549 860 täglichen Zusammenseins kaum gedacht hatte.
3521 851 5586 976 Und wieder sah er sie in einer neuen Gestalt
3518 1014 5514 1162 vor sich, wie sie vor wenigen Tagen bei dem
3503 1147 5740 1357 letzten Sonntagsausflug auf der Hohenwiese sich
3503 1328 5749 1467 zu kurzer Rast hingelegt hatte; ihr Gatte neben
3495 1447 5647 1638 sie. Sie war ihm nach ihrer Art mit der einen
3495 1627 5714 1816 Hand in die Haare gefahren,es war mehr eine Ge-
3512 1766 5691 1978 wohnheit als Scherz oder Zärtlichkeit; mit der
3506 1958 5546 2132 andern Hand griff sie in das Gras und hatte
3501 2097 5650 2292 einen Halm in den Fingern, den siezwischen die
3506 2251 5671 2391 Sippen nahm. Wie gleichgültig waren diese Be-
3512 2344 5732 2562 wegungen gewesen, er wusste nicht, warum er jetzt
3503 2577 4375 2696 eben daran dachte.
3864 2623 5766 2937 Der Wagen fuhr aus dem Wald indie frei-
3495 2815 5456 3018 ere Strasse ein. Plötzlich lag der See da
3492 3001 5816 3152 glitzernd von tausend winzigen zerrissenen Sonnen
3562 3140 5743 3338 Vom Ufer gegenüber her, das im Dunst der Ueber-
3483 3297 5804 3501 helligkeit sich verschleierte, näherte sich spiel-
3489 3527 5825 3724 zeughaft das putzige Dampfschiff, dessen Schaukel-
