6168 4264
5476 528 5644 673 44
3781 676 5785 946 rasch zu mir und sagte nichts anderes als:
3807 941 5660 1086 "Gen!" Ich blieb wie angewurzelt stehen,
3781 1076 5642 1255 völlig unfähig ihr zu
3794 1245 5774 1411 sagen, was ich sagen musste, ja unfähig auch
3781 1333 4259 1450 überhaupt
3779 1419 5858 1541 aux ein Wort zu reden. Welch
3779 1538 5860 1746 ein Feigling war ich! - (Mich umbringen, nichts
3766 1713 5852 1905 anderes blieb mir übrig. Aber ich konnte ja
3763 1884 5858 2076 nicht einmal einen Schritt tun. Und nur ih-
3763 2056 5793 2225 ren Namen brachte ich jetzt wieder hervor,-
3766 2199 5855 2391 lauter, flehender als vorher.) Sie fasste zart
3753 2383 5728 2539 meine Hand und sprach weiter: "Ich liebe
3760 2466 5839 2718 dich sehr, ich habe es nicht gewusst,wie sehr
3758 2643 5751 2895 ich dich liebe. Du musst es ja nicht glau-
3760 2804 5847 3017 ben. Aber warum sollte ich es dir sagen,wenn
3758 2921 5725 3202 es nicht so wäre. Du sollst es nur wissen,
3745 3129 4407 3264 ehe du gehst."
4145 3230 5730 3482 "Wann sehe ich dich wieder?" fragte
3729 3394 5694 3649 ich. Ich sagte nicht: Eduard ist tot. Ich
3724 3532 5730 3776 sagte nicht: Verzeih mir. Ich sagte nichts:
3737 3701 5720 3911 Ich war zu feig,um es dir gleich zu sagen.
