6200 4184
3084 435 3552 667 13.10.30.
5522 587 5688 735 33
3537 545 3807 776 doch
3582 649 5741 886 Während wir von den Alltäglichkeiten und klei-
3582 844 5715 1031 nen Begebenheiten des Landlebens sprachen, von
3582 1043 5750 1200 abgetanen und geplanten Ausflügen, ja auch wenn
4142 1161 4814 1256 bevorstehenden
3573 1194 5667 1389 Agathe von der sonntäglichen Regatta und der
4707 1306 5804 1452 i-  du Goum Leuburgam
3576 1336 5857 1520 vorraussichtlichen Teilnahme ihres Gatten spraeh,
3516 1484 5700 1700 und obwohl ich keinen Augenblick vergass, dass
3564 1692 5626 1843 Eduard tot war und dass ich nur hergekommen
3564 1849 5854 2012 war, um es seiner Gattin zu berichten empfand ich
3570 1991 5806 2204 doch immer die Wirklichkeit unseres Gesprächs
3552 2177 4604 2337 keineswegs traumhaft-
3564 2284 5937 2512 empfand ich mein Hiersein, dieses Aug in Aug-Sitzen
3564 2453 5756 2690 und Sprechen mit Agathe, das leise Flattern der
3558 2646 5795 2808 Fenstervorhänge, das schweigsame Erscheinen und
3561 2776 5907 2977 Verschwinden des Dieners keineswegs als traumhaft,
4731 2930 5522 3048 niederere ganzen
3552 2954 5878 3125 sondern eher als eine andere, xxxx Art von Wirk-
3561 3105 5949 3285 lichkett. Aus dieser andern Wirklichkeit schrill-
3552 3244 5809 3442 te auch das Pfeifen des kleinen Dampfers zu uns
3537 3410 5786 3576 her, in dieser Wirklichkeit lag den See unten im
3522 3531 5851 3792 Mittagsglanz,in diese andere war auch Aline wie-
