6200 4120
5470 514 5633 677 14
3536 579 5890 830 auch vorbereitet gewesen sein mag." Dann sprachen
3536 827 5862 986 wir beide von allerlei anderen Zweikämpfen,an de-
3554 977 5816 1191 nen wir als Sekundanten beteiligt gewesen waren,
3533 1130 5875 1322 harmlosen und weniger glücklichen,-keiner von uns
5112 1289 5455 1390 mögenen
3542 1350 5972 1482 hatte bisher ein tötliches Duell gesehen. Wir behan-
3560 1448 5914 1653 delten das heutige,so traurig beendete zuerst kei-
3548 1647 5813 1821 neswegs sentimental, sondern eher vom ästhetisch-
3542 1779 5957 1990 sportlichen Standpunkt. Leuberger,wie nicht anders
3560 1959 5963 2143 zu erwarten war, hatte sich famos gehalten, der Ritt-
3539 2100 5911 2314 meister war minder ruhig und viel blässer gewesen,
3551 2268 5789 2464 ja, man hat deutlich gemerkt, dass vor dem ersten
3554 2415 5878 2620 Kugelwechsel seine Hand zitterte. Beide schossen
3554 2587 5881 2780 zugleich, keine Kugel traf ; beim zweiten Gang war
3548 2737 6003 2902 die Kugel des Rittmeisters hart an Leubergers Schlä-
3539 2890 5963 3129 fe vorbeigegangen und Leuberger hatte unwillkürlich
3848 3055 4062 3159 in do
3557 3064 5960 3370 nach der Stelle hin gefasst und nachner gelächelt.
3539 3312 5979 3496 Beim dritten Gang aber, gleich nach dem Kommando, war
3554 3471 5933 3597 er niedergesunken, noch ehe er selbst gefeuert hat.
3548 3603 3744 3784 te.
