6184 4264
3614 596 5610 846 sich stärker in dem (nachmittägigen) Sommer-
3630 873 5729 1018 wind, der um diese Stunde immer vom See heran-
3646 970 5752 1165 zuwehen pflegte. Es konnte ja noch nicht spät
3627 1160 5710 1337 sein. Nach dem Stand der Sonne kaum mehr als
3643 1321 5681 1505 vier, die Stunde also, in der Mülling mich im
3649 1492 5639 1666 Hotel aufsuchen wollte. War dies auch noch
3654 1640 5573 1827 Traum? Alles vielleicht? Auch das Luell?
3670 1727 5620 1985 Und Loibergers Tod? War es vielleicht-mor-
3656 1972 5742 2159 gen und ich schlief- ich in meinem Zimmer im
3656 2109 5734 2317 Hotel? (Dies aber war gleichsam mein letzter
3656 2270 5739 2452 Fluchtversuch. Ich konnte nicht zweifeln, ich
3675 2415 5734 2623 war wach und hier lag Agathe und schlief-sie
4392 2518 4814 2636 Mr thun
3672 2586 5655 2773 wusste nichts. Nun hatte ich nur mehr die
3675 2734 5649 2937 Wahl auf und davon in dieser Sekunde noch
3662 2903 5750 3082 und mit mir ein Ende machen - oder reden, ohne
3675 3074 5763 3248 noch eine Sekunde zu zögern,Agathe aufwecken
3672 3206 5750 3411 und reden. Jeden Augenblick konnte die Nach-
3678 3353 5800 3559 richt da sein. Hörte ich nicht schon Schritte
4935 3461 5164 3564 auf ent¬
3678 3527 5768 3720 im Garten? War es nicht (fast ein Wunder, dass
3841 3633 4134 3767 to be
3678 3712 5726 3899 wir noch nicht gestört worden waren? Und in
