6184 4136
1716 534 2495 760 re Seid dei saab
3422 443 5726 789 dert,vielleicht fiel ihm die Starrheit, der unver-
3435 779 5738 965 ständliche Ernst meiner Züge auf,
3419 955 5744 1119 xyz und mit rasch er-
3432 1106 5763 1270 künstelter Leichtigkeit xxxx ich auf die Uhr
3419 1251 5792 1477 und bemerkte: "Ich hab der gnädigen Frau nur etwas
3425 1430 5726 1606 zu bestellen und wiederholte: “Ich werde warten.“
4076 1618 5798 1798 Der Diener nickte,ging voraus, rückte
3806 1565 4076 1804 enim
3422 1750 5798 1936 den scharlachreten Sessel ein wenig zur Seite (der
3403 1901 5930 2096 die Mitteltüre zum Salon verstellte liess mich vorbei.
3422 2096 5861 2253 wies mit einer unbestimmten Geste auf die verschie-
3419 2228 5873 2417 denen Sitzgelegenheiten ringsum,verschwand im Neben-
3416 2376 5870 2583 zimmer, wo der Tisch zu sehen war, blitzblank mit zwei
3416 2495 5832 2778 Gedecken,schloss die Für hinter sich und liessmich
3956 2665 4239 2901 C. Art.
3410 2690 3796 2860 allein.
4038 2872 5854 3061 Wie ein in Haft Gesetzter vor schwerer
4601 2985 5229 3108 sommerlichen,
3394 3017 5851 3271 Einvernahme stand ich in dem xxxx, aber kühl durch-
3394 3155 5748 3391 schatteten Raum. Was mir zuerst in Auge fiel in
4478 3287 4667 3391 st.
3388 3318 5911 3507 ebenholzerner Schwärse war das Riano und in plötzlich
3809 3432 4641 3548 kommt und doch lassen.
3397 3460 5826 3740 aufsteigender Erinnerung sah ich dankte freundin-
3718 3617 4114 3796 to you
