6184 4136
5384 418 5543 598 25
4144 543 5770 793 Und nun erst, als wäre er von einem
4753 778 5131 891 bemerkte
3630 784 5842 976 gegebenen Worte entbunden, Doktor Mülling:
3653 990 5886 1130 "Die Wahrheit zu sagen, ich habe es kommen gese-
3624 1103 5958 1286 hen, allerdings hatte ich es schon im vorigen Jahr
3635 1312 5929 1458 erwartet. Beide, sowohl unser Freund Leuberger als
3659 1434 5915 1612 Frau von Urpaedinzky - Sie haben ja die Frau des
3635 1626 5961 1765 Rittermeisters nie gesehen, schade - benahmen sich
3641 1800 5848 1928 so unvorsichtig als nur möglich. Der ganze Ort
4675 1908 5038 2004 a tu et
3647 1940 5895 2108 wusste von der Sache, nur der Rittmeister selbst,
3667 2131 5938 2253 obwohler gar nicht selten aus seiner Garnison
3653 2265 5944 2430 zu Besuch nach St. Gilgen kam, hatte keine Ahnung.
3647 2422 5839 2613 Erst im Winter soll er anonyme Briefe erhalten
3647 2608 5866 2750 haben dann ging er der Sache nach und endlich,
3659 2732 5895 2912 ofienbar unter dem ewigen Marter seiner Fragen,
3653 2883 5961 3090 scheint seine Frau gestanden zu haben. Dann mach-
3653 3052 5174 3217 te sich das Uebrige von selbst.“
4048 3209 5267 3365 "Unbegreiflich“, sagte ich.
4054 3363 5961 3554 "Inwiefern unbegreiflich?" fragte Mülling.
4077 3476 5924 3720 "Wenn man eine solche Frau hat, wie Leu-
3659 3673 5892 3862 berger,- ich hielt es für die glücklichste Ehe.“
