6200 4152
3130 249 3444 404 1,10.30
3618 588 5715 834 Noch ehe wir von der letzten Strassenbiegung.
3537 793 5843 999 aus die ersten Bauernhäuser des Dorfs erblickten,
3522 964 5659 1120 hatte sich Doktor Mülling damit einverstanden
3544 1111 5659 1313 erklärt, dass ich als der Fernerstehende Frau
3528 1257 5868 1475 gathe Loiberger die Trauernachricht bringen soll
3528 1450 3721 1612 te.
4029 1584 5759 1786 Der See lag da glitzernd von tausend
3519 1711 5939 1948 winzigen zerrissenen Sonnen. Vom gegenüberliegenden
3522 1857 5759 2103 Ufer her, das im Dunste der Ueberhelligkeit sich
3528 2078 5905 2305 verschleierte, näherte sich spielzeughaft das putzi-
3503 2262 5796 2411 ge Dampfschiff, dessen Schaukelwellen das badende
3519 2374 5883 2585 junge Volk sich immer entgegenfreute. Bald hielten
3503 2520 5700 2744 wir vor dem Gasthof, der sich ohne zureichenden
3506 2710 5927 2893 Grund als "Grand Hotel" bezeichnete; ich stieg aus
3506 2865 5865 3086 Doktor Mülling liess sich von dem Kutscher weiter-
3491 3021 5843 3229 führen zu der Villa, in der er ein Zimmer gemietet
3485 3195 5980 3425 hatte, drückte mir die Hand und erklärte, dass er mich
3475 3373 5417 3513 um vier Uhr Nachmittag aufsuchen wolle.
3948 3429 5759 3699 Ich vertauschte den Touristenanzug, der
3463 3584 5899 3892 mir für meine Mission doch wenig angemessen schien,
