6184 4360
3290 695 5630 940 ter und zärtlicher als jeden Andern,- dann sah
3296 933 5646 1116 er sie, so hatte er sie zuletzt gesenen - in einem
3290 1084 5610 1283 Huderboot, ihm gegenüber, den weissen Bademantel um
3296 1243 5630 1446 die Schultern, eine Zigarette zwischen den Lippenh,
3277 1446 5630 1593 mit funkelnden blauen Jugen und über ihrem wirren
3293 1563 5725 1753 schwarzen Lockenkopf stülpte sie plötzlich die Bade-
3290 1740 5783 1919 haube. Sie spürte selbst, wie komisch sie dann aussah,
3277 1880 5803 2086 stülpte sie noch tiefer,warf den Mantel ab, liess sich
3290 2046 5672 2219 ins Wasser sinken und schwamm davon mit edeln, gros-
3290 2193 5607 2353 sen,weiten Bewegungen,wie sie eigentlich zu ihrer
3283 2383 5610 2516 zierlichen Figur nicht recht passten; sie blickte
3296 2487 5610 2683 zu ihm zurück und lachte ein wenig, vielleicht weil
3290 2650 5689 2859 er zu rudern vergass und ihren Bademantel mit bei-
3296 2794 5780 3006 den Händen festhielt.; plötzlich serschwand sie ganz
3303 2963 5920 3153 unter dem Wasser,sekundenlang,mit ein Mal war sie wieder
3345 3120 3610 3221 neben
3287 3104 5718 3355 im dem Boot, hielt sich mit einer Hand daran
3309 3280 5754 3476 fest und schaute zu ihm auf,nicht lächelnd, wie mei-
3290 3424 5774 3655 stens, sondern eher wie fragend. Sie waren nicht sehr
3476 3610 5816 3838 nahe vom Ufer. Von der Galerie der Schwimmanstalt
