6168 4344
2980 363 3326 601 7./9.31.
5358 547 5537 707 10
3641 702 5688 902 sahen manche zu ihnen herüber und erkannten
3646 886 5697 1070 sie kaum, und über ihnen und dem See flimmer
3627 1111 5621 1254 te der Sommer dunkelblau von Berg zu Berg.
3936 1246 5724 1411 "Die arme Gladys", sagte Peter vor sich
3622 1379 3846 1560 hin.
3968 1539 5572 1717 "Noch nicht", meinte Mülling,"noch
3616 1709 5759 1885 nicht arm“. Und Peter empfand diese Bemerkung
3630 1893 5626 1996 als frivol, fast als zynisch. "Noch hat sie
3611 2034 5656 2183 nämlich keine Ahnung“, setzte er hinzu. „Sie
3632 2164 5734 2354 vermutet ihn in diesem Moment auf einer Dolo-
3595 2311 5626 2468 mitentour. Solche kleine Ausflüge waren ja
3597 2484 5691 2641 keine Seltenheit bei unserm Freund, zuweilen
3603 2636 4897 2790 fanden sie wirklich statt.
3920 2758 5607 2966 Sie schweigen wieder eine Weile und
3592 2947 5705 3142 schauten Beide durch das geöffnete Coupéfen¬
4264 3061 4594 3164 Hicher
3584 3112 5726 3256 ster in die grünende Landsshaft hinaus. Peter
5233 3232 5740 3337 gefallenen
3600 3229 5775 3451 aber sah sie xxx gar nicht; er sah den
3584 3413 5721 3603 Leuberger und wunderte sich erschaudernd, dass
