6168 4264
3528 626 5592 940 spielten mitnden Fransen des Shawls, und mit
3519 866 5797 1053 keinem Zucken ihrer Lippen verriet sie sich oder
3525 1017 5877 1299 mich, während Mülling erzählte. Anxakxxxxsinns-
3516 1233 5749 1480 Aline hatte sich auf den Stuhl am
3511 1402 5663 1592 Klavier sinken lassen und stützte den Kopf in
3522 1548 5711 1776 die Hände. In all seiner inneren Bewegung kam
3514 1684 5714 1921 Mülling die berufsmässige Gewohnheit zustatten
3519 1844 5791 2126 wohlgesetzt vor der Oeffentlichkeit zu reden. Er
3522 2037 5823 2250 berichtete den Verlauf der Angelegenheit von dem
3511 2176 5714 2416 Moment an, da wir beide, Doktor Mülling und ich,
3499 2330 5820 2612 Eduard am Bahnhof der kleinen Stadt erwartet hat-
3519 2491 5823 2752 ten, bis zu dem Augenblick, da Eduard am Waldesrand
3499 2645 5776 2941 tot hingesunken war und es war mir offenbar, daas
3505 2829 5636 3092 er seinen Bericht schon ein oder mehrere Male
3487 3007 5868 3226 zum Besten gegeben hat
3487 3199 5776 3428 im seit xxxx von ihm getrennt hatte. wir uns
4516 3315 4877 3419 mais en cette
3487 3342 5826 3552 am Tor seines Gasthofs getrennt hatten. Er sprach
3475 3531 5805 3712 im übrigen als hielte er ein Platdoyer für jeman-
3481 3602 5696 3917 den, der ein längst abgetanes, vergessenes, schon
