6200 4136
5405 457 5566 624 20
3408 592 5661 860 mit einem dunkelgrauen Anzug, wählte mit Bedacht
3430 819 5695 983 eine schwarzgestreifte Kravette. Ich war am Ende
3421 961 5673 1153 nur auf meinen Geschmack, ja auf eine Intuition
3437 1118 5787 1301 angewiesen, denn für einen Besuch, wie er mir bevor-
3430 1263 5714 1455 stand,gab es begreiflicherweise keine allgemein
3449 1436 5761 1673 giltigen Vorschriften. Bedrückten Herzens machte
3430 1610 4467 1818 ich mich auf den Weg.
4041 1755 5774 1975 Seitab hinter dem Gasthof führte ein
3449 1909 5812 2133 abkürzender Pfad mit gelegentlichen Ausblicken auf
3443 2110 5758 2262 den See an etlichen kleineren Landhäusern vorbei
3449 2274 5856 2466 zu der weissen, für meinen Geschmack etwas zu gross-
3456 2435 5768 2602 artigen Villa, die Loiberger, natürlich mit eigenen
3468 2592 5708 2785 Angaben, für sich hatte erbauen lassen. Ich ging
3462 2725 5954 2967 übertrieben langsam, damit nicht gleich ein zu rascher
3462 2907 5799 3128 Item mich verriete, doch fühlte ich mich im ganzen
3456 3056 5988 3267 ziemlich ruhig oder wenigstens gefasst. Ich sagte mir,
3456 3213 5894 3396 dass ich einfach eine Pflicht zu erfüllen hatte, das
3462 3374 5872 3563 wollte ich in möglichst guter Haltung tun; von mei-
3449 3537 5809 3742 ner innerlichen Beteiligung durfte ich nicht mehr
3462 3679 5846 3887 merken lassen, als xxx gute gesellschaftliche Form
