6216 4168
4773 495 5295 714 dortley an
3770 601 5771 858 der zurückgekehrt und in ihr lag
3745 774 5899 1025 Mann.den ich heute Morgens tot am Waldesrand
3751 984 5946 1186 hatte hinsinken sehen. Wirklicher als all das -
3748 1181 5804 1340 war, was zwischen Agathe und mir hin und her
3740 1323 5883 1525 schwebte, war nicht, was sie sagte, doch der Ton
3748 1463 5787 1706 ihrer Stimme, war ihr Blick, ihr Wunsch,unser
3748 1638 4262 1870 Verlangen.
4221 1799 5976 1968 Das Mahl war zu Ende. Der Diener kam
3721 1946 5170 2121 nicht wieder, wir waren allein.
4336 2151 5801 2299 Agathe stand vom Tische auf,sie
3726 2266 5763 2463 trat auf mich zu, nahm meinen Kopf in beide
3715 2430 5776 2608 Hände und küsste michauf die Lippen. Es war
3707 2553 5858 2783 kein glühender Kuss, er war sehr milde, or war
3701 2780 5856 2933 wie eine Feierlic mehr Güte als Leidenschaft
3715 2922 5880 3114 war in ihm, er war geschwisterlich und doch be-
3701 3073 5883 3272 rauschend, er war Feierlichkeit und Wollust zu-
3691 3212 4060 3373 gleich.
4522 3319 4746 3442 pale
4287 3398 5965 3598 Und von ihrem Arm umschlungen glitt
4705 3491 4967 3587 loom
3685 3527 5457 3718 ich in einen Traum in hundert Träume.
