6200 4152
357 490 550 663 ...
3731 590 5871 788 erhob, sah ich den ihren mit einer Art mir un-
3720 723 5820 865 erwünschten Einverständnisses heiter in mein
3720 862 5820 1021 Auge sprühen. Da standen sie nun beide—in
3717 1006 5902 1185 all ihrer Gegensätzlichkeit, fast schwesterlich
3720 1177 5931 1347 anzusehen die dunkle Aline ganz in leuchten-
3725 1375 5798 1525 des Gelb,die blonde Agathe in sanftes Hell-
3728 1514 5874 1675 blau sommerlich gekleidet,und in all ihrer Ge-
3717 1656 5826 1848 gensätzlichkeit fast schwesterlich anzusehen.
3708 1820 5951 2019 Beide trugen die breitkrempigen Florentinerhüte
5421 1996 5591 2098 nako
3708 1996 5778 2180 wie sie damals modern waren,Agathe hatte den
3697 2163 5860 2347 ihren schon abgenommen und auf das Klavier ge-
3688 2299 3969 2540 legt.
4363 2466 5815 2668 "Nein.Liebste", sagte Aline," ich
5151 2628 5313 2722 tâte
3680 2637 5809 2812 kann leider nicht bleiben. Ich werde begreif-
3674 2818 5954 3031 licherweise zuhause erwartet." Und sie gab sich
3674 2960 5829 3170 keine Mühe ihr Vergnügen zu verbergen, das sie
3649 3110 5157 3325 über ihren bescheidenen Anteil
4315 3283 5820 3459 Agathe redete ihr wohl noch ein
5333 3422 5545 3530 ^ being
3668 3436 5758 3649 wenig zu, aber es klang nicht sehr ernsthaft.
3651 3578 5880 3836 Und während sie zu der Freundin sprach streifte
