6168 4264
2097 639 2333 843 G.H.F.P.
3466 594 5711 867 die meinen,als wollte sie die Antwort aus mei-
3466 855 5687 1059 ner Stirn saugen; ich xxx ermseligen,mit
3490 1053 5678 1227 einer jammervollen Gebärde legte den Finger an
3478 1192 5702 1360 meinen Mund und spürte selbst, dass diese armse-
4617 1298 5338 1428 an Agathe
3484 1349 5767 1573 lige Gebärde xxx die Bitte bedeutete mich nicht
3496 1556 5536 1730 als sich zu verraten. In ihrem
3484 1689 5809 1866 Blick aber war mehr als ich je in einem Menschen-
3502 1819 5814 2050 blick gesehen: Ahnung.Wissen sogar, auch Empörung,
3496 2029 5814 2236 Verstehen, Verzeihen, ja, vielleicht etwas wie Dank.
4001 2174 5699 2393 Nun stand auch Mülling in der Türe
3502 2298 5874 2579 zwischen Salon und Terrasse, zwisehen Schatten und
3496 2526 5820 2715 Licht. Sein Auge streifte mich wie fragend. Meine
3508 2677 5826 2892 Anwesenheit erklärte sich für ihn gewiss ohnewei-
3493 2816 5791 3002 ters so, dass ich es nicht über mich gebracht die
3499 2981 5687 3215 unglückliche Frau, nachdem ich ihr die traurige
3475 3144 5702 3366 Kunde gebracht, xxxx allein zu lassen. Er trat
3499 3292 5785 3499 auf sie zu und drückte ihr wörtlos die Hand. Wie-
3502 3469 5735 3620 der xxxx auchte sie vorbei an Mülling meinen
3478 3629 5741 3851 Flick. Niemand sprach, nicht sie, Aline nicht und
