6184 4152
3102 374 3494 595 9.10.30
4397 470 5821 676 der Raum behersten dann
3563 625 5881 864 in ebenholzener Schwürze
4520 781 4825 885 werk
3569 841 5725 984 den Ramm und xxx die Erinnerung
3581 945 4251 1050 der letzten, von
4349 948 4735 1050 -ment.
3575 984 5899 1131 eines ganz nahen Abends stieg lebendig in mir auf.
3664 1104 4927 1205 den ich hier entrecht heilte,
3566 1167 5824 1355 Ich sahligathens Schmale-Finger über die Tasten.
4463 1262 4983 1370 begleitete
3557 1319 5612 1469 schw-eben Agathe xxx Freundin Aline
3563 1427 5791 1612 zu einem Schubertschen Lied. Ich sah ihre schmö¬
3575 1627 5627 1804 len Finger über die Tasten schweben, ja ich
3581 1774 5695 1995 glaubte beinahe Alinene Stimme zu hören: "Dir
3578 1944 5809 2142 Blumen und Kränze, Sylvia...“ Später, während die
3572 2127 5845 2315 übrige Gesellschaft noch im Salon geblieben war.
3566 2267 5875 2459 sass ich draussen im Garten allein, von der lauen
3569 2420 5809 2620 Nachtluft. der Musik und wohl auch von dem Cham-
3569 2558 5806 2806 pagner, der bei den Gesellschaften im Hause Loi-
3581 2722 5827 2896 berger kaum jemals fehlte, leicht benommen, ja be-
3551 2887 5767 3111 glückt. Vielleicht schlummerte ich sogar. Denn
3554 3045 5707 3251 wie (mitten) durch einen Traum spazierte Agathe
3557 3213 5746 3410 mit irgend einem Herrn an mir vorbei. Ich saas
3542 3359 5950 3557 im Dunkel, so bemerkten sie mich anfangs gar nicht.
3530 3518 5713 3715 Mötzlich aber entdeckte mich Agathe, nkts und
