4280 5176
1940 343 2274 483 -, - 1
1313 512 2935 703 (Ja...schen lange seh" xxx
1339 681 2973 820 Die Ihr begeistert Eure Jugendzeit
1231 805 3148 948 Den schönsten Ziele Burer Kunst geweiht.
1237 941 3193 1040 Das Höchste, Jüngling, könntet Ihr erreich
1240 1018 3155 1170 Wenn Einer - werdet Ihr Alkandi gleichen
1237 1151 3126 1342 O, König Assad will mich nur beschänen.
556 1173 744 1358 Ir###
1247 1288 3034 1463 Ich bitt' Buch, eine Gnade anzunehmen,
1231 1393 3597 1650 Die ich für Buch ersann.. Im Schloss das Treiben,
1234 1545 3431 1720 Schon lange merk' ich's, es behagt Euch nicht,
1231 1670 3132 1800 Ich sehe klar, was Eure Miene spricht:
817 1704 983 1879 G.C.P.
1240 1774 3794 2010 ro, könnt' ich fert, e müsst! ich hier nicht bleiben!“
1237 1911 2624 2143 Mein König, diese Meinung...
566 1930 916 2115 Treil:
2067 2064 2487 2229 receu le
1641 2118 1943 2255 G.C.H.F.F:H
2547 2077 3078 2236 O, gemach,
566 2099 1056 2306 Assad:
1227 2229 3377 2382 Ich fühl' es Euch, dem wahren Künstler, nach,
1243 2321 3202 2455 Ich geb' Bach Bare Freiheit drun vollauf.
1240 2420 3275 2576 Und wenn Ihr einen Rat mir noch gestattet:
1231 2576 3301 2732 So sucht, vom Lärm des Hofes tief ernattet,
1237 2668 3094 2814 Am Strande unsern eig'nen Landsitz auf.
1231 2719 3339 2954 Die Jahresseit ist spät... Ihr solltet eilen,
1218 2887 3126 3046 Zumal der Weg dahin dreihundert Meilen.
2687 3015 2862 3151 G.F.P.
2251 3018 2487 3158 G.C.H.F.P
1237 3018 2175 3199 Mein König!
566 3024 884 3228 Treil:
1940 3107 2989 3247 Johann's nicht aus und 1
1708 3218 3053 3361 O, erlasst mir Euren Dank...
553 3193 897 3355 Assed:
1231 3272 3164 3473 Der Stadtluft Dumpfheit macht den Sänger
1237 3447 3275 3571 Zu lang schon trugt Ihr Euer Los geduldig,
1237 3523 3399 3692 Der König ist den Künstler Freiheit schuldig!
1253 3644 3428 3797 ...Lebt vohl! Der Abschied in der Morgenstunde
1240 3775 3323 3915 Sei Buch erlassen...Denn gewiss, Ihr vollt
1253 3886 3352 4032 Schon in der Früh davon. Ihr gebt mir Kunde,
1689 4004 3317 4194 an Ziebe! Sei das Glück Buch held!
1234 4156 3460 4312 (Der König. dessen Worte immer befehlender
2000 4236 3622 4420 sich von Irstl abgevendet, der
1654 4420 2201 4544 auf verborgt werden.
1984 4516 2178 4706 au été d
2903 4681 3066 4853 vot.
1240 4671 1517 4853 Habt.
