4328 5240
2387 477 2891 628 ich zufrieden
3002 567 3310 742 orgen,
2384 594 2743 752 allten
2035 725 2505 873 erführt's an
1759 839 2757 997 aber, allzutief ergr.
2760 947 2951 1088 I was
1642 970 2699 1108 einen Dachs mit Euch
1615 1071 3119 1209 das Volk des Fürsten Schmach von
1628 1172 3206 1330 unem Grell und Barer Schuld ersteilt.
1830 1262 3606 1450 will ich, einsam- unerkannt, schlief.
1914 1370 3643 1558 trauarvalle Nandtrung machen -
1269 1430 1840 1568 Mich auf die
1659 1494 3465 1659 Den Gehorsam prüfen rings in Land tief.
1276 1544 1484 1682 Selb
2736 1561 3908 1746 Wachen! Sie trauverloren
1266 1632 2696 1800 Und über seinen heiligen Willem
1289 1722 3851 1907 gesprochen, (Nendet sich zum Sehen) xxxlung. I
3260 1813 4016 2031 en. Anfangs bleibt
1266 1843 3294 2035 Tu" immerhin, was dich der Wahnsinn heisst
591 1860 1017 2072 Königin:
1269 2001 3267 2169 Chumächtig bleibst du vor Alkandi's Geist!
1266 2125 2975 2250 Und kommt dir irgendwo auf deinen Weg
1283 2199 3368 2380 Im Traun versunken, ein Poet entgegen:
3018 2297 3206 2417 M.M.
1276 2297 3421 2528 Se denkt, dass stumm durch seine Seele sieht,
1262 2458 3294 2615 Was du nicht töten kannst: Alkandi's Lied!
2226 2555 3190 2699 einen Feind bezwang,
1316 2585 2156 2736 Nun aber, da ich 1
1236 2622 3757 2847 (Es senkt sich ein Mittelvorhang. In Orchester ertönt
1266 2834 3687 2958 die selbe Weise, die früher zu hören war. Die Szene
1266 2921 3703 3096 stellt eine Landstrasse nahe dem Walde dar; in der
1272 3069 3797 3233 Ferne eine Stadt. Es erglüht in Hintergrund von einem
1269 3206 3938 3347 erlöschenden Feuer ein gestürztes Moment in der Ferne.
745 3163 1078 3374 Bnigin:
1266 3304 3958 3452 König A a a 4, in einen Mantel gehüllt, tritt auf. Grau¬
1283 3415 3898 3589 ender Morgen. Während des man folgenden Selbstgesprächs
1843 3539 3035 3740 Cheater die Musik leise v.
1266 3546 1736 3740 klingt im
598 3784 950 3965 Assad:
2142 3787 2998 4016 Grund ich atse fre
2105 3965 2867 4157 erfüllt, das Werk
2018 4110 2840 4264 Alkandi's Melodei.
1272 4113 1450 4274 Vor
1699 4224 2411 4388 an die letzten Frühren.
2498 4234 2867 4388 8th. Nr 9
