4360 5272
3387 588 4082 837 ateln los.
631 828 1039 1043 Königin:
1223 481 1438 1000 bei
3361 927 3563 1090 P.S.
2807 936 3168 1099 unglührt
2794 1052 3898 1219 Münter dem Vorhang hört.
3031 1176 3898 1369 ein Lied singt.
2627 1189 2927 1344 gne pfle
1296 1326 3301 1468 O, nicht doch! Hören will ich Eure Lieder!
605 1301 996 1494 Assad:
1283 1451 3460 1704 Bleibt immerhin und ruht: es wird mein Singen
610 1459 1060 1704 Königin:
2357 1575 2520 1687 G.C.F.P.
1708 1580 2322 1756 (Spöttisch)
1283 1653 3614 1841 Verhallend nur in Euren Schlummer dringen!
640 1687 798 1919 G.F.P.
1279 1721 3971 1987 Konnt, Irsili...Zee! Lass den Verhang nieder! die König
1288 1880 4104 2129 (Königin, Zee, Irsil ab,- Der Mittelverhang rauscht neider)
610 2030 4061 2284 Assad: (allein) Ich aber trag' mein löst In allen Landen stehen, der sich
3284 2116 3983 2284 getreten. Sie
1283 2193 3159 2348 Bleibt Kenner sowie Künstler unverstand
1331 2245 3932 2438 ende (zu Alkandi's Büste gewendet), streift in vorbei¬
3357 2284 4168 2558 ohne wird ziemlich
1296 2369 3357 2571 An deinen Schicksal kann ich mich erbau'n.
1288 2545 3176 2747 Wann hat man deine Grösse denn erkannt?
1296 2640 3086 2816 Wie einsam irrtest du als junger Fant
1301 2777 2790 2975 In meines königlichen Vaters Gatt-
2936 2769 3361 2932 nach ihm
1314 2906 3434 3026 Wie spät erfuhr man deines Ganius Kraft -
1309 3009 3344 3121 Wann beugte man sich deiner Meisterschaft?
1288 3061 3511 3288 Erst als dein Haar zu bleichen dir begann -
700 3039 1013 3292 Assed.:
1309 3215 3219 3374 Von Greise sagten sie: das ist ein Mann!
1296 3279 3790 3541 Begeist'rung sub xxx an in Herd und Säden, herauschte.
2773 3460 3352 3606 11t.
1288 3464 2661 3649 Ist dir in deine Klause nach
1301 3589 3438 3722 ?Ja, wisst Ihr, vor in uns’rer Mitte weilt?“
1301 3683 3211 3833 Verspätet fand der Ruhn den Allzumüden!
1309 3833 3327 3971 Der Menge Ruf, der tosend zu dir schallte,
1318 3928 3249 4065 Vor einer Krankenstube Tür verhallte.
1760 4026 3043 4164 ein Weib zu deinen Füssen zu
2958 4095 3443 4254 ###te dort?!
2472 4730 2773 4893 eines
2661 4829 3185 5014 dein Lied
1708 4851 2060 4996 an lieben
