3064 3720
741 242 1023 421 Ul.
1072 261 1357 434 Koter
529 437 2540 654 Der tiefste Grund der Feindseligkeit zwischen
896 602 1031 678 ZUm
535 581 2695 771 Künstler und-Kritiker hin ist der, dass der Kriti-
1509 711 1848 792 in cleget
524 711 2695 898 ker, und wäre er der letate, sich im Augenblick,
535 858 2692 1037 da er die Föder ansetzt, über den Künstler erhaben
2586 944 2727 1029 iket.
548 972 2570 1167 ja fühlen muss und dem leser dieses Gefühl der
529 1115 2570 1303 Ueberlegenheit schon durch den Ton mitzuteilen
518 1275 1322 1425 nicht umhin kann.
540 1349 2578 1558 Vom Küätiker zum Künstler hin: Dass auch jener
521 1495 2575 1669 das Bewusstsein hat zu arbeiten, ja zu schaffen
543 1631 2708 1810 und dass seine Aussichten, auch wenn er der Begab-
545 1764 2725 1948 tere sein mag, von vomherein in jeder Hinsicht ge-
562 1908 2100 2084 ringer sind als die des Künstlers.
2654 125 2790 242 117
