3048 3688
2515 251 2667 422 11
1018 429 1431 558 cheltod.
679 520 2529 681 Eine neue Art der Fritik den Gestalten des
688 671 2593 809 Verfassers die Worte aus dem Mund zu nehmen,
679 754 2391 940 um sie gegon den Verkasser anzubringen.
681 906 1478 1075 Komädie der Norte:
676 1034 1350 1198 Moderner Dreck.
679 1160 2183 1333 Geschmackvoll eingerichtete Seele.
674 1314 1424 1469 Amüsantes Luder.
681 1421 2577 1568 Ungefähr, wie wenn man am, Schluss einer Kri-
690 1552 2541 1711 tik über die Räuber sagen würde; Friedrich
679 1658 2567 1829 Schillerheisst die Canailleswie der Dichter
690 1810 2484 1945 ja selbst eine seiner Figuren bezeichnet.
738 1929 2403 2100 iinsieit der e quen trerten den hitlen
892 2040 1509 2178 angdrücke
