2888 3720
309 644 614 779 Kr. U. F
366 757 811 924 Urthoden.
329 730 2262 1054 Men stellt eine unbetr채chtliche Partie eine
332 975 2233 1167 Workos als das Charakteristischehin.Irgend
339 1083 2309 1324 eine Episode als die Hauptsache. Eine Qualit채t
339 1233 2216 1452 zweiten Ranges als die wegentlichste Eigen
351 1415 943 1562 schaft u.s. N.
349 1503 2294 1705 Man 체bersieht geflissentlich die Hauptsachen
324 1628 2297 1820 und konzentriert sich durchaue auf irgend et-
351 1719 2282 1992 nes Nabeks채chliches, das der Autor Meniger ee
361 1933 1068 2137 lungen sein mag.
