3064 3720
404 263 918 425 (kulits alt-
739 412 2662 601 NeshAlb die Zeute es niemals über sich brin-
744 550 2627 711 gen irgend ein Ding zu loben oder gar sich
734 665 2542 847 daran zu begeistern,ohne bei dieser Gele-
739 790 2598 964 genheit anderes zu tadeln oder zu beschim-
747 972 990 1089 pfen.
739 1038 2624 1210 Weil ihnen die Begeisterung, ja das Wohlwol-
734 1184 2465 1340 len an sich etwas unnatürliches ist und
739 1309 2586 1455 nach einem psychologischen Gesetz des see-
744 1442 2795 1581 lischen Gleichgewichtes sucht der Mensch..
731 1565 2432 1747 so bald er an irgend einem Objekt sein
737 1711 2552 1831 Wohlwollen oder seine Begeisterung geübt,
2706 1806 2844 1895 emi
742 1829 2586 1982 nach einem andern, an dem er die Ihm entge-
747 1956 2614 2110 gengesetzten Regungen zum Ausdruck bringen.
701 2120 985 2243 kann.
739 2182 2422 2389 Wie sollten sie anerkennen, da sie doch
749 2345 1939 2519 nicht zu ekkennen vermögen.
