2840 3416
295 331 2535 554 Wenn er Zusammenhänge aufdecktKulturforscher wind
2229 473 2582 668 auflett
918 529 1653 634 n. Kunstwerk sein.
306 537 885 693 Kritik. kann g.
303 629 2307 838 Es gibt. Künatlar, die auch als Kritiker Künstler
301 779 2504 952 hleihen,keine swegs jeder, eigentlich nur die gröss-
281 885 1842 1094 ten (Apethx Lessing, Goathe, Hebhel).
309 1024 2482 1216 Doch diese gerade wisgen ai besten, dass das Schaf-
312 1138 2460 1324 fen und das Beurteilen, also das künstlerische und
306 1286 2399 1452 das kritische Produzieren, auf ganz verschiedener
309 1388 2412 1575 innerer rinstellung beruht und unter änderen Ge-
390 1539 2463 1695 tzen verläuft.Auch der Schaffende (der an sich-
409 1675 2454 1820 lbst das Wegen der Künstlerschaft erfahren) un-
1820 1761 2112 1853 Gegelee
698 1800 2479 1956 als Kritikeri den gleichen Kphtern, wie die
874 1937 1714 2109 Beruf oder Generbe.
768 2003 2641 2215 am stärksten derjenige, bei dem das Schaf"
774 2173 2554 2362 , das Talent, am wenigsten ausgebildet ist.
1077 2296 2510 2488 die Gegensätzlichkeit zwischen
812 2449 2393 2638 ritik? (die zurfreindseligkeit werden.
812 2604 1330 2730 icht mussl.
924 2713 2404 2841 enschaften des Menschen sich jeder
1038 2808 2440 2961 über, sich kritisch zuverhalten.
434 2872 590 2966 che
1082 2952 2560 3147 ist zum Vorneinen als zum Befahen.
295 3000 801 3130 Er ist mehr
