2968 3688
588 684 2461 857 als er selbst nach seinen persönlichen Ei-
598 825 2475 996 genschaften im täglichen Leben oder auf ir-
591 967 2410 1128 gend einem anderen Gebiete zu tun erlaubt
596 1096 2488 1260 fände. Vor allem darum, weil Fälschung nicht
591 1228 2400 1367 nur e in beliebtes Hilfsmittel,sondern, wie
579 1355 2444 1521 hier gezeigt werden soll,geradezu ein Fle-
564 1487 2478 1653 kent der Kritikbedeutet. Schon hieraus ist
588 1601 2361 1767 ersichtlich, dass das Wort Fälschung hier-
586 1760 2439 1853 nicht in seiner moralischen Bedeutung,son-
588 1863 2539 2016 dern zur Bezeichnung einer Methode angewen-
583 1999 984 2134 det wird.
588 2129 2495 2239 Schon das fritisieren an sich ist Fälschung,
583 2265 2356 2417 dadurch, dass der Kritiker ja naturgewäss
576 2385 2517 2529 nicht einfach das Werk als solches noch ein-
574 2505 2439 2671 mal unverändert wiederzugeben berufen ist.
579 2646 2397 2768 Schon das Nacherzählen des Inhalts,mag es
574 2800 2527 2915 aach in der gewissenhaftesten und anhl best-
579 2878 2541 3071 wollendsten Art geschehen, ist in einem gewis-
574 3022 2212 3222 sen sinne Fälschung und muss es sein.
