3080 3688
636 644 971 788 Kr. U.Fl.
675 698 2475 901 Aprioristische Vorteile für den vritiker.
628 865 2405 1043 Das Mitklingen der tausend leserstimmen.
636 991 2539 1213 Er wirkt in jedem Fall als der Ueberlegene,
644 1107 2508 1311 der tiefere, der umfasondere als der, der es
649 1290 1604 1427 besser machen könnte.
685 1357 2753 1560 (Erst allwählig ermacht selbst der gewitzig-
672 1527 2106 1694 te leser aus dieser Suggestion).
677 1761 2560 1952 Verhältnismässige Sieherheit durch Inappel-
685 1954 1146 2101 labilität.
685 2045 2578 2274 Die -chadenfreude nicht nur der anderen Au-
703 2220 2418 2402 toren als verbündetes Element und Eeho.
706 2359 2549 2542 Von einem gewissen-Standpunkt hat er immer
708 2477 2557 2668 Recht, da es ja in der Kunst nichts Absolu-
706 2686 1118 2789 tes gibt.
