<?xml version="1.0" encoding="UTF-8" standalone="yes"?>
<PcGts xmlns="http://schema.primaresearch.org/PAGE/gts/pagecontent/2013-07-15" xmlns:xsi="http://www.w3.org/2001/XMLSchema-instance" xsi:schemaLocation="http://schema.primaresearch.org/PAGE/gts/pagecontent/2013-07-15 http://schema.primaresearch.org/PAGE/gts/pagecontent/2013-07-15/pagecontent.xsd">
    <Metadata>
        <Creator>prov=READ-COOP:name=PyLaia@TranskribusPlatform:version=2.7.0:model_id=50870:lm=none:date=22_01_2024_21:24</Creator>
        <Created>2023-09-27T14:40:47.504+02:00</Created>
        <LastChange>2024-01-22T21:24:52.205+01:00</LastChange>
        <TranskribusMetadata docId="1589064" pageId="60126486" pageNr="77" tsid="145642576" status="IN_PROGRESS" userId="40391" imgUrl="https://files.transkribus.eu/Get?id=MDQHQUNOVZHPWDGVZMXBFCNG&amp;fileType=view" xmlUrl="https://files.transkribus.eu/Get?id=XNSFHCGAQEIBSKKCTYZEDVKA" imageId="48551563"/>
    </Metadata>
    <Page imageFilename="1589064_0077.jpg" imageWidth="3064" imageHeight="3704">
        <ReadingOrder>
            <OrderedGroup id="ro_1711788525359" caption="Regions reading order">
                <RegionRefIndexed index="0" regionRef="tr_1"/>
                <RegionRefIndexed index="1" regionRef="tr_2"/>
            </OrderedGroup>
        </ReadingOrder>
        <TextRegion orientation="0.0" id="tr_1" custom="readingOrder {index:0;}">
            <Coords points="217,930 217,1093 346,1093 346,930"/>
            <TextLine id="tr_1_tl_1" custom="readingOrder {index:0;}">
                <Coords points="199,1071 228,1073 253,1066 273,1078 292,1066 312,1066 334,1073 349,963 314,963 285,946 263,951 255,941 236,948 228,936 216,936"/>
                <Baseline points="217,1041 242,1043 268,1040 294,1031 320,1030 346,1032"/>
                <TextEquiv>
                    <Unicode>O</Unicode>
                </TextEquiv>
            </TextLine>
            <TextEquiv>
                <Unicode></Unicode>
            </TextEquiv>
        </TextRegion>
        <TextRegion orientation="0.0" id="tr_2" custom="readingOrder {index:1;}">
            <Coords points="638,556 638,2237 2614,2237 2614,556"/>
            <TextLine id="tr_2_tl_1" custom="readingOrder {index:0;}">
                <Coords points="1039,685 1427,695 1538,739 1717,678 1901,675 1901,535 1781,567 1734,545 1574,572 1488,533 1258,582 1184,545 1041,575"/>
                <Baseline points="1056,638 1098,635 1141,635 1183,635 1226,633 1268,632 1311,630 1353,629 1396,629 1438,629 1481,628 1524,623 1566,621 1609,623 1651,623 1694,623 1736,623 1779,623 1821,623 1864,626 1907,629"/>
                <TextEquiv>
                    <Unicode>k in weiterer sinze.</Unicode>
                </TextEquiv>
            </TextLine>
            <TextLine id="tr_2_tl_2" custom="readingOrder {index:1;}">
                <Coords points="631,720 695,720 722,702 808,727 860,705 899,722 904,570 865,565 828,587 784,558 749,572 675,528 639,531"/>
                <Baseline points="650,641 675,643 701,643 727,641 752,641 778,641 804,639 829,637 855,635 881,636 907,638"/>
                <TextEquiv>
                    <Unicode>Zur X</Unicode>
                </TextEquiv>
            </TextLine>
            <TextLine id="tr_2_tl_3" custom="readingOrder {index:2;}">
                <Coords points="634,845 806,808 867,855 953,820 1039,855 1267,798 1459,830 1577,788 1744,820 2432,791 2476,786 2478,705 1737,742 1624,707 1321,752 1248,710 636,725"/>
                <Baseline points="647,802 738,799 830,799 922,802 1014,798 1106,796 1197,795 1289,792 1381,788 1473,787 1565,782 1656,780 1748,781 1840,780 1932,777 2024,774 2115,770 2207,767 2299,764 2391,764 2483,761"/>
                <TextEquiv>
                    <Unicode>Die Gelegenheit ergreifen,um jemandem, dem</Unicode>
                </TextEquiv>
            </TextLine>
            <TextLine id="tr_2_tl_4" custom="readingOrder {index:3;}">
                <Coords points="624,978 1034,931 1172,973 1285,933 1513,968 1987,921 2380,946 2380,838 2012,788 1501,874 1206,815 933,884 629,842"/>
                <Baseline points="641,931 728,934 815,929 902,929 990,926 1077,927 1164,925 1252,923 1339,922 1426,916 1514,916 1601,912 1688,910 1775,912 1863,909 1950,906 2037,904 2125,901 2212,898 2299,892 2387,886"/>
                <TextEquiv>
                    <Unicode>man übel will, in ganz unkontrollierbarer</Unicode>
                </TextEquiv>
            </TextLine>
            <TextLine id="tr_2_tl_5" custom="readingOrder {index:4;}">
                <Coords points="626,1073 793,1103 1115,1078 1199,1115 1260,1076 1656,1056 1658,982 1582,941 1356,987 946,973 867,1010 629,975"/>
                <Baseline points="641,1050 691,1053 742,1055 793,1054 844,1053 895,1050 946,1053 997,1050 1048,1050 1099,1050 1150,1046 1200,1044 1251,1044 1302,1044 1353,1044 1404,1044 1455,1043 1506,1041 1557,1039 1608,1041 1659,1038"/>
                <TextEquiv>
                    <Unicode>Weise heruhterzusätzen.</Unicode>
                </TextEquiv>
            </TextLine>
            <TextLine id="tr_2_tl_6" custom="readingOrder {index:5;}">
                <Coords points="634,1233 769,1275 877,1221 1398,1258 2100,1174 2606,1196 2609,1066 2557,1061 1700,1132 1223,1135 1051,1081 808,1145 639,1076"/>
                <Baseline points="650,1190 748,1187 846,1184 944,1181 1042,1184 1141,1178 1239,1180 1337,1177 1435,1170 1533,1169 1632,1167 1730,1164 1828,1161 1926,1158 2024,1158 2123,1152 2221,1149 2319,1149 2417,1146 2515,1146 2614,1137"/>
                <TextEquiv>
                    <Unicode>Mag erfährt z.B. von jewandem, dass er mit dem</Unicode>
                </TextEquiv>
            </TextLine>
            <TextLine id="tr_2_tl_7" custom="readingOrder {index:6;}">
                <Coords points="621,1371 970,1326 1120,1358 1250,1307 1331,1346 2567,1302 2569,1208 2530,1199 2245,1240 626,1258"/>
                <Baseline points="638,1313 734,1316 831,1313 928,1310 1025,1309 1122,1306 1219,1304 1315,1304 1412,1301 1509,1297 1606,1296 1703,1292 1800,1290 1897,1286 1993,1283 2090,1283 2187,1278 2284,1274 2381,1274 2478,1274 2575,1274"/>
                <TextEquiv>
                    <Unicode>oder jenèm in Beziehung stehe und sagt dann:</Unicode>
                </TextEquiv>
            </TextLine>
            <TextLine id="tr_2_tl_8" custom="readingOrder {index:7;}">
                <Coords points="641,1523 1049,1439 1272,1511 1555,1447 2422,1459 2424,1376 2321,1324 1985,1368 1889,1317 1734,1383 1574,1331 1398,1393 1231,1351 1105,1395 646,1366"/>
                <Baseline points="656,1456 744,1453 833,1448 921,1441 1010,1441 1099,1438 1187,1437 1276,1434 1365,1430 1453,1429 1542,1426 1631,1424 1719,1423 1808,1417 1897,1420 1985,1414 2074,1411 2163,1411 2251,1408 2340,1408 2429,1399"/>
                <TextEquiv>
                    <Unicode>1h; jetzt sehesich erst, dass ich mit recht</Unicode>
                </TextEquiv>
            </TextLine>
            <TextLine id="tr_2_tl_9" custom="readingOrder {index:8;}">
                <Coords points="634,1592 1218,1616 1319,1584 1464,1626 1685,1589 1864,1628 1928,1621 1931,1471 1550,1466 941,1540 815,1488 634,1530"/>
                <Baseline points="647,1575 711,1576 775,1575 840,1573 904,1569 968,1569 1033,1572 1097,1567 1161,1565 1226,1563 1290,1560 1354,1555 1419,1559 1483,1558 1547,1558 1612,1553 1676,1553 1740,1555 1805,1552 1869,1549 1934,1552"/>
                <TextEquiv>
                    <Unicode>nichts von ihm gehalten habe.</Unicode>
                </TextEquiv>
            </TextLine>
            <TextLine id="tr_2_tl_10" custom="readingOrder {index:9;}">
                <Coords points="899,1867 980,1842 1218,1847 1285,1815 1366,1837 1363,1668 1341,1658 1240,1685 1196,1651 1157,1660 1132,1638 1059,1673 897,1633"/>
                <Baseline points="913,1781 938,1783 964,1784 989,1782 1015,1780 1040,1778 1066,1777 1091,1775 1117,1777 1142,1778 1168,1780 1193,1782 1219,1784 1244,1784 1270,1784 1295,1782 1321,1782 1346,1785 1372,1790"/>
                <TextEquiv>
                    <Unicode></Unicode>
                </TextEquiv>
            </TextLine>
            <TextLine id="tr_2_tl_11" custom="readingOrder {index:10;}">
                <Coords points="1145,2223 1179,2220 1194,2233 1211,2228 1243,2243 1253,2230 1280,2230 1267,2090 1248,2090 1235,2103 1218,2090 1208,2098 1191,2085 1177,2098 1157,2090 1135,2098"/>
                <Baseline points="1155,2193 1180,2196 1205,2199 1230,2201 1255,2203 1280,2205"/>
                <TextEquiv>
                    <Unicode></Unicode>
                </TextEquiv>
            </TextLine>
            <TextEquiv>
                <Unicode></Unicode>
            </TextEquiv>
        </TextRegion>
    </Page>
</PcGts>
