2968 3656
461 510 2355 722 dor gerade gesagt hat: Seht,so seid thr. Ma-
472 687 2358 858 rionetlen. Denn das Publikum fühlt sich nie
477 797 2325 1020 getroffen, weil jder glaubt, dass der indere
496 960 1029 1120 gemeint ist.
993 1067 2286 1249 selbstverständlich gelten dem
472 1208 2280 1365 partelpolitischen Fritiker die Bürger, vor
477 1335 2366 1525 denen die Vorlesung stattfand, als die Erben
474 1459 2303 1608 und Puxzen, die in Dunkelheit versinken.
483 1580 2330 1762 Das unklare Neue ist der proletarische Zu
510 1721 1067 1903 kunftestaat.
472 1790 2377 2016 Man morke auch die Unklarheit. Der rritiker
466 1961 2256 2156 meiss niht recht,tedelt erwirt resnatt
480 2115 2457 2289 gegen wen er, sich eigentlich wendet, ob er den
472 2239 2432 2405 Autor als seinen Verbündsten oder seinen Geg-
477 2371 2691 2534 ner ansprochen soll. Hat der Autor eine Saty
472 2487 2416 2680 re auf das Bürgertun schreiben wollen, könnte
472 2622 2338 2799 es nicht sein, dass er die Rühnheit hat soh
488 2752 2493 2937 auch die Proletarier für Marionetten zu hal-
2090 2851 2562 2948 geweiser und
491 2865 2457 3055 tent Was er dem iutor eigentlich vorutelttst
472 3022 979 3201 nicht klar.
