3080 3704
622 553 2178 713 Methoden und Fechnik des Fälschens:
622 711 2513 856 1. Heuchlerisches Bedauern (däss der Autor.
627 823 1782 985 Rückschritte gemacht hät).
632 952 2529 1115 2. Wan deutet Eigenart in Einseitigkeit un:
630 1061 2668 1280 3. Wau tut, als spräche dan im Namen der Küdern
630 1193 2653 1373 4. Man legt dem Autor Dinge in den Hund, die er-
614 1346 1313 1505 nie gesagt hat.
630 1419 2602 1648 5. Mau reisst sätze etc. aus Rem zusammeuhang.
635 1592 2656 1762 6. Wan fordert Unmöglichés. (2.)B. dass der Autor
632 1737 1643 1909 eine erige Frage löst).
1117 1828 1455 1927 iuriumen.
650 1820 2455 2034 7. Man nimet als egeben an, daßs z.B. der
1064 1978 2544 2120 miener Volksstück schreiben darf.
619 1995 1036 2168 Jude kei-
645 2094 2577 2300 8. Wau erklärt als Sterilität, wenn der Autor
645 2254 2270 2425 eine Satyre auf sich selbst schreibt.
637 2351 2640 2524 S. Wan nimmt als gegeben zu, dass Durbllendets;
652 2483 2638 2666 Fragmentarische an sich ipteressanter ist und
647 2640 1841 2808 wertvolle als das Fertigel)
663 2780 2503 2947 I0. Man nützt den ritel durch absichtliches
658 2881 2155 3064 wissverstelen gegen den Autor aus.
647 2991 2643 3176 II Man nacht den rutor persönlich verdutnort-
655 3138 2643 3338 lich, für Dinge, die er einer Pigur in den Fund
