2856 3688
351 391 631 533 Kirlet
518 571 2520 750 nie rritik fingiert in der letzten Zeit
508 733 970 870 zweierlei:
508 850 2251 997 1.Dass der Dramatiker überhaupt nur Men-
2021 957 2258 1049 ingster
496 975 2448 1139 schen und Vorgänge, aus der allerletzten Zeit
503 1097 1209 1261 schildern dürfe:
521 1239 2243 1396 Dass für Menschen aus der Vorkriegszeit
496 1368 1503 1520 ke in Interesse bestünde
494 1500 2213 1648 oder dass sie wenigstens des Interesses
489 1628 1324 1785 nicht würdig seien.
1628 1648 1787 1792 1
476 1767 2323 1899 2.Dass im Laife der letzten Jahre eine an-
476 1889 2380 2051 dare Art voy Menöchen auf der Welt existie-
479 2001 1563 2154 ron als virher exirtert habn
521 2136 2380 2326 und dass die Interessen der Menschen sich i
466 2266 1690 2423 im Tiefsten geändert hätten.
454 2395 2330 2565 Beide Behauptungen gleich töricht und doch-
469 2532 2350 2662 durch ewige Wiederholung und durch die Mög-
461 2637 2296 2817 lichkeit auf diese Weise Werke und 1utoren
449 2784 2296 2944 herabzusetzen, so auggestiv, dess wir Bemer-
444 2911 2226 3076 kungen und Standpunkte dieser Art auchbäi
436 3011 1760 3215 ganz klugen Mengchen begegnen.
