2888 3672
369 1198 514 1396 I
582 304 824 497 R. I.
577 526 1927 696 kritik und F채lschung. (Methoden)
568 676 2509 840 Gelegenheiten ben체tzen,die egentlich keine-
568 790 2417 966 sind: Man h채lt z.B. einem Dichter eie Lei-
568 939 2413 1101 chenrede und beschimpft hiehei ganz ohne-
572 1070 2055 1239 Anlass einen andern noch lebenden.
570 1179 2381 1333 Menn du eine Scholle auf ein Grab.wirfst,
563 1314 2314 1468 hebe gleiche ine zweite auf, um sie einem
1406 1393 1676 1483 Sch채del
558 1435 2065 1601 Lebendi gen an din Kakle zu worfen.
