2920 3688
541 566 1461 743 Kritik und Fglschung.
521 733 963 838 Methoden.
581 853 1429 998 Das Unfassbare z.B.
581 933 2461 1140 Der. Autor hat vor einiger zeit durch einen
561 1102 2085 1264 Roman, unliebsames Aufsehen erregt.
546 1214 2554 1379 Ein anderes Beispiel anlässlich eines Preises:
549 1362 2344 1504 Wan kann von ihm nichts anderes sagen,als
544 1481 2546 1638 dass er uns im Ausland unliebsam blamiert hat.
576 1569 2464 1733 In einer Novellenbesprechung: Er ist pnsei-
574 1713 2466 1885 mistischer Realist,nichts weiter. (Imerhin
566 1860 1713 2035 doch auch Schriftsteller).
