2888 3688
244 391 643 534 (Rehet
572 592 2361 729 Weil das leben härter, die Menschen notge-
541 747 2246 920 drungen. ordinärer, die Gelegenheiten zu-
569 864 2612 1006 Verbrochen häufiger geworden sind, sollen Eiflih
569 958 1268 1052 einer verganger tiffeet
1329 963 1614 1050 die 111
564 981 2305 1144 die alten,sogenannten ewigen Kenflikte
529 1118 2409 1273 oder auch nür die auf dine andere Zeit be-
554 1248 2407 1428 schränkten, sollen die Probleme des Hamlet,
554 1382 2396 1494 des Lear,des Wilhelm Tell, des Demetrius u.
767 1482 2648 1581 onseraut die der Micheelkanen weider limanen wege
539 1520 2409 1687 sw. an Intaressa und Hert verloren haben??
872 1611 1344 1764 Bederlun
