2872 3448
502 384 2373 613 dies ietpine Schrift für Rezensenten, nicht
523 564 1067 724 fyr Kritiker
513 667 2411 860 Also nicht für Leute, die über ein. Kunstwerk
518 799 2587 997 schreibenjmit der Absichtsachlich und wahrhaft
538 904 2411 1146 zu sein,ohne an die augenblickliche Mirkung
528 1082 1512 1252 ihrer Worte zu denken.
791 1170 2463 1376 für diejenigen, die mit ihrem Schreiben
526 1229 757 1376 Nicht
564 1329 2550 1507 irgend einen Sonderzweck venbinden,,sei es, ihr
526 1453 2553 1649 Licht buchten zu lassen,irgend etwas für sich
528 1579 2502 1762 dukchzusetzen, ihre Macht zu beweisen, den Ver-
536 1687 2417 1883 fasser zu vorletzen,zu ärgern, zu schädigen.
884 1842 2491 1997 Die Grenzen fliessen.Es gibt Rezen-
531 1973 2543 2164 senten, dia sich zum Kritiker kimufentnickeln.
536 2110 1182 2288 und umgekehrt.
536 2221 2514 2427 Gebarene Kritiker, die in irgend einem Einzel-
544 2339 2530 2556 fall durch Menschlich-Persönliches verleitet,
544 2476 2491 2679 Rezensenten werden;Rezengenten von Natur, die
562 2587 2429 2808 in Ergend einem Einzelfalt durch die Gewalt
546 2731 2532 2927 eines Werkeg verführt, oder weil gerade dieses
564 2857 2540 3043 irgendwie ihrem Wesbn entgegenkommt, zu Kriti-
549 3012 1054 3205 kor wordeg.
