3064 3704
583 532 1580 668 Das primitive Fälschen:
604 655 2183 791 das Anrichtige Erzählen des Inhalts.
593 776 2661 950 Erzählung in überheblichem, ironischen oder höh-
596 932 1097 1063 nischenron.
627 1061 2512 1212 Das Unterschlagen von Figuren, von Situatio-
588 1164 1356 1302 nen, von Gedanken.
568 1282 2492 1472 (Bequenste Manier nicht immer nachzumeisen,
586 1423 2523 1593 auch insofern zu entschuldigen als diekritik
604 1552 2574 1734 ja nicht den gesammten Inhalt enthalten kann.
889 1683 2571 1891 3. Das statuieren ghisser Voraussetzun-
596 1819 2564 2029 gen, nach denen ein Werk beurteilt wird-feven-
586 1934 1605 2101 tuell Parteidandpunkt).
586 2045 2512 2243 Voraussetzungen allgemeiner Natur, die unsin-
575 2222 2517 2340 nig sind, aber wie nogmen hingestellt werden.
573 2332 2433 2484 Das Dogma voy der Stufenleiter, als gäbe es
578 2458 1808 2607 eine Rangordnung der Stoffe.
583 2602 1595 2743 Das Dogma von der Kraft
573 2723 1636 2869 Das Dogma vom Heldentum.
563 2856 1757 2987 Wehr vorübergehende Dogwen,
555 2972 2330 3183 Dass der Hungerige ein würdigeres Objekt
563 3126 2371 3321 der Kunst sei als der Satte, der primitive
