3080 3704
1016 511 1943 656 Fälschung und Kritik,
1154 615 1886 808 Zu den Methoden.
755 787 2222 959 1.Das Einfache, Primitive Fälschen
456 917 2410 1076 kaum hieher gehörig, weil es eigentlich zum
581 1039 2569 1183 Kapitel verleunderische Reporter gehören wür-
1295 1159 1685 1250 äugseren,
576 1185 2542 1352 dezdas Fälschen des Erfolges, eventuell schon
584 1316 1792 1459 durch den Ton des Berichts:
792 1441 2222 1563 Der Autor durfte erscheinen etc.
576 1563 2222 1730 Einfaches Unterschlagen des Erfolges.
542 1680 2342 1855 Heruntersetzen des Erfolges: Die Freunde-
552 1826 2569 1988 Zurückführen des Erfolges auf andere Ursachen,
544 1959 2537 2123 als den Wert des Stücks oder dessen Würkung--
563 2061 2595 2272 (der Schauspieler Foundso verhalf dem Herk zum
591 2230 904 2384 Siege).
584 2329 2542 2519 Das Stück wäre nicht erträglich gewesenmenn
544 2477 1495 2628 nicht Herr Seundso.-
544 2602 1654 2764 Die Ausstattung,die Regle.
552 2722 2623 2899 Der Beifall galt den früheren Werken des Autore
550 2879 1404 3024 oder seiner Person.
544 2972 2634 3160 Das stück wirkte, weil der Rogissour Privialitz-
552 3123 1665 3314 ten ausgemerzt hat u.s.n.
