3048 3720
660 474 2588 643 zu den Fälschungen der Kritik gehört u.a.der
670 635 2502 786 Vorwurf, den Dichter oft zu hören bekommen,
660 725 2651 969 dass sie sich für die grossen Fragen der Polt-
640 863 2656 1059 tik nicht intoressieren und (falscher Schluss)
673 1007 2636 1187 ihre Zeit nicht verstehen. Auch Goethe hat es
673 1132 2600 1323 zu hören bekommen. Auch hier das Grundmotiv:
673 1285 2568 1443 Bedürfnis, herunterzusetzen, Rache des Jour-
678 1426 1569 1576 nalisten am Dichter.
673 1524 2678 1704 Der nur aktive Mensch wird den nur produktiven
683 1732 1260 1852 stets hassen.
685 1777 2653 1978 Was aber bleibt nach 5,nach 10,nach 100 Jah-
688 1933 2683 2088 ren von politischen Veränderungen, ja sogar Um
685 2086 2548 2234 wälzungen übrig? Was weiss man da nochvon
688 2199 2417 2362 Grenzvorschiebungen, Parlamentsreden und
685 2354 1202 2520 Schlachten?
