3080 3704
494 273 647 414 C
966 221 1463 381 tielk der F.
652 442 2559 597 Dieses verdächtige Aufjubeln, dass es nun mir
645 580 2634 748 der psychologischen Literatur endgültig vorbei
655 702 2519 893 sei. Was bedeutet psychologische Literatur?
645 830 2466 1039 Gohen wir auf die ursprüngliche Bedeutung
652 951 2509 1172 zurück. (Man ka nn nämlich alles beschimpfen
645 1106 2514 1284 ohne das geringste Risiko, wenn man nachher-
652 1252 2501 1407 behauptet, dass man eigentlichetwas anderes
657 1367 2506 1535 gemeint hatfAlso einigen wir uns vorerst.
657 1483 2602 1656 Psychologie ist die Lehre von der (das Wissen
652 1623 2634 1791 um die Seele. Nach einer Epoche der Schalheit
652 1769 2574 1929 des Pathos, des Bannertragens, der Phrasenherr.
650 1899 2664 2057 schaft, der Feigheit und requemlichkeit. in Hin-
657 2032 2549 2188 sicht auf die dunklen Reiche der Seeke ent-
660 2150 2602 2313 deckten einige neuere; Dichter, was die Gros-
660 2265 2524 2441 sen aller Zeiten wossten, dass die Seele im
657 2391 2649 2569 Grunde kein so, einkches Ding sei. Und insbe-
652 2521 2509 2714 sondere, dass äusser dem Bewussten allerlei-
2147 2627 2451 2714 irhnel
660 2659 2599 2835 Unbewusstes in der, Seele nicht nur lkg, son-
662 2787 2607 2965 dern auch wirksam sei. Man entdeckte, dass das
2085 2885 2639 2993 nutt ensachi
1069 2910 1310 2995 einsort
652 2935 2444 3101 Gute nicht de gut, das Schlechte niehtee-
652 3063 2587 3241 schlecht sei, dass in den tugendhaftesten Seg
