3032 3720
421 280 643 477 Alt
1536 212 1923 392 Vermeil
883 231 1307 404 Rr.c F.
698 404 2499 589 Dieses Buch ist nutzlos, überflüssig und unprak
711 599 964 708 tisch.
708 664 1458 854 Warum herausgeben?
720 801 2570 961 Zwangshaftes Bedürfris sich, etwas vom Herzen zu
720 932 2607 1088 schreiben, ein Gruss an das halbe Dutzend, das mir
720 1078 1833 1202 vorbehaltlos zustimmen wird.
981 1180 1236 1270 Ander
716 1190 2655 1360 Auch die Andern werden es lesen, aber dieser Brief
728 1351 1387 1494 grüsst sie nicht.
735 1441 2689 1611 Nutzlog, denn es wird nichts ändern. Die Missstände,
735 1575 2611 1733 Unzulänglichkeiten liegen tief im Wesen der Kri-
730 1745 1964 1867 tik,wie im Wesen der Menschen.
728 1835 2497 2010 Der ewige Widerstreit zwischen Produktion und
742 1993 2190 2166 Kritik- selbst in der gleichen Seele.
