2824 3704
488 529 1815 692 Kritik und Fälschung.Methoden.
481 709 2211 891 Fälschungen, die auf einer falschen oder
469 851 2270 1010 unsiunigen oder dolosen Fragestellung be-
472 991 758 1109 ruhen.
507 1104 2268 1282 Z.B. Der Autor braucht fünf Akte dazu, um
467 1247 1567 1358 sein Problem abzuhandeln.
443 1351 2344 1512 Dem Dichter kam es nun keineswegs darauf an
462 1503 2216 1678 ein Problem abzuhandeln,sondern erbrach
455 1612 2078 1766 te Gestalten in gewissen situationen.
455 1785 2199 1915 Weshalb nimmt der Rezensemit im vorhinein
429 1903 2244 2031 an,dass eg lobenswerter wäre, wenn das so-
460 2026 2107 2169 genannte Problem statt in fünf in drei
429 2159 1500 2299 Akten abgehandelt würde?
