2904 3704
481 572 810 753 Kr. u. F.
478 732 891 873 Mothodén.
426 842 2318 996 Man greift irgend einen Satz, den eine Figur
426 980 2525 1140 sprieht, höreug. und stellt sieh anfals wäre darin
426 1111 2407 1278 die Meinung des Autors oder gar seine Meltän-
423 1236 1357 1398 schäuung ausgedrückt.
423 1343 2350 1542 z.B.Wir spielen inmer,wer es weiss ist klug!
416 1498 1785 1662 sagt Parazelsus, aber nicht ich.
416 1628 2245 1809 Man könnte ebensö gut zitieren: „Des Lebens
410 1772 1840 1942 Wass heisst Fülle nicht die Zeit:
405 1879 2358 2067 Abor die Kritik wird immer lieber einen Satz
408 2033 2392 2209 zitieren, der den Autor heruntersetzt oder he-
444 2177 1438 2342 runterzusetzen scheint.
