2920 3640
564 587 1405 722 Kritik und Fälschung.
556 743 940 857 Methoden.
545 821 1512 1047 Wechsel der Pronzipien.
556 990 2636 1184 Bald wird es dem Autor hoch angerechnet, dass er nicht
561 1140 2561 1304 etwa einen bedeutenden Menschen zum Helden gemacht
566 1265 2494 1421 hätte, sondern einen ganz gewöhnlichen Sutzendmen-
561 1374 2522 1548 schen. Andere Male wieder wirft man es einem Autor-
543 1504 2320 1694 vor, dass sein Held nicht bedeutend genug har.
538 1686 2621 1912 Bald wird es dem Autor übel genommen oder er wird we-
532 1883 2364 2055 nigsten geringschätzig behandelt, weil er eine
530 2018 2585 2190 kleine Form gewählt hat; dann wieder wird grossartig
532 2153 2566 2322 ausgesprochen, dass es nicht etwa auf die Ausdehnung,
520 2286 1405 2429 den Unfang etc. ankäme.
