3064 3704
2064 229 2209 393 8
2248 224 2724 428 ps. Lelerh
613 478 2453 625 se. Anwendung gewisser Worte ist ein Haupt-
603 593 2510 764 kniff-der Recensenten.Es gibt na nche dieser
598 742 789 864 Art.
869 807 2547 1031 Frifft z.B. ein Dialogist den Ton des
605 998 2595 1148 Lebens, der Wahrheit, so dass auch die tiefsten
595 1120 2590 1302 Diuge in lebendiger oder gar in amüsanterWei-
632 1238 2622 1422 se zum Ausdruck komnen, so nennen sie ihn gem.
590 1377 2505 1546 einen Plauderer; so wie sie ohnemeiters be-
605 1506 2453 1688 reit sind jede andere Art von sprache,z.b.
598 1636 2587 1813 eine stilisierte,ein Papierdeuts ch zu nennen.
585 1765 2587 1885 Gemss gibt es Papierdeutsch und seichtes Ge-
585 1907 2408 2059 plauder.Aber der Recensent kann oder will
583 2004 2555 2191 keine Unterschife machen;er hat das, Wort nun
588 2149 2505 2321 einmal bei der Hand und wendet die Bezeich-
862 2253 1370 2348 malle Sille
588 2278 2007 2468 nung) in herabsetzender Weise an.
