3064 3704
307 235 601 444 1..1
890 230 1468 421 1Meth. der F.
593 583 1494 735 Kritik und Fälschung.
583 733 1035 900 Nothoden.
588 841 2162 1019 Dadurch dass der Kritdker durch Frmi
599 962 2079 1158 nicht hergehörender Dinge. Stimmung
630 1096 1146 1272 Autor cht.
632 1228 2541 1406 In der letzten Zeit gern, indem man den Ver-
588 1357 2485 1551 fasser „Bürger" nennt. IAls wenn es an sich
609 1496 2539 1667 zu besseren Werken fähig machte, wenn man ein
604 1641 1352 1791 Proletarier wäre.
596 1752 2495 1922 Dadu ridh, dass man den Verfasser als wohlha-
591 1865 2668 2041 bend oder gar im Besitze einerViltabrandmarkt.
596 2012 2572 2183 Verfasser meist leute, die selbst einen gewis-
611 2123 2495 2317 csen Respekt vor geistiger Arbeit haben und
604 2260 2448 2459 eit Verbesserung des schriftstöllerischen
593 2415 2012 2562 Lebensstandard, wünschen sollten.
