3080 3656
624 549 2621 807 Man fird sagen, es sind die tedelnden Kritikeri
626 740 1958 898 die ich die fälschenden nenne.
634 871 2606 1047 Nein, auch jobefälschungen gibts, aber sie sind
619 1030 1171 1163 belangloser.
644 1087 2628 1294 tor allen interessieren lobende Kritkken nie-
646 1270 978 1445 manden.
651 1369 1742 1530 Motive der Lobefälschung:
651 1505 1926 1666 Aus Freundschaft sehr solten.
658 1567 2641 1799 viel häufiger wird einer gelobt, damit der Ta-
661 1742 2646 1933 del über einen Andern wirksaner gemacht werde.
656 1866 2643 2074 Lobefälschung aus Partoipolitik. (auch in dem
658 1995 2621 2198 sinn, dass man seine Gerechtigkeit beweist, in-
1579 2131 1752 2205 gner
1245 2136 1507 2232 Partei.
661 2109 2515 2331 gem man einen partntgänger lobt, ja es kann
661 2237 2648 2463 auch Kriecherei vor jener gegnerischen Pärtel
698 2376 2562 2576 sein. Man wird mir erlauben hier auf Bei-
678 2557 1648 2732 spiele zu verzichten).
673 2658 2658 2864 Der lobende ist. am allgemeinen nicht sehr er-
688 2826 1173 3017 finderisch.
777 3029 1012 3161 3
