3096 3672
1397 622 2550 812 dess der Proletarier - mit
1294 792 2545 938 zu werden wünschtt, das heisst
1301 923 2461 1094 es vor dem Kriege war, Bür-
1378 1054 2442 1183 wie er selbst oder wenig
647 1163 2427 1350 stens seine Parteileiter (die gewöhnlicht
657 1308 2558 1471 Bürger sind) ihn zu beschimpfen pflegen,ein
662 1444 2568 1610 Mensch mit einer gewissen Sicherheit der le-
662 1555 2382 1708 bensführung, die gerade heute dem Bürger
662 1679 2568 1849 gar nicht mehr gewährleistet ist. und zu
662 1842 2516 1985 bekanntlich ist esheute die Sehnsucht man-
662 1940 2548 2135 cher Bürger Proletarier zu werden und wäre
659 2074 2644 2259 es auch nur, um der Segnungen der Organisatin
654 2207 2370 2382 teilhaftig nu werden.- Nein,er wird be-
672 2311 2563 2496 schimpft - weil er Bürger schildert,weil er-
667 2456 2516 2632 die bürgerliche Gesellschaft abkonterheit.
928 2590 2471 2755 Anläs slich des „Fräulein Else" pas-
679 2730 2442 2906 sierte es, dass man mir ses übel nahm,dass
681 2854 2612 3044 ich ein Bürgermädchen aus ihrer hürgerlichen
676 2995 2550 3158 Seele heraus empfinden, denken und händeln
679 3091 2644 3311 lasse. Und gar aus einer bürgerlichsjädigehen,
