3080 3704
2353 228 2685 383 1924.
307 273 911 422 heilih melt.
781 437 2753 597 Wenn der Fritiker von einem Künstler be-
754 558 2559 727 hauptet, er sei Rieht sonderlich tief oder
747 722 2599 838 nicht bedeutend genug,so erreicht er damit
739 818 2471 975 nicht nur die Wirkung bei seinen lesern
757 958 2432 1145 für tiefer und bedentender gehalten zu.
747 1125 2554 1223 werden als der, dem er diege Eigenschaften
752 1250 2513 1351 eben abgesprochen,sondern ererwerktro-
754 1346 2387 1491 gar in den meisten seiner laser jeder
759 1471 2550 1619 Tropf unter seinen lesern wird sich min-
737 1592 2432 1754 destens für eine Weile bedeutender und
788 1741 2596 1874 tiefer vorkommen als der Mann, den das ab-
727 1857 1933 2085 spröchende Arteil gegolten.
