2904 3688
429 499 767 658 Kr. u.F.
409 631 832 832 Wothoden.
434 779 2447 979 Man stellt sich an, als erkenne man irgend wel-
454 931 2452 1097 ehe Gestalten mi oder, die der Autor schon frü-
421 1062 2447 1228 her einmal gebracht hat, als wollte oder könnte
424 1183 2454 1382 wan damit seinen Mangel an Fülle ete.bengisen.
419 1428 732 1559 ExxanXx
457 1486 2394 1677 Wiederholungen, die den Maler gestattet sind,
404 1660 1963 1768 werden als selbstplagiate gedeutet.
406 1763 2210 1915 Eine Tendenz, die ununterbrochen wach ist.
532 1877 2404 2036 Z.B. Ein Kritiker, der im Bernhardi den Ana
411 2013 1622 2192 tol,in der Prinzesein Helent
1680 2043 2303 2167 da süsse Mädel
401 2149 1206 2306 wiedererkannt hat.
394 2288 2348 2490 Hieh r gehört das Unfälschen von Eigenart in
388 2379 964 2611 626e1t164e1t
