2824 3432
356 394 1281 546 Kritik und Fälschung.
359 552 776 700 Ursachen.
356 660 1994 826 Allgemeine, gelegentliche, persönliche.
330 762 2510 966 Auch der ritol Fälscher in fritik wäre zu ermägen.
327 911 2557 1138 Denn schon Kritih an sich ist in höheren Sinne Fäl-
333 1054 902 1223 schung.
347 1156 2204 1354 das einfache Nacherzählen fälecht bereits.
341 1302 2326 1544 Ienn es nicht Nachschaffen, also wieder kunst
333 1448 613 1588 wird.)
327 1567 1707 1713 Man kürzt, stell um, stilisiert
330 1684 2023 1862 Hievon abzusehen, weil zu weit führend.
301 1833 2414 2005 Auch nicht von fälschen urteilen soll die Rede
318 1958 552 2102 sein.
321 2052 1421 2256 Artelte sind unbeneisbar.
306 2174 2481 2420 Geschnacksverschledenheiten, Veränderungen des. Ge-
309 2358 709 2498 schmacks.
301 2461 2452 2674 döch auch die falschen fästhötischen sürteile fal-
277 2615 2452 2782 len zuweilen in das Gebiet der tatsächlichen Fäl-
283 2732 721 2895 schungen.
289 2825 2636 3073 Bs. gibt böswillige, leichtfertige und albernocklichun
274 2989 2096 3199 Natürlich auch pischformen, an häufiesten.
