3048 3672
2536 333 2685 485 O
385 298 1193 559 Falitung en Beildt
1303 520 2625 691 a Rezension überhaupt nur dasteht.
741 604 1164 731 Damit, dass
743 639 2640 865 gedruckt und gelesen wird, beginnt schon ein ganz
1437 781 1865 863 an den biicati
753 796 2750 987 geho imn isvolles Fälschungsuerkigelbst in dem Falle.
756 893 2757 1136 dass diese Rezension aufrichtig und ehrlich gerreint
771 1039 2561 1238 ist. Es ist eine Fülschung, an der der Kritiher
1817 1144 2369 1256 eine Folichem
773 1174 2645 1360 selbst ganz unschuldig tatsdie tief im Wesen. der
1633 1308 2576 1482 intaltertrett extineen
1454 1350 1621 1452 ter
813 1367 1047 1487 TrittK
1549 1417 2668 1586 begründet ist. Unpilihürlich
1750 1561 2630 1720 der leser die Eripsin-
1730 1688 2519 1847 ch korrigiert werden
952 1763 1166 1857 (die
1745 1815 2673 1957 über jemanden schreibt.
786 1887 1514 2009 kann), dass derjeni
1793 1957 2643 2088 tne oder mehrare Stu-
828 1991 1631 2163 mehr ist, Jeisserwas.
1601 2036 2727 2210 derjenige, über den geschrie-
818 2133 1579 2262 fen höher steht als
815 2183 2653 2384 ben wird. Ja,er kaa wird kaum die Engfindung
813 2325 2735 2524 unterdrücken können, dass jenand, der Fehler so gut
808 2427 2772 2673 anzustreichenversteht,selbst sie gauiss zu bermei-
825 2578 2670 2750 den und das Ganze besset zu muchen verstünde.In
801 2720 2665 2894 diese Wirkung geht manchmal noch viel weiter,se
990 2854 1119 2956 auo
818 2834 2757 3016 dass der leser,der umdeelber damn ge-
830 2964 2640 3180 ara at eines Gefühls der Ueberlagenhott
848 3063 2785 3289 gergenüber dem, den er rezensiert findet, sich keum
845 3192 2573 3424 erwehren kann. Und so Ist es zu erhlären, dass
