2824 3400
204 2325 442 2498 1
2111 118 2602 371 Hovster ke
504 387 2364 567 Wirkung durch amüsantsSchreibweise unter-
491 522 833 682 stützt.
496 624 2401 823 Wirkliche Bildung, tieferes Vorständnis oder
496 768 2401 969 gar Gerechtigkeitssinn machen zum Beruf des
475 920 2401 1082 Rezensenten ungeeignet; freilich gelingt es
805 1029 1084 1126 Adeplen
473 1035 2328 1207 manchem dieser schädigenden Gabeh Herr zu
499 1186 833 1343 werden:
517 1262 2503 1473 8. In wölchen Fällen der Rezensent loben, soll-
520 1421 1876 1594 Bei Gegenzeitigkeitsverhälthie.
507 1549 2445 1729 Menn ex von dem Gelobten irgändwelche Förde-
507 1682 1348 1863 ruhg erwarten kann.
504 1800 2320 1980 Menn er hofft, andere Künstler, die ihm aus
499 1920 2482 2121 irgend einem Grunde missliebig sind, schädigen
512 2077 1972 2257 oder wenigstens ärgern zu können:
496 2194 2594 2393 Mont er einen gegen den Andern ausspieleziuill
502 2338 1928 2521 9. Schmingen des Richtschwöttes.
504 2469 2304 2633 Zu weilen gefällt dem Rezenseuten irgend-
496 2576 2498 2759 etwas wirklich nicht, so kann er es mit gutem
489 2725 2461 2892 Gewissen tadeln. Dieser soltene Fall hat für-
515 2835 2064 3062 seinen Beruf keinerlei Bedeutung:
