3064 3704
1021 204 1236 449 kei
556 298 771 511 alt.
645 473 2567 642 Der Autor kann sich zwar immer auf das Urteil der
650 626 2639 793 Nachwelt berufen, denn die Möglichkeit der Kontrolle
648 771 903 884 fehlt.
1247 825 1529 930 wicke
677 873 2612 1059 Aber auch dem (zur Unsterblichkeit Bestimmten kann
594 1029 2674 1153 der Kritiker diese Unsterblichkeit immer bestreiten,
645 1137 2569 1279 ja, er kann den. Autor sogar dadurch löcherlich ia-
645 1282 2800 1403 chen, dass er ihm solche Ansprüche zumutet,aufoktroyiert
637 1403 2172 1553 die der Autör gar niemals erhoben hat.
