3048 3704
1555 116 1695 264 er
1016 232 1215 434 ke.
555 270 763 480 Alt.
636 493 2576 666 Der Autor kann sich zwar immer auf das Urteil der
639 609 2644 792 Nachwelt berufen,denn die Möglichkeit der Kontrolle
639 757 881 865 fehlt.
1240 798 1531 943 wicklich
674 868 2611 1051 Aber auch dem (zur Unsterblichkeit Bestimmten kann
636 1013 2682 1159 der Kritiker diese Unsterblichkeit immer bestreiten,
658 1145 2563 1302 ja, er kann den Autor sogar dadurch löcherlich ma-
636 1275 2797 1426 chen, dass er ihm solche Ansprüche zumutet, aufoktroyiert
628 1404 2175 1568 die der Autor gar niemals,erhoben hat.
