3064 3704
417 307 652 525 All
1053 286 1303 437 kr. 7
1457 291 1829 462 Vormert
927 451 2514 645 Es hat keinen Sinn und keinen Zweck das
918 595 1628 733 Buch zu schreiben.
911 713 2584 864 chwerde nichts ändern weil alles, was ich
927 855 2623 997 schildere im Unveränderlich-Menschlichen, im
922 974 2336 1125 Sozialen und im Beruflichen wurzelt.
904 1114 2566 1258 Ich werde ferner eine unerwünschte Gefolg-
904 1252 2566 1389 schaft haben: Dilettanten,die von der Kri-
904 1371 2629 1527 tik schlecht behandelt werden und ähnlichegt
895 1520 2508 1628 Ich werde missverstanden werden auch von
888 1657 2406 1772 den jenigen,die ich nicht gemeint habe.
886 1766 2695 1883 Die Kritik wird ihre Mängel gerade an diesem
897 1908 2566 2036 Buch mit besonderer Schürfe entwickeln,das
895 2048 2623 2185 einzige positive Resultat wird ausschliess-
879 2176 2514 2305 lich sein,dass ich noch mehr Feinde haben
877 2280 1137 2402 werde.
873 2402 2596 2557 Und dennoch schreibe ich es und übergebé es
868 2562 2575 2695 der Oeffentlichkeit. Ich (will nicht mit be-
873 2677 1829 2807 sonderem Mut posieren.:.
861 2819 2564 2947 Es ist ein Zwang,der schliesslich das Cha-
859 2936 2562 3042 rakteristische des schriftstellerischen Be-
859 3083 2526 3240 rufs ausmacht, der Zwang, dass worüber man
