3048 3688
612 490 2608 687 ein in Visskredit geratenes Wort an. (Er geis-
601 609 1828 796 selt, er legt die Sonde an).
601 729 2640 926 19.Man fälscht die stimmung durch falsche Pro-
596 894 2581 1075 thezeiungen. (Das stück wird nur 6 Aufführun-
599 987 2635 1192 gen, erleben -oder im Falle eines Erfolgs - Die
601 1158 2065 1333 Nachwelt wirdanders urteilen. ).
591 1256 2637 1434 20. Man selzt herunter durch überflüssige Ver-
931 1381 1759 1490 (et lico. leileutuuit am
591 1432 2539 1559 gleiche. (Man vergleicht den rutor mit einem
1112 1512 1581 1607 der reinmert
593 1552 2536 1706 grössereu, seiy eigenes Werk mit einen andern
583 1671 1355 1807 früheren u. s. w.):
1445 1719 1871 1863 ailaellania
588 1778 2549 1969 21. Nan verwendet sunbereisbare Verallgeneine-
585 1924 1993 2094 rungen. (jüdisch,wienerisch etc.1
583 2081 2605 2214 22. Man verleundet die vom Dichter geschäffene
575 2166 2717 2353 Gestalt,in der Absicht den Autor herunterzunetzen.
886 2278 1296 2347 wir debuit
1594 2283 1969 2384 cdersule
567 2310 2526 2486 23. Willkürliche Doguen,als wenn dersreligiö-
585 2403 2491 2592 se Stoff an sich die Bedeutung eines Werkes
591 2536 2526 2717 erhöhen würde, willkürliths stufenleiter-reli
577 2675 1735 2840 giös, sozial,psychologisch.
918 2789 1357 2877 gelt ircuriente
570 2824 2539 2999 24. Wai nimml an, jedes Merk ausseinen Fort-
567 2943 2108 3114 schritt gegen das frühere bedeuten.
570 3055 2605 3239 25. Wen fälscht das höchste lob durch höhnische
546 3167 1480 3382 Getonung, in Tadel im
1533 3196 2547 3425 (ier iet. Der Nater in
