2968 3656
616 536 1550 756 Kritik und Fälschung.
659 723 934 886 Motine
623 848 2372 1019 Parteipolitische Forderungen, Interessen,
647 967 1083 1147 Anächten.
616 1007 2206 1194 Sowohl Ragseh-als klassenpolitischt.
607 1221 2420 1384 Charaktorisiert dadurch, dass längst erle-
604 1344 2275 1493 digte Albernheiten als kritische Unwi-
607 1503 1941 1642 dersprechlichkeiten auftreten.
611 1571 2425 1792 Die Klassehpolitik tritt noch viel dünner
614 1751 2420 1910 und gröber auf als die nationale oder re-
630 1896 2410 2055 ligiöse. Es entbehrt nicht allen Verstan-
664 2007 2289 2178 des und kann durchaus ehrlich gemeint
619 2131 2493 2308 sein, wenn beispielsweise ein strammfdeutsch
614 2266 2425 2420 fühlender Mei ch in seiner der Grossaktig
626 2377 2408 2557 mkeit nicht entbehrenden Borniertheit die
614 2552 2344 2695 Behauptung aüfstellt,e in Jude könne die
616 2645 2460 2816 soele eines Deutschen nicht begreifen. Eine
628 2787 2396 2951 dolche Behauptung ist vor allem dadurch
602 2906 2382 3083 bis zu einem gewissen Grad entschuldigt,
609 3038 2470 3133 dass solche Leute mehr oder minder bewusst
609 3114 2512 3358 nach rich selbst urtellen.ande Tatsacheha
