2904 3688
582 469 1328 665 Fr. U. P. helbern.
595 650 2534 833 Eine der gebräuchlichsten Albernheiten: Dies oder
597 765 1892 896 jenes sagt uns höute nichttmehr.
590 925 2534 1090 In der Kunst ist es immer nur die Gestalt,die uns
584 1043 2562 1195 etwas sagt, auch wenn sie in der Realität überhaupt
574 1155 2583 1355 nicht mehr existiert,oder die Situation, auch wenn
576 1286 2010 1454 sie heute als solche undenkbar wäre.
579 1423 2680 1567 Es ist die jämmerlichete, die wahrhaft journalistisch-
582 1577 1698 1695 pfäffische Kunstbetrachtung.
555 1679 2586 1826 Man sieht auch hier wieder,wie diese negativen Gei-
569 1797 2387 1981 stehbetrachtungen untrennbar zusammengehören.
1763 1905 2133 1983 ln teboleset
576 1952 2607 2104 und nur in der Atmosphäre des Satanischen gedeihen.
