3080 3656
1241 502 1998 686 Krittk. (-Hotive).
681 643 2656 855 Ein beliebtes Notiv für kritische Ausstellun-
689 779 2538 943 gen,dass der rritiker eine politiscie in-
681 885 2588 1082 schauung. zu bekämpfen suht, die sich in der,
689 1019 2487 1213 Werk deszh besprochenden iuters ausdrückt
699 1153 2631 1370 oder auszutrücken scheint oder die e berusst
696 1319 1498 1483 hine ineskamotiert.
699 1418 2621 1617 Beispiel-Man scheibt z.B. ein Marionetlen
699 1551 2593 1741 stück, an dessen Schluss ein geheimnisvoller
699 1662 2681 1864 Unbekannter die Fäden zrschneidet. Der Kriti-
696 1809 2679 1990 ker (Graz,Arbeiterwillelbehauptet: IAinter-
711 1937 2591 2132 grund steht irgend etwas Nows, Zukünftiges,
689 2051 2598 2268 unklar in verschnomnenen nurisseniMenscheng
704 2190 2651 2409 die noch inicht verbaucht sind nicht bdieden
709 2338 2512 2530 mit Vergangenheit, nicht Erben und Puppen.
699 2447 2616 2659 die in runkelheit, versinken, wenn nan die Fär
711 2598 2522 2755 den rerredst, mit denen die Clisder benegt
674 2727 2689 2916 werden zu bodentenden und ach so leeren Gebür-
706 2855 2611 3040 den. Und das Publikum in Saal klatscht bei-
711 2966 2742 3171 fell, weil wan als „gebildeter Hensch von A.S.
724 3105 2581 3317 begeictert sein muss, klatscht den Beifall,
