3064 3704
595 582 859 713 legt.
612 685 2444 857 I2. Mau, stollt es als. Beweis künstlerischen
617 816 2580 980 Schwäche hin, wenn der Autor einen Schwächling
607 930 2591 1137 schildert. Als Beneis für Prutslität, wenn Seine
607 1119 1552 1255 kraftuatur schildort.
617 1202 2500 1378 kann auch im ungekehrten Sinn zur Fälschung
612 1333 2586 1522 benützt werden; Eiüer beweist seine Fraft, in-
602 1482 2543 1653 den er einenrchen kerl schildert, sein Herz,
607 1605 2281 1789 indem er ein Arme Leut-stück schreibt.
592 1716 2457 1885 13. Gewisse Norte werden apriori-durch die
1789 1860 2507 2034 nherabsetzenden
602 1847 1706 2046 Betonung, den Zus ammenha119
1394 1963 1688 2044 vie
610 1993 2165 2165 Sina gebräucht (z.B. bürgerlich)..
617 2117 2470 2303 14Man verzleinert durch ein willkürliches
630 2250 2079 2404 Diminutir fFigürchen, gefühlchen).
980 2346 1731 2434 retil heciali (rellt cie
615 2374 2641 2543 15. Man verachtet die Psychologie, indem man sie
607 2505 2507 2679 als Getüftel, die gandlung, indem man sie als
610 2641 1567 2817 colportage bereichnet
610 2742 2530 2941 16. Man neuu die stilisierts sprache Papier-
607 2895 2346 3049 deutsch,den lebendigen nielg Plauderei
1552 2986 1772 3079 Anle
617 3021 2578 3185 17. Man spielt den Einen gegeu den Indern aus.
627 3130 2638 3359 14Nen wendet zur Cherakterisierung des Autors
