3064 3672
509 595 2397 785 -rezensenten eine Kritik,ein Referat über
620 753 2464 908 Shakespeare und daneben eins über Wilden-
620 867 2570 1066 bruch, über Moliere, daneben eine über Blumen-
622 997 2476 1160 thal und Kadelburg zu lesen; er wäre nicht
615 1133 2479 1328 imstande zu bemerken,dass es sich hier um
595 1266 2513 1424 (Freignissen handelt, sich auf ganz verschie-
657 1382 2612 1565 denen Ebenen akspielen. Er würde nicht ahnem
612 1538 2560 1669 dass ein missratener Shakespeare,ein missra-
622 1634 2560 1797 tener Molière noch immer etwas anderes bedeu-
610 1775 2540 1933 ten als ein wissratener Wildebruch oder Blu-
610 1923 970 2101 menthal.
654 2108 2602 2271 Weder Motive noch vethoden jemals pein nach-
620 2293 1684 2449 zuweisen,stots gemäscht.
612 2523 2560 2684 Im täglichen gesellschaftlichen leben bedeu
615 2651 2600 2832 tet das, was wir Klatsch nennen, die niederste
652 2790 1378 2935 Form der Kritik.
602 3024 2575 3202 Kritiker, die nieht nur innerlich ihr Amt vor-
615 3190 2550 3335 fluchen, sondern auch während sie es ausüben,
615 3301 2501 3461 (Beckmesser: „Ein schreres Ant.) kaum einer,
642 3412 2491 3540 der nicht selbst ein Schaffender sein woll
