2856 3448
218 397 1250 580 Position des Kritikores
1764 555 2270 747 eMachteile
230 500 1667 753 Die Vorteile seiner Stellung und
224 664 2431 862 Der kritiker hat den Tag, der Künstler die Erigkeit
250 833 865 1012 (in. der Idee).
221 876 1787 1129 Er hat die racher auf seinerBorte:
230 1043 2428 1264 Er kann bei gegebener Disposition des Autors ihn.
230 1175 2313 1382 verstimmen, éventuell in seiner Produktionskraft
227 1336 1831 1503 heräbsetzen, ihn materiell schädigen.
247 1440 2474 1635 Erkann darauf rechnen, dass ihm nicht erüidert wind,
233 1569 2466 1808 dass sogar die grotopktösten Fälschungen hingenonk-
233 1756 739 1908 men werden.
241 1859 2434 2063 Denn der Autor, weiss, dass er. in einer Polenik den
241 1994 1178 2167 kürzeren ziehen juss.
241 2081 2515 2290 Erstens ist der Kritiker meist ein besserer Poleni
236 2253 391 2420 ker
247 2308 2423 2569 mmeltens:, er hat etn Blatt zur Verfügung und wird
250 2474 1894 2675 schon darum dag letzte Wort behalten.
244 2606 2365 2834 rr hgt ferner nichtsSahdöres zu tün als Recht au
164 2721 2471 2948 (behalten, während der Autor weiter produkteren mi s.
