3032 3688
558 510 1371 685 Motive; unbeausste:
568 570 2459 840 dor Fritikos East, dess du ium für so in Lob-
565 773 2151 945 nicht genus dankbar kist oder warst.
565 1016 2509 1221 Zu den iethoden. Immer wieder verwundert man.
560 1148 2491 1306 sich, wenn einem etwas. als. Fehler angekreidet
553 1306 2541 1418 wird, was einem Andern zum Ruhm gereichen soll
555 1453 2446 1578 In eijer Fritik über die „Johanna von Shaw
543 1533 2544 1718 lese ich z.B. als besonders rühmlich vormerkt,
555 1698 2404 1808 dass alle Leute Recht haben,dass der echte
543 1731 2556 1981 Dramatikor sich darin verrät, wie die Vertreter
538 1918 2526 2116 der verschiedenen Meltanschauungen aneinander
603 2089 2404 2221 vorbeireden. Gerade das wurde mir zlB. so
555 2189 2356 2376 übel vermerkt(für die Szene. Bernhardi und
555 2346 915 2524 Pfarrer.
