3064 3720
2556 244 2696 388 11
322 238 659 423 R. All.
528 363 2669 577 -Für den sätyriker nie für den Kritiker gilt der
583 515 2585 710 Satz, dass der notwendig eine Irt Fälscher sein
585 623 2653 829 auss, wenn er nicht eine von Frund aus ehrliche,
2463 732 2610 810 Ni
588 767 2615 919 neidlose; ja odle Persönlichkeit vorstellt. So-
575 886 2623 1057 (wohl der Satzriker als der Kritiker holt seine
1970 1005 2274 1098 aunt
588 1022 2715 1195 Wirkung nicht, nur aus dem, was ler sagt) und wie er-
593 1130 2640 1306 es sagt, sondern in einem viell ichtnoch höhern
1667 1260 2317 1347 oeit ucembollare
1133 1271 1328 1344 in itu
569 1279 2751 1447 und jedenfalls gefahrlogerm Masse aus dem, was er-
588 1417 1333 1588 verschweigten zu
