2904 3688
1762 517 2389 732 Kelter)
1108 529 1454 715 Kritik.
556 715 2477 856 Die bewusst unehrlichen Forderungen der Kri-
556 844 2277 966 tik,z.B.,dass der Dichter Fragen lösen
539 981 2499 1118 müsse, - dass er nur Dinge schreiberdürfe, die
564 1098 2086 1298 sich nach dem Krieg ereignet haben.
542 1332 2469 1508 Das Grössenverhältnis eines Werks durch die-
527 1484 2381 1615 Ex Bezeichnung ins Lächerliche ziehen.z.B.
529 1615 2464 1762 Für ein unfangreiches Werk Monstrum, für ein
520 1747 1942 1876 minder umfangreiches Sächelchen.
486 1864 2369 2033 Ein Werk auf ein problem zurückzuführen su-
486 2011 2428 2142 chen; dadurch dem rinzelnen Gewalt antun,will-
486 2145 2362 2296 kürlich umgrenzen (was auch iy geistreicher
478 2259 1423 2401 Weise gschehen kann.
