3080 3704
256 357 504 542 kait
2410 234 2533 376 1
634 324 1009 471 (hettern
672 566 1754 701 nas verlogene Bedauern
632 663 2386 833 so erinnere ich mich eines Referates, das
627 788 2531 930 ein braver Mann nach der Erstaufführung der
632 928 2301 1068 Liebelei" abfassteEr verhehlte seine
632 1046 2472 1186 Kränkung nicht, dass er dem stücke des lie-
623 1191 2327 1288 benswürdigen jungen Ärztes ein baldiges
632 1304 2372 1428 Versinken in den Orkus prophezeien müsse
634 1432 2294 1546 (orkus existiert bekanntlich überhaupt
616 1574 2301 1679 nur mehr für stückef,er muss überfüllt
616 1667 2455 1809 sein).Wie hiess nur der Brave Mann? Bunzl,
618 1821 2505 1937 wenn ich mich recht erinnere. Erinnert sich
627 1948 2377 2098 noch einer des Namens7Ach,es war ihm be-
616 2088 2415 2230 stimmt noch früher in den Orkus zu sinken
627 2180 2491 2356 oder in die Höllè zu fahren oder zum Himmel
611 2341 2495 2498 auf zusteigen, als es der "Liebelei" geschah.
1331 2434 1982 2524 über membtirent
616 2481 2064 2640 Ob die Kränkung daran Schuld war?
