2824 3432
256 349 2416 561 Doch wird nicht nur von böswilligen, avex leicht-
261 509 2449 685 fertign und albernen Kritikern die Rede sein, son-
248 644 2457 834 dern es wird gezeigt werden, dass auch wohlwollen-
261 757 2449 966 de, ernsthafte und kluge lenschen als. Kritiker häu-
245 913 2319 1089 fig fälschen: Der Grund muss also tiefer liegen.
264 1004 2286 1211 Nicht so sehr im Wegen der Menschen,soydern im
264 1172 1334 1329 Wegen der Fritik seibst.
264 1255 2339 1455 Vor allein in der Gegensätzlichkeit zwischen dem
281 1425 2372 1590 Schaffenden und dem Beurteilenden, ein Gegntatz:,
2289 1527 2443 1684 1
264 1582 1769 1714 der in metaphysische Tiefen führt.
264 1651 2435 1846 In der Mitte zwischen Schaffendem und Beurteilen.
270 1810 2339 2003 den steht der Betrachtende. Der Betrachtende im
270 1901 2333 2107 idealen sinn ist eigentlich eine Fiktich (sobald
275 2039 2377 2234 der Vekständ beteiligt ist fwird auch absichtslos
259 2190 2019 2363 aus dem Betrachtenden ein Beurteilender,
385 2275 2482 2432 teibiticiblet, obrsiet re ciu kuilit veculest a sullen, ut aetri atst in
2215 2347 2424 2457 lobuce
270 2350 1678 2495 Aus dem Schauenden ein Kritiker:
259 2449 2440 2625 Auch der Kritiker wäre ein Schaffender, hat man ge.
250 2594 514 2765 tsagt.
275 2674 1942 2878 Ein Wortspiel, das Fasch abzutun ist.
283 2812 2396 3024 Kritiker kann natürlich unter gewissen Umständen
275 2996 1032 3158 produktiv wirken:
