3064 3672
846 734 2305 919 dem Künstler sind apriori genisse
596 880 1354 1043 Vorteile gewahrt:
596 980 2405 1157 Sein Werk ist zu relativer Dauer bestimmt
652 1128 2400 1293 (wenn es sich nicht um rein reproduktive
598 1242 2499 1432 Leistungen handelt jes steht für die Nachprü
608 1369 2536 1549 fung immer bereit. Es bleiben in diesem Sinn
608 1507 2456 1680 auch schwächere Werke im Verhältnis länger
601 1631 2482 1814 da als die rritiken,die darüber laut gewor-
598 1794 1009 1930 den sind.
608 1879 2538 2079 Der Kritiker hat vorerst, (wenn er nicht die
610 2006 2507 2166 Kritik selbst zum Kunstwerk gestaltet) eine
603 2137 2538 2356 begrenzte Wirkungsdauer vor sich, auch wendet
613 2263 2567 2470 er sich an einen kleineren Kreis von Interes-
608 2443 938 2589 senten.
596 2507 2543 2725 Den Fünstler ist unter sonst gleichen Bedin-
613 2652 2463 2835 gungen im höheren Mäse die Möglichkeit des
625 2808 2468 2981 Rujhms „äusserer Ehren und materieller Vor-
620 2937 1267 3122 teilo gegönnt.
615 3034 2555 3251 Doch auch aez Pritiker stehen aprioristische
