3096 3704
582 630 2485 767 Mensch ein würdigeres als der komplizierte,
621 771 2451 932 der Prolet ein würdigeres als der Bürger.
589 1137 1312 1334 Zu den Methoden.
579 1273 2538 1451 Das komplizierte Gefühl als solches verächt-
599 1412 1477 1577 lich machenstüfteln)
589 1536 2363 1706 unmögliche Forderungen stelften, vom Autor-
587 1684 2305 1820 die lösung von ewigen Fragen verlangen.
569 1808 2310 1962 Speziel le Dogmen je nach Konstellation.
594 1935 2482 2088 Im Krieg z.B. tauchte das Dogma auf, dass es
589 2069 2448 2207 keine untreuen Frauen gibt, dass die Männer
587 2181 1830 2356 nur an Väterland denken etc.
591 2307 2487 2441 Nach dem Krieg,dass der Autor nux angeblich
582 2453 2531 2592 nür die neuenstandenen penschen zu schildern
589 2560 2407 2743 habe - als gäbe es neue Menschen und, wenn
582 2709 2392 2845 es solche gäbe, dass darum eine vergangene
582 2826 2490 2986 Epoche, auch eine eben vergangene,kein würdi
577 2959 2095 3140 ges Objekt für den Dichter bildet.
