2808 3400
1951 130 2500 267 Houstr 1. Re
524 340 2527 542 hat keine Zeit dazu, däher muss der Rezenkent-
529 507 1691 682 das letzte Nort behalten.
519 589 2485 807 Der antwortende Dichter iist inmer im Unrecht.
527 759 2463 919 Der Ton der Rezension ist verstärkt dadurch,
524 879 2385 1039 dass die Stimmen der Lesenden und Hörenden
534 982 2405 1176 gewissermassen mitkfingen (geheimnisvolles-
529 1134 2418 1294 Gesetz, dem sogar die Eingeweihten unterlie-
537 1264 2383 1446 gen. Man 1jegt die Rezension nicht aus die
524 1406 2410 1576 Meinungsäusserung desEiren, der sip nieder-
529 1511 2413 1721 schrieb, sondern als die von allex denen, die
532 1676 1611 1833 sie zu Gesicht bekommen.
532 1771 2148 1968 5. Was kann der Rezensentserreichenf:
512 1911 2375 2093 Nicht viel, aber gehug. Er kann den Dichter
495 2065 2408 2233 auf einige Zeit verstimmen,kann ihn. schädi-
524 2148 1811 2300 gen;finanziell und moralisch.
512 2300 2385 2485 6. Melche innere Vorbedingungen machen zum
500 2405 1791 2610 Rezengentendruf geeighet?.
512 2522 2410 2760 Halbtalent, Wissgunst, Uobelwollen, Rachsucht,
517 2717 954 2825 Unbildung.
517 2765 2013 3002 7. Melche äussofen Vorbedingungen:
462 2917 2323 3109 Reporterdeutsch genügt. Immerhin wird die
