3080 3704
1769 205 2716 467 Wiedertbin der Kelif 2
784 297 1197 458 hell. s. 1.
915 618 2689 703 Niemanden rechnet man sogenennté Wieder-
1868 672 2110 771 ubelor
904 717 2698 859 holungen der Motiveso nach wie der Dich
929 798 2655 1010 torn. Der Maler darf dieselbe Landschaft,
915 969 2725 1120 die gleiche Frau hundert Mal wieder malen-
877 1107 2432 1271 man nimmt es, ihm nicht übel, ja man
917 1240 2581 1379 schätzt sein unablässiges Streben, mit
1249 1325 1992 1404 sich iu veruletumne
902 1359 2648 1537 dem er( das Beste zu geben, trachtet.Auch
913 1506 2603 1650 dem Musiker verübelt man es nicht, wenn
917 1607 2702 1762 das gleiche-Motiv in einer Sonate und ei
915 1740 2680 1898 ner Symplionie, einem Lied und einem Quar-
920 1909 2614 2015 tett wiederkehrt. Der Dihter aber,der
897 1986 2686 2164 nicht etwa ein scharf umrissenes Gesell-
913 2130 2513 2299 schaftsbild,nicht(etwa eine Gestalt,
911 2256 2682 2412 nein, der ein ewiges, unerschöpfliches Mo-
924 2382 2686 2574 tiv, Liebe oder Nod, wiedertr ingt, wird hit
911 2522 2569 2666 scheelen Augen angesehen;die Kritiker
920 2653 2695 2846 spielen diesngeduldigenydie Verzweifelten
1309 2770 2551 2923 Dabei vengössen sie für alle
911 2914 2641 3070 Fälle, dass es ja nicht ihre Aufgabe ist
920 3038 2711 3191 Literaturgeschichte zu schreiben. Sie ha-
913 3148 2714 3365 ben einfach ein Produkt zu beurteilen, das
