3048 3672
751 516 2596 726 ins besandene nach einem Misserfalg eines Auters
756 661 2618 835 es längere Zeit dauern kann, bis sich ein klares
758 781 2534 945 Verhältnis arischen Autor,Kriker und Publikum
763 895 2496 1100 wieder herstallt. Dass (die ganze Unalt. Eine
763 1025 2763 1222 Unmenge Menschen, denen ninmals ruch nur das Gerings
1010 1150 1786 1262 dee nnlli vemushaben
776 1152 2574 1329 gelang, sich einem andern gegenüber, dem einerl
768 1314 2007 1509 etwas misslang überlegen fühlt.
