3064 3672
345 426 559 646 Med
599 554 1388 672 Kritik und F채lschung
604 633 2632 823 Der Kritiker wehrt sich gegen sein eigenes Wohlwol-
612 748 2710 949 len, ja sogar gegen seine Begeisterung aus dem Motiv.:
604 870 2556 1074 Warum soll ich f체r einen Menschen, den ich nicht
609 1017 2488 1213 kenne, der mich vielleicht nicht sch채tzt, Reklame
606 1215 912 1333 machen?
612 1296 1882 1464 oder einfach: Was hab ich davon?
617 1430 2180 1592 Rederviertheit aus Desinteressiertheit.
625 1526 2575 1730 Man hat manchmal etwas vom Tadel, aber selten et-
617 1709 1751 1822 was vom Lob, das man spendet.
1221 1798 1438 1892 cisier
627 1798 2585 2028 Angst vor den Enthusiasmus, nie vor dem Gegenteil,
646 1947 2616 2169 Atmosph채re des Vobelnollens, der Missgunst, des Has-
638 2156 821 2245 ses.
