3048 3720
349 214 737 412 kr. dett.
621 332 2642 503 Manche Kritiker heucheln einen grossen Respekt
636 475 2612 618 vor Problemen sobald sich diese unter primiti-
618 626 2544 797 ven Menschen abspielen, als wenn dadurch die
631 719 2632 900 Bedeutung jener Probleme irgendwie erhöht wür-
631 835 2572 1056 de. liegt der Grund für diese Respektheuche-
641 998 2579 1156 lei nicht vielleicht darin,dass jenen Kriti-
646 1106 2579 1292 kern vor Kompliziertheit und vor den Begrif-
654 1237 2629 1415 fen, die sie damit zu verbinden gewohnt sind,
651 1378 2657 1574 höhere Kultur,keinlichkeit etc. eine unbewuss
654 1551 1491 1689 te Scheu innewohnt?
