3048 3720
2607 169 2731 315 11
301 208 647 400 M All.
498 324 2629 600 Schon von deinen zmelten Merk angefangsqwirst da
518 560 2632 690 von einem Kritiker nichts Neues 체ber dich erfah-
515 656 2604 839 ren. Er wird, niemals zugestehen, dass er sich im
521 754 2632 982 einzelnen geirrt und gewiss, nie, dass er dichtn
526 898 2790 1081 deinem tiefsten Wesen nicht erfasst h채tte. Einen
529 1022 2708 1239 einzigen Irrtum wird er bisweilen eingestehen, das
526 1177 1655 1348 er dich 체bersch채tzt habe.
