2872 3704
517 552 1441 736 Kritik und Fälschung.
529 676 1802 847 Die komplizterteren Mothoden.
527 770 2413 982 Z.B.Einer gesteht privat ein Unrecht ein in
524 914 2388 1111 einem Brief etc.,das er in einer öffentli-
527 1051 2428 1225 chen Kritik begangen hat.Z.B. Der Rezensent-
547 1195 2410 1364 verurteilt ein stück nach irgend einer Auf-
534 1315 2478 1461 führung, sieht es in einer andern wieder und-
1869 1424 2043 1508 habe
534 1461 2470 1650 schreibt dem Autor privat: Nun orst mit die-
532 1566 2535 1754 sen neuen Schausplelern das Stück wirklichken-
509 1712 2401 1886 nen gelörnt; -dabei aber fällt es Ihm nicht
2388 1767 2515 1861 Hrmene
532 1831 2443 2043 ein öffentlich etwa seinenTadel von einst
557 2010 1213 2140 zurückzunehmen.
2401 248 2607 524 25.
