2872 3688
219 366 495 532 (Kulih
516 590 2515 756 Ueber das Recht des Dichters irgend ein Weck-
901 701 1588 798 rind iu oeroffecitliihe
529 724 2370 893 zu Epdn produzioren, das im Jahre 1912 oder
527 859 2639 1048 14 spieltsgenau so wie es sein Recht istu immme
967 967 1820 1059 acuer andem oeigangren
524 1014 2283 1167 ein Werk aus der Renaissancezeit, aus den
508 1127 2257 1291 Befreiungskriegen zu schreiben, kann ein
516 1243 2370 1399 ernsthafter Zweifel nicht betehen.Und dass
508 1388 2357 1535 sich das Publikum- auch für andere Menschen
508 1501 2289 1662 und Zustände interessiert als solche, die
500 1636 2297 1786 angeblich erst seit dem Jahre 1918 beste-
511 1759 2386 1936 hen,geht schon daraus hervor,dass auch Wer-
511 1902 2420 2052 ke aus der vorhergehenden Zeit immerhin noch
508 2025 1830 2162 gelesen und aufgeführt werden.
1383 2128 1683 2215 des sog
506 2154 2360 2291 Dass aber probleme vexkeute, weil sie heu-
1412 2257 1712 2341 Femlid
506 2278 2218 2436 tig sind,an sich interessanter oder gar
1080 2384 1322 2470 erricti
493 2391 2386 2565 dichtorisch wertwelter se ien als solche aus
485 2534 2391 2715 früherer Zeit, ist so unsinnig, dass man kein
490 2668 2405 2829 Wort darüber verlieren kannEs ist  jour-
1080 2765 1475 2858 Einstelli
490 2800 2436 2958 nalistische Mattdethaunge auf ihrem scklinn-
1106 2897 2465 3039 dic rich in colite Betanptiius
487 2916 998 3071 ston siplet
1122 2987 2597 3163 der Kreich Actialitat at kulerun
587 3034 972 3168 kindgibt
498 3118 2357 3271 eingeetren, wo jans ardir hohere welt
511 3218 782 3363 gelter
