3064 3672
584 659 2488 814 Man verstehe das Wort „Fälschung“ nicht un
549 782 2408 929 richtig,wenn ich von Fälschung und Fritik
584 909 2498 1086 spreche. So wenig in Erinnerungsfälschungen,
604 1029 2590 1196 Absichtlichkeit oder gar Dolus vorhanden sein
589 1151 2600 1356 muss, müssen diese in den Fälschuygen der Kri-
592 1281 2550 1476 tik vorliegen. Eingesetz kommt zum Ausdruck-
594 1436 2498 1591 Die Erinnerung kann nie vollkommen richtig.
599 1543 2368 1756 die -ritik nie vollkommen gerecht sein.i
