3064 3672
701 587 2434 793 das Nieht-und Missverstehen der fremden
715 748 2441 900 Rassen von Seite der Deutschen weit ver-
713 881 2370 1054 breitet und nach sich selbst unbewusst
703 1023 2346 1179 schliessend trauen sie auch dem Juden
701 1155 2439 1321 nicht zu,dass er fähig sei die soele ei-
706 1262 2422 1435 nes Deutschen zu erfässen und innerhalb
706 1404 2507 1577 mancher niederer Schichten der Rasse wird
746 1546 1598 1714 es ja auch stimmen.
703 1645 2379 1832 Auch ist der Katholik innerhalb seiner
682 1799 2545 1946 Meltanschauung so fest beschlossen, dass er
694 1913 2495 2079 die FreisinnBgkeit ablehnen wird und eine
708 2057 2507 2214 gewidsermassen amoralische und sköptische
701 2169 2417 2368 Einstellung der Welt gegenüber a priori
694 2323 1250 2479 wissbilligt.
698 2441 2510 2597 Wie aber ist es zu begreifen, dass man in-
1342 2540 1567 2630 manter
663 2573 2417 2737 der wieder insaozialdemokrätischen Par-
696 2706 2472 2853 teiblättern die sogenannten bürgerlichen
1484 2789 1858 2869 reciuo
682 2820 2585 2990 Schriftsteller zu beschimpfen und zu verhät-
658 2955 2533 3116 nen sucht nicht etwa nur weil der bürgerl
703 3090 2543 3246 ehe schriftsteller, man denke, eben aus bür-
689 3203 2538 3369 gerlichen und nicht aus Prolstärierkreisen
703 3329 2488 3466 stamnt (und doch beruht die ganze soziale
