<?xml version="1.0" encoding="UTF-8" standalone="yes"?>
<PcGts xmlns="http://schema.primaresearch.org/PAGE/gts/pagecontent/2013-07-15" xmlns:xsi="http://www.w3.org/2001/XMLSchema-instance" xsi:schemaLocation="http://schema.primaresearch.org/PAGE/gts/pagecontent/2013-07-15 http://schema.primaresearch.org/PAGE/gts/pagecontent/2013-07-15/pagecontent.xsd">
    <Metadata>
        <Creator>prov=READ-COOP:name=PyLaia@TranskribusPlatform:version=2.7.0:model_id=50870:lm=none:date=22_01_2024_21:24</Creator>
        <Created>2023-09-27T14:40:40.255+02:00</Created>
        <LastChange>2024-01-22T21:24:43.880+01:00</LastChange>
        <TranskribusMetadata docId="1589064" pageId="60126215" pageNr="29" tsid="145642526" status="IN_PROGRESS" userId="40391" imgUrl="https://files.transkribus.eu/Get?id=HYRZNPOEBBZRMARYNZFSHRSI&amp;fileType=view" xmlUrl="https://files.transkribus.eu/Get?id=TWZNSWDLSOOZMYJWUBSEISBJ" imageId="48551292"/>
    </Metadata>
    <Page imageFilename="1589064_0029.jpg" imageWidth="3048" imageHeight="3688">
        <ReadingOrder>
            <OrderedGroup id="ro_1711788436241" caption="Regions reading order">
                <RegionRefIndexed index="0" regionRef="tr_1"/>
            </OrderedGroup>
        </ReadingOrder>
        <TextRegion orientation="0.0" id="tr_1" custom="readingOrder {index:0;}">
            <Coords points="692,743 692,3438 2742,3438 2742,743"/>
            <TextLine id="tr_1_tl_1" custom="readingOrder {index:0;}">
                <Coords points="689,829 2592,813 2592,747 2336,758 2245,717 1444,763 1133,692 783,730 689,697"/>
                <Baseline points="704,811 798,810 893,811 988,811 1082,808 1177,814 1272,811 1366,811 1461,813 1556,811 1651,813 1745,808 1840,811 1935,809 2029,808 2124,807 2219,805 2313,806 2408,808 2503,805 2598,808"/>
                <TextEquiv>
                    <Unicode>Mer zu wissen wünscht, was in diesem Aufsatz</Unicode>
                </TextEquiv>
            </TextLine>
            <TextLine id="tr_1_tl_2" custom="readingOrder {index:1;}">
                <Coords points="702,955 1092,988 1196,945 1421,993 1905,937 2739,950 2739,889 2622,849 2435,892 1394,879 1350,915 1305,882 702,879"/>
                <Baseline points="716,942 817,942 918,945 1019,942 1121,942 1222,942 1323,942 1425,942 1526,942 1627,939 1729,941 1830,937 1931,939 2032,939 2134,938 2235,937 2336,939 2438,936 2539,938 2640,936 2742,939"/>
                <TextEquiv>
                    <Unicode>steht,dem rate ich dringend ihn zu lesen. In den</Unicode>
                </TextEquiv>
            </TextLine>
            <TextLine id="tr_1_tl_3" custom="readingOrder {index:2;}">
                <Coords points="689,1125 1090,1077 1432,1079 1584,1130 1822,1084 2083,1130 2240,1074 2486,1102 2486,991 2410,978 2108,1029 2068,998 1695,1031 1181,996 1130,1036 689,998"/>
                <Baseline points="704,1071 793,1068 882,1068 972,1071 1061,1071 1150,1074 1240,1074 1329,1071 1418,1071 1508,1071 1597,1071 1686,1068 1776,1071 1865,1068 1954,1068 2044,1071 2133,1068 2222,1068 2312,1068 2401,1065 2491,1065"/>
                <TextEquiv>
                    <Unicode>Referaten darüber wird er das Wesentliche</Unicode>
                </TextEquiv>
            </TextLine>
            <TextLine id="tr_1_tl_4" custom="readingOrder {index:3;}">
                <Coords points="687,1211 791,1264 1046,1231 1148,1280 1191,1257 1282,1262 1282,1130 1209,1125 1168,1150 1138,1125 861,1143 747,1125 687,1155"/>
                <Baseline points="701,1202 730,1202 759,1202 789,1202 818,1200 848,1200 877,1202 906,1202 936,1202 965,1202 995,1202 1024,1201 1053,1199 1083,1201 1112,1202 1142,1202 1171,1200 1200,1199 1230,1199 1259,1202 1289,1205"/>
                <TextEquiv>
                    <Unicode>nieht finden.</Unicode>
                </TextEquiv>
            </TextLine>
            <TextLine id="tr_1_tl_5" custom="readingOrder {index:4;}">
                <Coords points="689,1482 1758,1454 2126,1487 2280,1454 2387,1485 2488,1470 2491,1371 2268,1383 2151,1338 1801,1404 1617,1358 1219,1406 689,1391"/>
                <Baseline points="704,1465 793,1459 883,1459 972,1459 1062,1459 1151,1456 1241,1456 1330,1459 1420,1456 1509,1456 1599,1453 1688,1453 1778,1453 1867,1453 1957,1456 2046,1453 2136,1453 2225,1453 2315,1453 2404,1453 2494,1453"/>
                <TextEquiv>
                    <Unicode>Auch lobende Kritiken können fälschen.Das</Unicode>
                </TextEquiv>
            </TextLine>
            <TextLine id="tr_1_tl_6" custom="readingOrder {index:5;}">
                <Coords points="697,1611 872,1662 1034,1594 2501,1617 2501,1538 2336,1467 1386,1470 1242,1510 983,1472 697,1538"/>
                <Baseline points="710,1596 799,1590 889,1587 979,1587 1069,1584 1159,1584 1248,1584 1338,1584 1428,1584 1518,1584 1608,1584 1697,1584 1787,1581 1877,1581 1967,1581 2057,1581 2146,1581 2236,1584 2326,1578 2416,1575 2506,1584"/>
                <TextEquiv>
                    <Unicode>geschicht dann meistens aus Parteigründen</Unicode>
                </TextEquiv>
            </TextLine>
            <TextLine id="tr_1_tl_7" custom="readingOrder {index:6;}">
                <Coords points="689,1731 841,1786 1026,1715 1244,1720 1333,1769 1591,1723 1771,1781 1999,1720 2574,1758 2574,1604 1938,1667 1872,1634 689,1652"/>
                <Baseline points="704,1718 797,1715 891,1717 985,1713 1078,1714 1172,1712 1266,1715 1359,1713 1453,1715 1547,1712 1641,1712 1734,1715 1828,1712 1922,1712 2015,1711 2109,1711 2203,1709 2296,1711 2390,1708 2484,1706 2578,1703"/>
                <TextEquiv>
                    <Unicode>und um Leute von der Gegenpartei zu bschim-</Unicode>
                </TextEquiv>
            </TextLine>
            <TextLine id="tr_1_tl_8" custom="readingOrder {index:7;}">
                <Coords points="694,1865 732,1875 742,1867 775,1872 798,1852 823,1852 899,1885 927,1883 927,1789 889,1789 872,1776 839,1784 798,1774 783,1758 763,1776 697,1766"/>
                <Baseline points="707,1858 732,1850 757,1846 782,1846 807,1846 832,1846 857,1846 882,1846 907,1847 933,1849"/>
                <TextEquiv>
                    <Unicode>pfen.</Unicode>
                </TextEquiv>
            </TextLine>
            <TextLine id="tr_1_tl_9" custom="readingOrder {index:8;}">
                <Coords points="740,2037 1160,1976 1323,2030 1429,1999 1703,2030 1784,1979 2638,1984 2638,1908 2278,1888 1895,1923 1617,1872 1310,1926 1166,1883 1084,1918 740,1900"/>
                <Baseline points="754,1975 848,1975 942,1975 1037,1975 1131,1972 1226,1973 1320,1973 1415,1975 1509,1974 1604,1970 1698,1969 1792,1972 1887,1972 1981,1972 2076,1974 2170,1968 2265,1969 2359,1966 2454,1966 2548,1966 2643,1966"/>
                <TextEquiv>
                    <Unicode>Verhält nismässig bedeutungslos, weil man von</Unicode>
                </TextEquiv>
            </TextLine>
            <TextLine id="tr_1_tl_10" custom="readingOrder {index:9;}">
                <Coords points="694,2121 1183,2161 1419,2100 1535,2146 2017,2123 2017,2012 1728,2052 1145,2014 694,2050"/>
                <Baseline points="707,2106 772,2103 838,2103 904,2103 970,2103 1036,2103 1101,2100 1167,2100 1233,2099 1299,2100 1365,2098 1430,2100 1496,2098 1562,2100 1628,2098 1694,2099 1759,2100 1825,2097 1891,2097 1957,2102 2023,2103"/>
                <TextEquiv>
                    <Unicode>den lobönden weniger spricht.</Unicode>
                </TextEquiv>
            </TextLine>
            <TextLine id="tr_1_tl_11" custom="readingOrder {index:10;}">
                <Coords points="684,2255 1487,2240 1589,2280 1660,2230 1872,2265 2022,2227 2235,2280 2481,2232 2481,2156 2334,2123 2258,2174 2060,2131 1971,2184 1837,2136 1698,2182 1419,2141 1280,2179 1062,2131 998,2171 684,2161"/>
                <Baseline points="698,2231 787,2234 876,2231 966,2234 1055,2231 1144,2231 1234,2231 1323,2228 1412,2228 1502,2231 1591,2228 1680,2228 1770,2228 1859,2225 1948,2225 2038,2228 2127,2228 2216,2228 2306,2222 2395,2222 2485,2222"/>
                <TextEquiv>
                    <Unicode>Me in Interesse für diese Frage längst ehe</Unicode>
                </TextEquiv>
            </TextLine>
            <TextLine id="tr_1_tl_12" custom="readingOrder {index:11;}">
                <Coords points="694,2397 1214,2405 1459,2359 2014,2405 2676,2377 2678,2275 2488,2296 2301,2250 1710,2311 1520,2263 1064,2313 1014,2265 834,2308 697,2270"/>
                <Baseline points="707,2363 805,2363 904,2365 1003,2365 1102,2363 1201,2368 1300,2360 1399,2359 1498,2357 1597,2357 1696,2360 1794,2354 1893,2356 1992,2357 2091,2355 2190,2354 2289,2354 2388,2354 2487,2356 2586,2354 2685,2348"/>
                <TextEquiv>
                    <Unicode>ich selbst gelobt und getadelt wurde. Ein Auf-</Unicode>
                </TextEquiv>
            </TextLine>
            <TextLine id="tr_1_tl_13" custom="readingOrder {index:12;}">
                <Coords points="687,2506 798,2557 1150,2554 1482,2488 1723,2574 1827,2526 1994,2557 2078,2519 2448,2569 2425,2394 1941,2427 1872,2382 1771,2432 1660,2392 1350,2437 1003,2384 889,2445 687,2430"/>
                <Baseline points="701,2500 788,2497 876,2494 964,2492 1051,2491 1139,2489 1227,2490 1314,2491 1402,2490 1490,2487 1578,2486 1665,2488 1753,2488 1841,2485 1928,2487 2016,2485 2104,2488 2191,2488 2279,2482 2367,2485 2455,2491"/>
                <TextEquiv>
                    <Unicode>satz, der bald ein halbes Jahrhundert alt</Unicode>
                </TextEquiv>
            </TextLine>
            <TextLine id="tr_1_tl_14" custom="readingOrder {index:13;}">
                <Coords points="689,2653 897,2635 970,2668 1320,2622 1356,2653 1690,2653 1710,2557 963,2539 689,2577"/>
                <Baseline points="704,2625 754,2622 805,2622 855,2624 906,2620 956,2622 1007,2619 1057,2620 1108,2622 1158,2622 1209,2622 1260,2620 1310,2616 1361,2622 1411,2621 1462,2616 1512,2616 1563,2616 1613,2616 1664,2616 1715,2622"/>
                <TextEquiv>
                    <Unicode>ist:Grenzen der rritik.</Unicode>
                </TextEquiv>
            </TextLine>
            <TextLine id="tr_1_tl_15" custom="readingOrder {index:14;}">
                <Coords points="732,2780 2605,2754 2605,2683 2068,2698 1776,2643 1421,2701 1345,2668 732,2696"/>
                <Baseline points="745,2754 838,2754 931,2754 1024,2754 1118,2751 1211,2749 1304,2748 1397,2748 1491,2745 1584,2745 1677,2745 1770,2743 1864,2745 1957,2745 2050,2745 2143,2745 2237,2744 2330,2746 2423,2745 2516,2745 2610,2742"/>
                <TextEquiv>
                    <Unicode>lch denke nicht im Entferntesten daran,dass</Unicode>
                </TextEquiv>
            </TextLine>
            <TextLine id="tr_1_tl_16" custom="readingOrder {index:15;}">
                <Coords points="677,2904 2493,2899 2493,2823 2128,2795 1872,2833 1786,2795 1353,2833 679,2807"/>
                <Baseline points="692,2885 782,2882 872,2883 963,2882 1053,2882 1144,2882 1234,2885 1324,2884 1415,2880 1505,2877 1596,2874 1686,2876 1776,2875 1867,2873 1957,2876 2048,2873 2138,2873 2228,2873 2319,2873 2409,2873 2500,2873"/>
                <TextEquiv>
                    <Unicode>meine Worte. irgsndwie helfen könnten, denn</Unicode>
                </TextEquiv>
            </TextLine>
            <TextLine id="tr_1_tl_17" custom="readingOrder {index:16;}">
                <Coords points="687,3018 1462,3043 1753,3005 2204,3061 2329,3018 2579,3035 2582,2911 2329,2954 2245,2919 2154,2959 1373,2964 1325,2924 983,2952 689,2909"/>
                <Baseline points="701,3016 795,3016 889,3013 983,3013 1078,3012 1172,3012 1266,3010 1360,3007 1455,3007 1549,3004 1643,3007 1737,3004 1832,3004 1926,3006 2020,3004 2114,3007 2209,3005 2303,3004 2397,3002 2491,3001 2586,3004"/>
                <TextEquiv>
                    <Unicode>der Kritiker,wie nach einem Shakespearewort</Unicode>
                </TextEquiv>
            </TextLine>
            <TextLine id="tr_1_tl_18" custom="readingOrder {index:17;}">
                <Coords points="689,3172 2663,3152 2663,3073 2242,3035 2192,3073 1862,3086 689,3076"/>
                <Baseline points="704,3147 802,3143 900,3143 998,3141 1097,3141 1195,3141 1293,3138 1392,3137 1490,3135 1588,3135 1687,3135 1785,3133 1883,3135 1981,3134 2080,3133 2178,3133 2276,3133 2375,3133 2473,3132 2571,3133 2670,3135"/>
                <TextEquiv>
                    <Unicode>die Frauen, kommen immer wieder auf ihr erstes</Unicode>
                </TextEquiv>
            </TextLine>
            <TextLine id="tr_1_tl_19" custom="readingOrder {index:18;}">
                <Coords points="720,3337 816,3294 1155,3309 1209,3274 1295,3312 1690,3271 2544,3296 2544,3160 2450,3142 2245,3210 1789,3160 1368,3218 1282,3182 950,3228 720,3203"/>
                <Baseline points="734,3270 824,3271 915,3272 1006,3272 1097,3270 1188,3269 1279,3268 1369,3267 1460,3265 1551,3264 1642,3264 1733,3264 1824,3264 1915,3263 2005,3265 2096,3264 2187,3264 2278,3261 2369,3261 2460,3258 2551,3258"/>
                <TextEquiv>
                    <Unicode>Nort zurück, wenn ihnen auch längst ihr Un-</Unicode>
                </TextEquiv>
            </TextLine>
            <TextLine id="tr_1_tl_20" custom="readingOrder {index:19;}">
                <Coords points="689,3436 839,3446 897,3410 1044,3466 1236,3405 1589,3443 1589,3314 1421,3347 1315,3299 1206,3332 689,3332"/>
                <Baseline points="704,3407 748,3404 793,3401 837,3401 882,3401 927,3401 971,3401 1016,3398 1060,3398 1105,3401 1150,3398 1194,3398 1239,3398 1283,3395 1328,3395 1373,3392 1417,3395 1462,3395 1506,3392 1551,3395 1596,3398"/>
                <TextEquiv>
                    <Unicode>recht bewiegen ward.</Unicode>
                </TextEquiv>
            </TextLine>
            <TextEquiv>
                <Unicode></Unicode>
            </TextEquiv>
        </TextRegion>
    </Page>
</PcGts>
