2904 3704
508 524 831 702 Nr. U. P.
508 679 922 831 Mothoden.
511 776 2219 980 Man nützt der Pitel gegen das Merk aug.
456 920 1085 1103 ZoB. Liebolei.
464 1058 2494 1237 Man hätte das Stück ohneweiters nennen können:
453 1216 1572 1360 Christinens grasse Liebe.
456 1313 2392 1478 Nun wird aber die Sache so gewendet, als han-
443 1444 2544 1617 delte dieses Stück überhaupt von nichte Ernsten.
443 1580 2424 1742 Es gab einen Kritiker, dar lange Zeit von der
451 1695 2515 1863 Zusammenstellung :Lobelei und Storbelei lebte.
