3096 3656
2532 277 2672 484 16.
690 531 2465 761 Joder vritiker, der dein Anfangsnerk oder
462 698 2381 851 irgend ein anderes gelobt hat, fällt im Laufe
441 811 2431 1009 dor seit von dir ab, wenn du nicht zeigst, dass
457 925 2563 1163 sein Lobt dirirgend etwas bedeutet: Auch die an-
447 1062 2529 1282 ständigsten und klügsten handeln nicht anders,
460 1205 2492 1411 denn immer ist ihre Eitelkeit stärker in ihnen
452 1313 2497 1533 ausgeprägt als ihr Urteil. Man vergesse nicht,
473 1448 2500 1665 dass jedes Werk, auch das gelungenste, wie alles
476 1586 2505 1800 menschliche Erzeugnis, nur von relativer Bedeu-
484 1718 2505 1940 tung sein kann. Mängel sind überall zu finden;
481 1831 2587 2069 und Vorzüge nicht sehen hat niemals als eine Un-
481 1971 2521 2175 anständigkeit des Fritikers gegolten, schon da-
481 2101 2524 2317 rum, weil hier das Gebiet des Unkontrolierbaren
497 2228 2621 2431 beginnt. Das Irteil bleibt nur so lange vollkom-
486 2362 2584 2574 men sachlich, als alles Persönliche geradezu ma-
497 2492 2447 2703 thematisch scharf ausgeschaltet werden kann.
