3032 3656
623 368 909 512 Reu I.
681 503 2508 701 Wenn jemand sich herausnimmt über die Kritiker
681 669 2500 819 etwas zu sagen, so halten sich diese nicht erst
677 799 2505 971 damit auf, sachlich die Einwände zu besprechen.
699 900 2601 1110 Sie finden sofort, dass der Antikritiker sich ge-
701 1059 2407 1228 irgert hät, dass er sich persönlich verletzt
699 1162 2601 1360 Eihlto u. s. w. Der Gedanke, dass auch der Kritiker
706 1294 2613 1498 einfehlbarer Mensch sein känkte, dass die Kritik
704 1446 2581 1618 an sich, wie alles Menschenwerk eine problemati-
691 1571 2473 1743 sche Institution bedeuten könnte, kommt ihnen
721 1770 1128 1878 gar nicht.
721 1809 2596 2005 Wer über die Kritiker etwas äussert wird sofort
723 1946 2694 2098 verdächtigt, ale spräche nur die Eitelkeit aus ihm.
718 2088 2471 2272 Die Politiker, Pfaffen etc. lehnen sich nicht
726 2287 914 2402 auf,
735 2336 2486 2513 Eine verlogene Solidarität besteht vor allem
745 2473 2640 2635 zwipchen den Journalisten und Kritikern, insoweit
745 2652 1378 2782 sier Stände sind.
