3048 3688
617 681 2575 885 und in der Frieiderung wird natürlich auch un-
624 873 1763 1036 terschlagen und gefälscht.
619 1120 1332 1245 Zu den rethoden.
607 1211 1857 1396 BeEXxEiEXkxEXXAaLAxXLhxAnx
612 1337 2454 1482 Die herabseitzende Bezeichnung des Milieus.
612 1495 2597 1647 Schon das Wort Bürger wirdheute so gebraucht.
582 1645 2380 1788 Dann Cottagegesellschaft, Sommering juden.
609 1739 2548 1919 Auch hier wird vgrallgemeinert undi diese Be-
612 1884 2545 2027 zeichnung für das Gesammtpersonal des Stücks
612 2017 2511 2178 kverwendet, wenn nur einzelne, eventuell auch
619 2143 1635 2291 gar keiner dazu gehört.
1317 2308 1532 2444 Ische
609 2390 2479 2577 Woitere aprioriste Vorteile des Kritikers:
619 2535 2373 2696 Er sche int umfassend zu sein,wenn er die
609 2654 2459 2824 Horizontenge des Autors beklagt, spricht er-
604 2789 2451 2930 abfällig von Finakterchen,so denkt man un-
604 2920 2545 3107 willkürlich, dass er selbst nur grosse histo-
612 3053 1943 3196 rische Dramen schreiben würde.
607 3172 2570 3307 Beklagt er das mangelnde politische Interasa
609 3288 2461 3465 oder soziale Intorosse des Autors, so meint
604 3433 2493 3546 man sein Herz schlage nur für die Armen und
