2952 3688
517 704 2471 882 Element der Schadenfreude nicht nur im Publi-
515 855 2476 990 kum, sondern auch im Kreise von Künstlern sein
505 978 2405 1118 mächtiger Verbündeter ist. Die Menschen hö-
515 1093 2444 1287 ren und lesen inmer wieder lieber Schlechtes
517 1228 2226 1380 über ihre Mitmenschen und besonders die
515 1363 2437 1530 Künstler über ihre Mitkünstler als Gutes.Der
515 1490 2412 1662 Kritiker kann also auf einen unso grögseren
505 1628 2478 1794 Beifall rechnen, je unerbittlicher und boshaf-
505 1772 1017 1907 ter er ist.
507 1885 2441 2044 Dies bildet ein mächtiges Moment der Verfüh-
512 2022 2353 2174 rung für den Kritiker,es ist so stark,dass
500 2137 2351 2312 auch Künstler, wenn sie beruflich oder auch
500 2267 2397 2434 nur gelegentlich als Fritiker fungieren,die
500 2392 2400 2566 Eigenschaften des Kritikers ohneweiters an-
500 2527 2446 2682 nehmen, sich von seinen lotiven bestimmen las.
503 2657 1902 2816 sen und seine Methoden anwenden:
498 2777 2275 2956 Der Kritiker lügt und fälscht innerhalb:
503 2910 2390 3067 seiner Borufstätigkeit viel ungezrungener;
488 3047 2312 3250 ausglebiger sund mit besseren Gemisgen,als
517 3187 2446 3353 jeder andere Mensch innerhalb der seinen.Ja,
