2840 3432
479 315 2276 561 gemängeln als zum Lohen, zum Besserwissen
342 518 2238 676 zum Eingeständnis seines Schlechterwissens.
945 622 1235 715 auf ein
337 627 2240 816 Auch dies würde e disieren üb
342 748 2506 956 menschen etc.),wir wollen uns-hier auff Kritik und
293 942 1153 1065 Kunst beschränken.
1260 934 1780 1090 Zugmshon
372 991 2539 1183 Geobachtung, dass die Lust des Kritisierens abnimmt-
342 1191 1838 1347 mit. der Entfernung vom Gegenstande
1843 1167 2457 1345 entsaribi  lest
1085 1315 2536 1449 jemand tot ist, je weiter er nohät,
370 1304 1106 1462 Also: Je länger 1
2196 1416 2322 1520 das
359 1419 2073 1575 je weniger wahrscheinlich, dass ihm selb
1131 1517 1673 1610 mete ictucite
2290 1465 2561 1665 ron
337 1509 2049 1720 Urteilzu Ohren konmtsumsgschmächer wi
356 1701 1068 1857 denz in sichab.
345 1766 2511 1961 Ausnähmen: Wenn ein kritiker seinen Nitz auch an-
359 1923 2427 2112 Skakespeare zu über versucht. Doch besteht hier
364 2043 2558 2227 nieht sosehr die Tendenz der Herabsetzung, als die
356 2186 2553 2369 Eitelkeit seigen, eigenen Witz.leuchten zu lassen.
356 2290 2517 2522 Mugik und bildende Kunst sind a priori der Kritik
353 2468 1197 2654 weniger ausgesetzt.
329 2610 1515 2766 Innere und äusserdGründe.
362 2676 2525 2887 Vor allem. nur verhältnismässig selten üben verun-
370 2813 2547 3018 glückte Künstler des betreffenden Gebiets ihre
353 2980 1405 3185 Macht als Kritiker aus.
