<?xml version="1.0" encoding="UTF-8" standalone="yes"?>
<PcGts xmlns="http://schema.primaresearch.org/PAGE/gts/pagecontent/2013-07-15" xmlns:xsi="http://www.w3.org/2001/XMLSchema-instance" xsi:schemaLocation="http://schema.primaresearch.org/PAGE/gts/pagecontent/2013-07-15 http://schema.primaresearch.org/PAGE/gts/pagecontent/2013-07-15/pagecontent.xsd">
    <Metadata>
        <Creator>prov=READ-COOP:name=PyLaia@TranskribusPlatform:version=2.7.0:model_id=50870:lm=none:date=22_01_2024_21:24</Creator>
        <Created>2023-09-27T14:40:48.058+02:00</Created>
        <LastChange>2024-01-22T21:24:52.548+01:00</LastChange>
        <TranskribusMetadata docId="1589064" pageId="60126496" pageNr="79" tsid="145642578" status="IN_PROGRESS" userId="40391" imgUrl="https://files.transkribus.eu/Get?id=CZUWPGYIKXRTEBGAFURRSPZO&amp;fileType=view" xmlUrl="https://files.transkribus.eu/Get?id=BOOMNSVOMBHQMFNRPTFKHSJJ" imageId="48551573"/>
    </Metadata>
    <Page imageFilename="1589064_0079.jpg" imageWidth="3080" imageHeight="3704">
        <ReadingOrder>
            <OrderedGroup id="ro_1711788528770" caption="Regions reading order">
                <RegionRefIndexed index="0" regionRef="tr_1"/>
            </OrderedGroup>
        </ReadingOrder>
        <TextRegion orientation="0.0" id="tr_1" custom="readingOrder {index:0;}">
            <Coords points="611,406 611,2903 2620,2903 2620,406"/>
            <TextLine id="tr_1_tl_1" custom="readingOrder {index:0;}">
                <Coords points="855,521 885,526 904,514 971,546 1026,534 1031,388 993,386 961,405 939,395 877,437 855,437"/>
                <Baseline points="868,471 895,471 923,472 951,474 979,472 1007,469 1035,465"/>
                <TextEquiv>
                    <Unicode>d</Unicode>
                </TextEquiv>
            </TextLine>
            <TextLine id="tr_1_tl_2" custom="readingOrder {index:1;}">
                <Coords points="610,657 1485,635 1488,556 1139,521 613,578"/>
                <Baseline points="623,647 666,632 709,629 752,629 796,629 839,628 882,625 926,623 969,622 1012,621 1056,622 1099,619 1142,616 1185,613 1229,610 1272,605 1315,608 1359,611 1402,611 1445,614 1489,620"/>
                <TextEquiv>
                    <Unicode>pethoden der vritik.</Unicode>
                </TextEquiv>
            </TextLine>
            <TextLine id="tr_1_tl_3" custom="readingOrder {index:2;}">
                <Coords points="603,793 838,761 986,820 1255,761 1386,788 1545,751 1621,788 1668,746 1975,766 2044,729 2204,769 2400,741 2402,643 2120,687 1952,652 1611,689 1448,635 605,657"/>
                <Baseline points="617,758 706,755 796,755 885,752 975,749 1064,752 1154,746 1243,746 1333,743 1422,740 1512,740 1602,737 1691,737 1781,734 1870,731 1960,728 2049,728 2139,722 2228,722 2318,719 2408,716"/>
                <TextEquiv>
                    <Unicode>bei Gelegenheit eines Buches sagenidieses</Unicode>
                </TextEquiv>
            </TextLine>
            <TextLine id="tr_1_tl_4" custom="readingOrder {index:3;}">
                <Coords points="598,900 1011,929 1305,880 1863,897 1923,858 2437,892 2442,741 2276,778 1777,739 1648,808 1537,756 843,840 601,791"/>
                <Baseline points="611,877 702,889 794,889 885,885 977,881 1069,878 1160,878 1252,870 1344,866 1435,867 1527,866 1619,866 1710,863 1802,859 1894,857 1985,859 2077,851 2169,850 2260,845 2352,847 2444,841"/>
                <TextEquiv>
                    <Unicode>Buch wird länger leben als so und so viele</Unicode>
                </TextEquiv>
            </TextLine>
            <TextLine id="tr_1_tl_5" custom="readingOrder {index:4;}">
                <Coords points="608,1038 917,1063 1021,1013 1782,1016 1923,996 1925,929 1646,892 1310,961 610,942"/>
                <Baseline points="623,1020 688,1016 753,1012 818,1010 884,1006 949,1001 1014,998 1079,999 1145,999 1210,999 1275,996 1340,993 1406,993 1471,991 1536,992 1601,986 1667,984 1732,984 1797,981 1862,981 1928,978"/>
                <TextEquiv>
                    <Unicode>andere, die heute Erfolg haben.</Unicode>
                </TextEquiv>
            </TextLine>
            <TextLine id="tr_1_tl_6" custom="readingOrder {index:5;}">
                <Coords points="613,1157 1451,1194 1562,1134 1893,1112 2007,1157 2160,1105 2449,1152 2503,1124 2506,1026 2419,1013 2316,1068 1824,1003 1423,1058 1352,1016 1260,1050 1179,1021 892,1095 791,1055 615,1075"/>
                <Baseline points="629,1116 722,1137 816,1138 910,1139 1004,1136 1098,1132 1192,1131 1286,1125 1380,1122 1474,1116 1568,1113 1661,1116 1755,1112 1849,1107 1943,1106 2037,1105 2131,1100 2225,1099 2319,1093 2413,1089 2507,1086"/>
                <TextEquiv>
                    <Unicode>ron diesem lutor wird man sprechen, wenn die</Unicode>
                </TextEquiv>
            </TextLine>
            <TextLine id="tr_1_tl_7" custom="readingOrder {index:6;}">
                <Coords points="655,1317 791,1280 1280,1288 1384,1246 1527,1302 1918,1243 2101,1285 2103,1129 1619,1191 1033,1174 811,1218 660,1186"/>
                <Baseline points="671,1262 742,1270 814,1268 886,1266 958,1262 1030,1259 1101,1252 1173,1253 1245,1254 1317,1246 1389,1244 1460,1246 1532,1244 1604,1247 1676,1244 1748,1241 1819,1239 1891,1237 1963,1232 2035,1232 2107,1238"/>
                <TextEquiv>
                    <Unicode>Namen der andern verklungen sind.</Unicode>
                </TextEquiv>
            </TextLine>
            <TextLine id="tr_1_tl_8" custom="readingOrder {index:7;}">
                <Coords points="655,1428 2414,1357 2543,1394 2612,1372 2615,1302 2528,1260 2288,1305 1972,1280 1819,1334 1577,1290 1517,1332 946,1297 848,1349 657,1325"/>
                <Baseline points="668,1396 765,1398 863,1394 960,1390 1058,1384 1156,1383 1253,1379 1351,1378 1448,1373 1546,1372 1644,1366 1741,1364 1839,1364 1936,1359 2034,1355 2132,1352 2229,1348 2327,1346 2424,1343 2522,1343 2620,1337"/>
                <TextEquiv>
                    <Unicode>Dies istreige der Methoden von hinten herum..</Unicode>
                </TextEquiv>
            </TextLine>
            <TextLine id="tr_1_tl_9" custom="readingOrder {index:8;}">
                <Coords points="615,1587 1379,1559 1594,1507 1858,1549 1930,1507 2244,1490 2333,1547 2400,1505 2597,1505 2600,1414 2229,1386 1925,1453 1658,1414 1317,1475 1231,1436 981,1483 618,1470"/>
                <Baseline points="629,1534 727,1531 826,1527 925,1521 1024,1519 1123,1516 1221,1513 1320,1510 1419,1508 1518,1505 1617,1501 1715,1501 1814,1497 1913,1487 2012,1486 2111,1480 2209,1480 2308,1478 2407,1473 2506,1471 2605,1468"/>
                <TextEquiv>
                    <Unicode>sozusagen ein Massentotschlag ohne die gering-</Unicode>
                </TextEquiv>
            </TextLine>
            <TextLine id="tr_1_tl_10" custom="readingOrder {index:9;}">
                <Coords points="615,1735 751,1688 806,1698 858,1661 937,1695 961,1678 1112,1676 1112,1601 996,1587 961,1609 909,1596 882,1614 820,1587 677,1609 618,1587"/>
                <Baseline points="632,1665 657,1663 683,1662 708,1662 734,1660 760,1656 785,1656 811,1656 837,1654 862,1653 888,1653 913,1653 939,1653 965,1651 990,1650 1016,1650 1042,1651 1067,1653 1093,1656 1119,1659"/>
                <TextEquiv>
                    <Unicode>ste gefahr.</Unicode>
                </TextEquiv>
            </TextLine>
            <TextLine id="tr_1_tl_11" custom="readingOrder {index:10;}">
                <Coords points="2103,2906 2120,2901 2140,2909 2152,2901 2162,2909 2170,2899 2185,2906 2202,2896 2209,2901 2224,2886 2249,2891 2244,2723 2222,2716 2177,2723 2165,2733 2145,2718 2098,2716"/>
                <Baseline points="2116,2868 2143,2870 2170,2872 2198,2874 2225,2874 2253,2871"/>
                <TextEquiv>
                    <Unicode></Unicode>
                </TextEquiv>
            </TextLine>
            <TextEquiv>
                <Unicode></Unicode>
            </TextEquiv>
        </TextRegion>
    </Page>
</PcGts>
