3064 3688
412 523 598 693 ka
598 714 1844 867 Ethymologie des Worts Kritik
555 859 2538 1018 Kritiker und Rezensent meist in gleichem Sinn
555 990 2545 1171 angewandt, der Rezensent meist in abfälligeren
553 1090 1186 1259 Ten gebraucht.
553 1226 2550 1415 Doch gibt es kein Hauxtwort, das den Nort Kri-
560 1369 1543 1520 tik entsprechen würde.
558 1490 2452 1678 Nür als-konkreter Einzelfall die Kritik, die
560 1621 1013 1764 Rezension.
606 1749 2186 1904 Krito heisst wörtlich unterscheiden.
550 1869 2073 2035 Recensio wörtlich wieder urteilen.
555 1965 2502 2156 Kritikwäre also die Verpflichtung zu schei-
558 2121 2535 2322 den. Spreu von Weizen,also Platz zu mahen, aus
590 2266 2404 2440 dem Weg zu räumenwas hicht hieher gehört.
540 2382 2560 2560 Es käme also vor allem darauf an das überhaupt
545 2512 2465 2716 einer Krittk Würdige von anderm zu scheiden,
535 2641 2523 2839 das hiesse also die Wiveaudifforenzen festzu-
543 2801 917 2935 stellen.
578 2920 1910 3080 Gerade das geschieht fast nke.
545 3028 2440 3221 wan denke sich jemanden, der weder Namen des
535 3166 2445 3324 Autors noch Namen des Sfückes jemals gehört
540 3291 2427 3520 hat. Man gäbe ihm von, ofnem unserer Normal-
