3048 3672
649 725 1668 914 Vortelle zur Verfügung:
639 851 2580 1033 Er ist relativ inappellabel, er hat, scheinbar
649 1019 2468 1145 das letzte Wort,der Künstler,der ihm erwi-
652 1121 2490 1269 dert,setzt sich schon dadurch ins Unrecht,
639 1259 2592 1447 dess erEs tut, zum mindesten wird man ihn em-
656 1400 1503 1549 pfindlich schelten.
666 1515 2465 1661 (Nur rebenbei bemerkt ist der Kritiker in
654 1622 2584 1782 Hinsicht auf sei ne kritische Tätigkeit noch
664 1772 2536 1913 viel empfindlicher als der Künstler in Hin-
652 1899 2584 2081 sipht auf sein Merk.kaum jemals, dass er auch
656 2016 2456 2188 nur den geringsten Widerspruch verträgt).
661 2154 2594 2327 Ein weiterer Vorteil, dass seine Stimme durch
656 2298 2468 2475 das trügerische Mitklingen seiner hundert
664 2431 2373 2589 oder tausend leser trügerisch verstärkt
666 2521 2594 2716 klingtiman glaubt nicht nur die stimme eines
654 2682 2570 2840 einzelnen, manchmal recht uikompetenten Beur-
666 2811 2490 3005 teilörs, sondern die aller seiner leser zu
666 2971 1118 3119 vernehmen.
703 3049 2565 3238 sein grösster Vorteil aber ist es, dass das
