3032 3672
350 291 1034 529 K. i. T brle
1974 508 2531 667 tik sogar un
521 524 1793 684 Onzählige Mal knupft sich die
526 661 2367 827 bewusst nur an den Namen des Autors,so ist
521 804 2439 1019 Vore ingenommenhe it eine der häufigsten Moti-
534 909 2521 1113 re der Fälschung. Das Urteil über einen Autor
526 1032 2531 1239 steht fest manchmal schon nach dem ersten Wek-
521 1198 2462 1371 Niemals, beinahe wird der Kritiker einen Irr-
541 1292 2554 1502 tum eingestehen, es sei denn einen zum Nachtei-
539 1425 2393 1627 des kritisiorten. Hier ist dise Tethode des
547 1586 1828 1762 verlogenen Bedauerns beliebt.
531 1811 2526 1974 Weiteres Notig: Die Angst sich zu weit vorzu-
437 1974 2487 2163 agen. Man will nicht später desavuiert oder
539 2076 2408 2255 will nicht verdächtigt oder gar verspottet
541 2204 2357 2388 werden, weil man einen jutor zu sehr lobt.
547 2475 2503 2666 Manchmal ist es einfach nur die ingst für zu
559 2607 2459 2822 enthusiastisch zu gelten, was natürlich viel
559 2720 2454 2921 kompromittierender ist als boshaft zu sein.
575 2893 1359 3057 (Betsptel körner).
559 2939 2421 3172 oder nan erhält enthusiastische Briefe von
