2888 3704
489 559 1413 745 Kritik und nälschung.
450 709 944 877 WMothoden.
448 812 1915 975 zu den komplizlerteren Methoden).
424 973 2427 1146 Menn, der Kritiker sich mit den gegnern des zu
427 1102 2427 1296 Kritislerenden ernethafter beschäftigt als es
424 1219 2450 1387 im Grunde notwendig wäre. Nenner diese Gegner
401 1358 2378 1501 immer wieder zitiert und den Kritisierten
411 1472 2318 1708 wo isteus nurscheinbar)gegen seine Gegner in
406 1615 1040 1775 Schutz nimmt.
414 1708 2305 1912 Man wrkt in den neisten Fällen,däss es den
422 1863 2305 2057 Kritiker ein ziemliches Vorgnügen nacht die
393 2016 2476 2202 Einmendungen zu zitieren, mit denen er angeblich
401 2153 1470 2326 nicht einverstanden ist.
398 2254 2471 2445 ist der Kritiker sehr geschickt, so bringt er es
391 2404 2414 2538 dahin, dass der leser eigentlich wieder nur die
378 2525 2153 2753 Einwendungen in der Erinnerung behält.
