2920 3688
1067 490 1459 629 helter
487 536 1045 663 Zu Kr.und F.
487 611 2446 802 Man wird leicht einsehen,es ist das Bequemste. von
497 750 2436 918 den Vingen, die einen desavouieren könnten, einfach
499 889 2397 1043 nichts zu wiesen. Daher bleibt Unterschlagen die
497 1045 1666 1179 einfachste Art der Fälschung.
507 1260 2378 1428 Wie leicht die Kritik es hat schon dadurch, dass
499 1398 2378 1554 auch die Anhänger jederzeit bereit sind, ja sich
524 1537 2353 1705 ein wahres Vergnügen daraus machen abzufallen.
