2856 3480
2331 257 2591 407 d, 10
283 384 2510 598 als Tageskritiker sich mit dem Einzelwerk zu befag
277 566 650 711 sen hät.
289 641 2487 838 so kann man zugleich mit dem stärksten Lob für ein
298 777 2481 968 merk auf die bequemste Weise eine Herabsetzung des
292 930 1057 1118 Autors verbinden.
861 1049 1078 1138 qemlent
170 1028 2490 1268 1 san unterlegt eine Tendenz, die nicht verhanden ist
298 1179 1326 1355 und greift sie dann an.
546 1291 1184 1395 peciperitiocat teel
173 1288 2409 1493 / Man ist dagegen, dass etwas eine Tendenz hat, man
303 1389 2473 1626 Ist. aber auch dagegen, dass es keine hat und be-
295 1545 2421 1751 klagt sich nicht zu wissen, auf welcher Seite der
315 1693 849 1878 Autor steht.
298 1765 2516 1985 Man Eibt vor, dass nur bedeutende Menschen als Hel-
309 1950 1488 2149 den genommen werden dürfen.
318 2097 1245 2253 oder, nur konsequente
1846 2126 2051 2276 t
332 2213 1002 2383 oder nur starke
1615 2291 1964 2516 iber. de
335 2357 913 2513 oder nur edle
338 2403 2565 2666 und fällt so horalloche briefte, statt aosthstische
329 2606 1875 2776 die den Autor zu treffen suchen.
338 2687 2447 2929 Man vergldst inper wieder, obzuar nan es sehr gut
326 2828 2531 3062 reise und gelegentlich auch betont, dass es auf die
358 2964 2493 3160 Kraft der Gestaltung ankonnt, nicht auf die Kraft-
442 3088 2141 3302 An kanp de gerbetet Olgert
