3048 3672
680 665 2487 873 Kritik über Aufführung von Fhaterstücken
667 848 2557 1014 nicht das einzige Gobiet,wo fälschung gang
662 1032 1974 1173 und gäbe, aber das beliebteste.
660 1136 2525 1282 Erstens weil nirgends der Kritiker so sehr
672 1260 2651 1406 gereizt ist durch die Oeffentlichkeit des Vor-
672 1369 2569 1530 gangs, durch seine höheren Chancen,durch das
682 1508 1709 1664 Interesse des Publikums.
660 1607 2569 1800 Die Person der Kritiker spielt ja auch eine
667 1805 2614 1927 polle, meist sind es selbst verunglückte Auto-
667 1964 880 2053 ren.
684 2006 2644 2150 Als Theaterreforter, insbesondere in der Pro-
670 2140 2646 2311 rinz wird der Erote Boste angagiert.Wirgende
655 2272 2485 2455 gebärdet sich der Fritiker so toll und so
667 2473 1074 2564 schamlos.
660 2537 2306 2698 Marum ich diegen Aufsatz geschrieben?
670 2661 2510 2822 Welche Frage,selbstverständlich aus Aerger
655 2792 2644 3031 über die schlechten pritiken, aus Empfindlich-
655 2991 1069 3085 keit etc.
662 3021 2606 3231 nun nir wollen sehen, ob die Fritiker woniger
657 3194 1409 3353 empfindlich sind.
