3720 4152
846 415 2540 671 Sie: Ich habe mei nen Koffer mit.
858 640 2265 846 Er: Also,Du hast es geahnt.
849 768 3295 958 Sobald Ellin daran ist mit der Wahrheit heraus-
852 920 3260 1145 zurücken, weiss er sie immer davon abzubringen.
852 1111 3317 1289 Er spricht von seiner Arbeit,er gesteht,dass er
852 1264 3260 1407 noch nicht ganz fertig ist. Er hat die Einsam-
849 1407 3351 1572 keit doch nicht ganz vertragen. Er hat sich nach
842 1588 3282 1753 Ellin gesehnt, nach seiner Frau, vielleicht über
849 1704 2225 1875 haupt nur nach einer Frau.
846 1866 3267 2016 Er brauchte nicht mit ihr in Salzburg zu blei-
849 2040 3332 2184 ben. Er kommt vielleicht mit der Absicht sie an
852 2200 3354 2362 dem verlassenen Ort mitzünehmen.wo er sich
889 2371 2274 2555 jetzt vier Wochen aufhielt.
852 2496 3332 2636 Die Szene steigert sich so weit, dass Guido fast
846 2608 3342 2845 schon sagen will: Sie können mit Ihrer Frau
846 2830 3210 2980 nicht fortreisen.Sie gehört Ihnen nicht mehr,
861 2945 3276 3111 Oder er sagt es wirklich und Bernhard,der ganz
855 3117 3260 3292 klarer Weise auch innerlich von ihr Besitz er-
852 3260 3295 3441 griffen hat, antwortet einfach: Das ist ein Irr.
861 3457 1083 3604 tum.
