3752 4120
3055 323 3160 484 2
830 450 3204 700 See zu fahren, denn sie kann es sich nicht an-
845 630 3312 836 ders denken, als dass er sie nach ihrem Geständ-
845 823 2533 1010 nis ohneweiters frei geben wird.
852 966 2951 1159 Wer wird es ihm sagen. Ellin oder Guido?
858 1111 1960 1273 Ihre Erregung wächst.
845 1241 3226 1475 Wenn der Zug kommt gehen Beide auf den Perron
855 1425 3233 1608 hinaus und kommen bald darauf mit Bernhard in
855 1586 1346 1764 den Saal.
852 1694 3340 1903 Besser vielleicht, wenn Ellin allein auf den Per¬
839 1868 3176 2033 ron geht,Guido im Wartesaal zurückbleibt und
861 2007 3350 2207 dann von Bernhard mit den Worten begrüsst wird:
858 2150 3112 2403 Oh,welche Ueberraschung! Oh Welcher Zufall.
858 2321 2229 2514 Ellin: Es ist kein Zufall.
864 2501 3242 2679 Ah so,er war so freundlich Dich zu begleiten?
874 2647 2030 2815 Ich danke Ihnen,Guido.
868 2755 3413 2960 Er merkt sofort etwas, will aber offenbar nichts
868 2935 1200 3160 hören.
874 3100 3366 3271 Er sagt seiner Frau:Wir wollen nicht gleich wie-
880 3233 3337 3454 der an den See zurück. Wir bleiben ein paar Tage
877 3410 3302 3619 hier in Salzburg! Wenn Du etwas brauchst kannst
877 3587 2033 3796 Du Dir es hier kaufen.
