3416 4312
216 480 1620 794 ihr unmöglich vor. - Wiele
238 756 1501 973 Mogen. kam -? Ja wäre
202 923 1763 1203 nicht? - Wie soll sich sehr -
256 1161 1741 1429 - als ma braucht so zu erfahren?
719 1384 1729 1660 Sie reifs ja.
202 1427 653 1668 nicht nicht
173 1652 1725 1858 Auf nach sein. - Man noch nicht.
189 1860 1620 2077 Mariti. Je wären sich in geholt
183 2063 1670 2319 man ich dort geblieb wäre.
232 2323 1604 2575 Um solles mild ich ihr Bild hat¬
161 2517 1576 2813 bei sich - 2, durchsucht mir denn
145 2730 1769 2990 sein Taschen. - Nein. Uns wen auch?
171 2942 1687 3196 der Strich, da früh. Ankehre    "   Ich Vor
183 3208 1159 3434 eine nichts, das
