3432 4312
315 493 1637 714 das Mein Alfred! Der schick
347 697 1502 930 ihn „Ohnmacht?“. Die spricht.
323 900 1598 1116 Dr. Haubtbe? Die Inerknung
317 1114 1701 1327 Ich blieb d „bich die“ geh himmt
253 1345 1670 1568 sinnen    betrachte ich nicht die Bett
244 1555 1583 1828 gesellthebt. - Zn: - u geht - u
255 1823 1692 2033 alle. Unterl. Will. Entsehle
513 2079 1675 2315 sie wach – es sehr laut... M. selb
301 2293 1535 2522 Sie de machen. - Thmer
258 2507 1659 2771 Nein.-Jetzt war d komm? M
242 2727 1638 3035 wird sesage. Es k i Carzt h,
915 3013 1596 3216 I
258 2996 710 3269 let knt.
225 3225 1716 3500 kon ist nicht u tochsangst. – Wo hilft
1465 3452 1546 3611 P.
288 3386 1430 3699 wie ich d. blick?... Fürst
301 3683 1688 3893 Nun - in May Halswosnten.
280 3904 1697 4177 Sie soll sich still, abzustlich
