3480 4328
292 628 1671 900 Er wertil an der Erk der Herausge¬
336 862 1637 1093 (Protochum.) Haubslaben - den
302 1082 1594 1324 Wagen steht xxx Nähe - ei¬
261 1315 1646 1504 letzt worden. - (relui t hie Mag
250 1494 1644 1744 sie; rasch zu sie in den Morgen.
284 1735 1599 1946 Haustallen. Nein, ich hat buch
222 1918 1585 2157 in der Zufallen. - Aber! Herbst!
233 2116 1624 2365 Also heimt. Wagen vorlei¬
258 2347 1596 2622 Stich die Reichstraße. Sie sehr
220 2590 1631 2837 4 erlich ruhig.  Wie bey noch. Es h
170 2808 1449 3061 entschlich! - Gesitet von ihn.
241 3027 1678 3275 Urin, ich kann nicht. Ich hat kein
213 3247 1012 3467 Gebr. d. auf nicht.
240 3449 1576 3683 Auf den Reichsbruch aussteigen
270 3649 1544 3883 Wie haft das gemacht? Mein
207 3876 1549 4111 in Silz der Professorencollegen
