3432 4312
185 436 1728 765 Absamt auch, wie er vorbei¬
240 744 1653 1004 Zweifel in ihre Unlauße¬
235 957 1626 1194 zweckten in Todt gespracht
225 1192 1451 1450 er töchst wei-brchter
194 1388 1546 1671 Aldich u. erst todt u.
163 1657 1548 1936 die Geldtig? Sie weh.
138 1876 1411 2194 nicht; und rast sie hat
196 2105 1646 2447 hrläuft in das Denkelheit
269 2376 1559 2668 hört rassel – w xxx
148 2574 1609 2851 ab mit hin? Toll Trenne!
198 2766 1753 3126 Ja so ist er wie man kräumt!
331 3051 1590 3351 2 der Schumelba-Rath
200 3301 1503 3622 gesellschaft. K Pralerstere¬
158 3505 1538 3841 tiefte; sie ist doch der Lek¬
219 3764 1659 4072 Sie erwundet sich - als damit
