5816 4472
1876 239 2265 416 nt
2985 246 4162 536 Heidelberg, 31. 1. 1927.
1866 423 2313 634 Kayser
1726 570 2831 778 Sehr verehrter Herr:
1743 727 4489 1003 Haben Sie vielen Dank für die freundliche Übermittelung
1757 914 4493 1115 Ihrer Schrift: Der Geist im Wort und der Geist in der Tat.
1747 1057 4438 1245 Sie ist eine Übersichtskarte des Gebiets das ich oft
1760 1187 4479 1409 durchwandert und bewegt mich auf zwei verschiedne
1784 1327 4476 1552 Arten: sie freut mich, weil sie mit solcher Kenner.
1815 1525 4448 1726 schaft und Denkkraft weite wirre Krecken mit
1822 1682 4312 1914 ordnet, bestimmt und vereinfacht, daneben aber
1825 1842 4383 2040 bleibt das Unbehagen die Fülle und Vielfalt der
1842 2002 4370 2176 Konkreten geschichtlichen Gesichte so abgezogen und
1859 2159 4356 2350 vergewaltigt zu fühlen. Die Gefahr jedes solchen
1886 2289 4363 2494 Schemas ist empfindlicher, wenn es Gestalten und
1900 2463 4459 2651 Ereignisse, als wenn es kräfte und Dinge in Gesetzes-
1876 2572 4418 2797 formeln fassen will, and mir werden Umrisse eut
1914 2688 4551 2958 nötig und wirklich wenn ich zugleich die Anschauungs-
1944 2831 4199 3060 massen mit wahrnehmen Kann, denen sie gelten.
1958 2968 4506 3183 Ich nehme Ihren Untertitel, vorläufige Bemerkungen
1934 3149 4414 3326 als das Versprechen, dass Sie diese Umrisse einmal
1972 3295 4332 3476 ausfüllen mit Ihrer reichen Lebenskunde und
2006 3428 4370 3643 Zeige Kraft, die sich in der Theorie wohl erholen,
2043 3613 3213 3838 doch nicht befriedigen.
2033 3705 4629 3954 Erst dann könnte ich statt der neutralen Anerkennung
2057 3879 4424 4042 der dialectischen Arbeit auch das entschiedene
2081 3984 4537 4192 Ja oder nein zum substantiellen Ergebnis wagen,
5175 621 5410 771 G.C.F.P.
4895 621 5073 918 0
5233 863 5448 1047 G.H.F.P
5216 1020 5441 1153 G.C.F:F:S
4939 1119 5144 1269 G.C.F.P.
5199 1129 5420 1320 3,20.30
5168 2575 5427 2715 sse :8
4656 2640 5083 2838 21. GUTénata
5189 2702 5431 2838 838.8
5189 2835 5451 2971 844.64
4697 2900 5461 3108 re of aiuta soe'ee.
4728 3070 5431 3230 immept1.7 320.2
