7432 4808
4770 512 6276 883 Tarquinius Superbus.
269 674 794 896 Lueins.
329 853 1451 1105 Tullius, Sanator
3852 922 6937 1233 Zuerst kam mir der Gedanken, die Geschichte
358 1058 768 1237 Aulus
346 1084 2065 1438 Cicero? Höflinge des Superbus
3865 1096 6950 1416 der 7 römischen Könige dramatisch zu bearbeiten.
3912 1288 6967 1506 Ich dachte zuerst an Romulus. Doch ließ ich diesen Plan
388 1378 1800 1617 Pompilius in Targuimi
3887 1468 7091 1766 fohlen; - jedoch es ist möglich, daß ich mich einmal
431 1544 2248 1843 Porsenna, König von Clufunn.
3861 1638 7129 1860 daran mache. Als der nießen interessanteste
439 1711 1933 1997 Tiberius, sein Feldherr.
3878 1809 7129 2137 König erschien nur Pupertus. Der Charakter desselben
512 1898 1647 2163 Vindicius, Sklave.
3874 1971 7103 2287 ist am meisten fürs drama geeignet. Ein stolzer
3852 2184 7099 2453 großer Mann, in Wissenmacht auf Roms Thron,
482 2227 2082 2551 Tullia, Superbus Gemahlin
2338 2231 2679 2474 FJ
3882 2342 7103 2568 da wird er endlich verbannt, - denn zu weit
482 2410 1216 2671 Sucretia.
3882 2491 7176 2807 ist schon die Tyränngetrieben; - er flüchtet; - aus
495 2602 2035 2871 Cloelia, des Tullius Tochter
3904 2688 7133 2952 Stolzgleichsam verleugnet er seinen Holz. der Stolz
3861 2858 7073 3170 auf Rom zu beherrschen i/z p groß, daß er arm
375 2935 3554 3221 Reieger aller Parteien, Gesandte, Bürger; andre
3801 3021 7099 3302 nach Torgmann geht; er erbittet sich unterstützung. Doch
375 3136 1293 3422 Nebenpersonen.
3840 3221 7146 3494 der gewöhnliche, ganz knenstisch gesinnte Pompilius Dneicht
3797 3379 7159 3678 gleich nach der ersten mißglückten Schlacht von Supertus
3780 3528 7214 3848 und überlässt ihn seinem Schicksal. Dieser kommt zu Personna¬
3818 3784 7056 4049 Ein längst gehegter Gedanke kommt nun in Burg
640 3831 1288 4113 Paraphe
3865 3857 7112 4198 Clusiums zum Durchbruch. - Jetzt ist die Zeit; er
3136 3989 3422 4215 F.T
2658 4010 2863 4198 Wm
3878 4117 7069 4403 will Rom erobern. Der Fälsche, - aber nur
986 4172 3106 4467 N.Y.P.C.F.KF.R.S. G. H. M.
