7432 4872
5363 178 5570 347 114
2068 211 2249 426 113
3858 554 6860 848 Daß Volk. Heil Valerius Heil Gloratius! Heil knaiub!
856 521 2456 951 Fünfter Aufzug.
4532 769 6091 1046 Heil! Tausendfacher Heil!
3858 930 7087 1187 Volerius. Soeben kam ein bot' mir vor Personnei
4052 1108 7038 1377 Und das vertändet er von Ausinnen König
633 1021 988 1406 xx
1464 1092 2167 1464 Erste Stelle.
4061 1298 6633 1559 Er zog mit seinem ganzen Herrn ab.
1530 1319 2853 1613 Zu Rom. das Forum.
4048 1480 6616 1745 Bewunderkämster Männer hohen mit
1290 1522 2204 1774 Viele Bürger.
4090 1613 6819 1906 Und unserer Weiber aldennit'ge Thaten.
364 1654 3688 1977 Einige B. Ja, Personna hat Wißtuhr fahre von des Kreus gelangen.
3833 1832 5433 2130 Alle. Parsema fort?
442 1886 2638 2117 Alle. Wir wissens, ja wer wissen.
5194 1977 6289 2192 And Saarbus?
3829 2010 4300 2258 Einige
347 2034 3118 2254 2. B. Und Volia, dieses edeln Mannes Braut,
3883 2167 7071 2427 Solereiss. Mit seinem Anhang hat er sich geflüchtet,
1443 2204 1803 2378 sakym
393 2220 3031 2485 Sie hat Getödtet des Porsenno Feldherrn
4032 2324 6451 2626 Und keine Menschenselt weiß wohin?
347 2427 3056 2692 Als sie früher und verwegnen Drängen
3965 2485 6211 2820 Jedoch ich glaube, daß der alte Löwen
389 2634 2758 2857 die tapfre, ede Römerin bestimmt.
3982 2671 6302 2936 Von neuen wieder Roma ziehen wird.
380 2783 3267 3052 Und auch Exoratius Codes! - Heil Horatiub!
4003 2832 6641 3122 Bevor er sterbt hört er nicht auf zu streiten.
414 2936 3320 3217 Allein und muthig stand er auf der Brücke
4023 3006 6616 3325 Sigerbus Sael ist nicht zur Reich geschaffen.
389 3089 3138 3407 der einzge gegen laufende von Frieden - :
3986 3172 6959 3469 Ihr treibt es fort zu immer einer That.
409 3258 3370 3577 Nun sagt, wenn Roma solche Männer zeugt,-
4061 3374 7166 3684 doch haben wir von ihr nichts mehr zu fürchten,
414 3432 3416 3705 Und plche Weiber -! Werden wir da siegen?
4023 3544 6364 3846 Goratuns Coeles.-  Nueus Seanoola -
414 3622 3569 3895 All. Wir werden siegen ja, wir würden sieg m.
3858 3730 5954 3982 Seurmet: Valerus Publicola!
604 3808 3622 4011 Valerius, Spurius, Cassus, Hor-Cocles-Uneuos (die rechte
3937 3903 5909 4309 Volk Heil. Heil auch allen!
587 3953 3647 4288 Hand durch eine eiferein ersetzt) Jullius Lucois
2584 4205 2750 4433 in
