7464 5032
5054 158 5233 374 eo
5212 316 5420 495 108
1854 432 2091 719 107
5037 673 6800 1010 Erbarm, dich Clestia!
3869 740 4435 960 Tiberius
299 773 3583 1135 Vorsema. Der Göttern dank, daß dir das nicht
3894 906 6654 1222 Ichliebe dich mit allem Zugendfeuer,
2789 981 3558 1239 gelungen,
3948 1089 5245 1351 Ergib dich mir!
353 1155 3084 1467 Umeins. Frohke nicht zu früh, Personne!
3878 1201 7207 1467 Cloelia. Du wagst! Entflie, Verwegner.
349 1347 3092 1592 Noch andre edle Sünglinge aus Rom
3940 1355 7045 1700 Ichlebe einen Romar, - und nicht dich!
299 1513 3051 1837 Sind unter sich verschworen, dich zu tödten.
3928 1600 5362 1833 Pherias. OClonlia!
395 1704 3163 2007 Ein heil' per Schwur hat sich dazu gebunden
5004 1741 6646 2053 Entsteh. Tibernis!
3948 1787 4514 2003 Cloelia
395 1858 3603 2145 Drum für dich Korsinna, vor den komme
3978 1924 7232 2228 Tiberius. Wagst das, dich mir zu widersetze
382 2037 3533 2382 du bist nicht deines Lebens sicher mehr:
3957 2078 7265 2465 Cloelia. Verächtlicher, - jetzt weich ausmeidlich
1093 2261 2485 2523 (Große Erwügung.)
6571 2232 7107 2494 Nähe!
337 2361 3670 2677 Porsanna: Und weißt es auch, daß ich dich tödten kann!
4036 2448 7240 2743 Tiberius (zieht das Schwert) Wagst des noch immer
399 2539 3637 2884 Ich kann Dich körpfen! Ich kann dich - verbreuert
4007 2643 7257 2922 Oloelia. Die Ehre ist mir theuer als das Soln
378 2722 3682 3042 Eneus. Glaubst du, ich fürchte mich zu zweiten Königl.
3953 2818 5607 3096 Hiermit. Nun denn
395 2922 3479 3150 Fühfer, ob eine Wungen nur sich rührt
3998 2847 7232 3321 doelia Einer verlorenen delisziehend ersucht
270 3071 3121 3396 33. And sage dann - ob ich ein Römer bin!
5183 3121 7265 3441 Glaubst du, ich war so wahrlos, Freß¬
4198 3175 4406 3321 15
520 3254 2515 3545 (Nicht des Hand ins Feuer.)
4019 3304 5632 3579 Tibezius (sterbend) Clonlia
4476 3529 5702 3741 Torsenna kommt.
4036 3649 7095 3978 Porsenna. Was seh ich! O Tiberius! Todt! Ti beraub!
1638 3786 2614 4027 Achte Vane.
3861 3869 5931 4185 (auf) clsele ai Ich habe ihn getödtet.
1247 3965 3396 4293 Vor zu Zeltz. - Nacht
5428 4023 6189 4248 Cölia, Du!
4156 4115 4559 4327 Prof.
370 4148 2544 4360 Cloelia. Tiberius (kommt.)
4069 4185 6596 4539 Anlia. Die Ehre einer Römerin ist heilig.
382 4318 3213 4655 Closha, Zur Nachtzeit von Mein. Zelt
