7496 5080
5450 272 5682 478 104
1964 357 2218 536 103
4450 594 7182 928 Du wapstes, die Geliebte mir zu rauben¬
3843 647 4379 911 Mneins.
277 580 1844 964 14. " Tiberius und Äringer.
4540 786 7017 1067 (Kampf. Clonlia wird fortgeschleppte)
388 879 1727 1147 Tiberius! Halt' ein!
3772 937 5776 1263 Clerius (Jöhrisch) zu spät!
1138 1022 3187 1335 Weh' mir ich bin gefangen!
353 1053 830 1263 Cloelia
3616 1143 7209 1388 Uneins Nein, - nicht zu spät, - bei allen Göttern wird.
290 1196 2625 1500 Abélias. Du bist ein Mädchen.
4410 1353 6441 1629 (Lamyf ou nenaui.)
2031 1375 3553 1687 Ja, ein wehrlos Mädchen!
362 1406 1933 1683 Caelia. (mehr zu sich)
379 1567 2339 1888 Tiberius Brengl sie hinüber!
4946 1544 6307 1955 Sichste Steuer
1772 1736 3071 1977 Verbarme dich!
370 1794 839 1969 Cloelia
5169 1768 6432 2107 Straße in Rom.
415 1951 3575 2214 Tiberius. Hinüber bringt sie; - ich befehl es noch.
4428 1991 7218 2272 Mneus. Lueus. Hor. Cocles. Cass. Vitellius
411 2067 3317 2397 Cloelia (ein dolchom der Erde hebend) Ich bin.
3964 2165 4633 2442 Tullius
464 2250 3598 2504 Soweiß ich noch zu retten (M.L. kann erstechen
3937 2384 7227 2656 Münsius. Mein Vater, - ich will auch die Tochter netten
420 2397 3678 2750 Tibernus (schlägt Jeden Dolchaus der Hand.) Acht Verwärz¬
4080 2571 4941 2857 nem mehr
429 2598 3598 2937 Coelia: Ich Ohnte auf! Ich öm dem Polgen Korn
2656 2781 3450 3067 entsprossen.
4910 2776 6097 3147 Sachste Seme.
469 2986 3616 3259 Tiberms. Du drohst mir, - du ein schwachtes Mädchen droß.
3879 3035 6700 3370 zu Rom. Lager des Personna. Nacht¬
429 3129 3660 3464 Clodia. Ich hat nicht schwerf! (Vn wird fortgeschuldiget
5066 3201 6428 3446 Miens. Hor. Cocles.
1045 3317 2834 3549 O Mars.- Erbarina sich!
3928 3384 6343 3714 Uneus. Leb' wohl wem Freund!
612 3509 2785 3767 (Mweis mit einem Trugg.)
5348 3549 6633 3808 Wohn, & Muems?
4000 3602 4575 3808 Colles.
308 3651 3620 3982 Uneins. Was sich' ich Was sehuch. Clonlia?
3933 3736 6258 4071 Meius. Hinüber zu Porsanna -!
304 3848 3647 4151 Coelia. Orette mich.-Geliebter, rette mich.
5772 3906 7236 4187 Wie bewagst du?!
4008 3991 4482 4200 Cocles.
397 4080 3705 4352 Fierius, Flinst schnell hinüber zu des Tal Herrnberg,
4044 4107 7254 4437 Aneius Ich will das Vaterland befrein, Horatius¬
536 4187 3665 4522 Mit diesem Mädchen und bewärht sie gut.
