7400 4872
192 708 368 876 ƒz
561 720 2021 998 Welch fürchterliche Schacht!
106 851 561 1141 25./10. 2. Mg.
1375 916 3089 1154 Längst schien der Meul schon
282 1035 2856 1358 Als endlich durch das Gottes müchtige Worte.
319 1227 3015 1506 Zur Flucht sich wandte unserer Feinde ver¬
245 1391 2913 1727 doch jetzt, folgt schnell mir zum Secretikin,
245 1583 2905 1878 daß wir erfahren, was geschehen wird,
311 1755 3404 2070 Wer zur Haus nimmt dieses Taatess zugeh.
1191 1939 2050 2181 (alle ab.)
1129 2430 2365 2659 weite Sonne.
667 2631 1248 2807 Senat.
794 2811 2234 3101 Brutus auf der Bahre.
2242 2933 2471 3105 rungs
826 2991 2667 3265 Männer mit Fackeln herum.
671 3175 1772 3355 Vareraus, die andern.
180 3314 556 3498 Vollens
683 3347 3040 3629 Ich hab' gesonnen, was zu thuen wäre,
233 3494 577 3613 Sommes
221 3576 593 3690 admis.
728 3506 2983 3756 sein, will ich, als wäre einer weit?!
221 3707 646 3866 allins
741 3690 3171 3928 Wir wollen immer für die Zeit der Not.
241 3874 3236 4173 das einen wählen, der was ganz Verrück,
217 4050 2815 4361 darüber leben, über soll verfügt,
282 4189 2893 4517 jedoch nur für die Dauer eilens tage¬
4799 53 5409 295 24/4
5654 164 5846 323 P.
5482 356 5646 499 h3
3952 655 7242 933 daß dans Gefahr nicht für den Staaterwachse¬
3870 888 5400 1166 Cas. Ktellius v. Wortrefflich.
3919 1051 4169 1227 Veil.
4791 1047 6771 1350 Enes Rath gefällt mir wohl.
3940 1211 6292 1526 Ist einer, der dawider auszusagen.
3907 1383 5654 1604 Hof. Cocks. Nein, niemand!
3973 1636 4455 1763 Lucius.
5016 1579 7070 1870 Alle sind wir einverstanden,
3948 1755 5859 2046 Sal. Der Rath ist empünemmen.
5585 1939 6566 2156 Mda ersten,
3858 1902 4279 2115 Tullius
4054 2091 6636 2393 dem solches hohes Amt verliehen wird,
3997 2258 5945 2541 Schlag ich den Svblins Valerius vor.
3960 2438 6354 2741 Wer ist dabei? Valerius dictator!
3874 2610 6616 2839 Passius. Wäterins, ja Sullius Walerius!
3919 2786 6272 3023 alle. Im Sublius Valernis) — Er seis!
3940 2950 6820 3253 Valernis. Ich will mich mit Bescheidenheit nicht zieren,
3940 3146 6370 3416 Und nehme dieses Amt mit Freuden im
3948 3314 6832 3600 Ich werde streben, hier an Brutes leicht schwöriges
3973 3473 6370 3752 das Recult, dessen Bürger war jähind,
3997 3629 7209 3969 zu Quirk zu macht zu Plück, zu Nacht, die Röhre zu Ehresührer,
4042 3854 6599 4149 Willem Raua groß und glüklich machen
4042 4001 7172 4243 Es sei mein Wahlspruch wäns Brutus war¬
4018 4181 7135 4509 Für mich ein Nichts, fürs Vaterland mein Alles!
