7464 5064
5329 298 5548 443 we
1865 472 2068 659 105
3858 555 6999 1007 daß ich für Dich mein Heergen komgeführt,
1778 713 2084 887 xx
203 762 3195 1082 Horcooles. Und indas lager dringst du zu Personne.
3833 771 7119 1156 du glaubst noch immer, daß für Dich ich kämpfe¬
282 974 2644 1276 themaas. Schwill den König - tödten!
3912 1053 4890 1276 Nein niemals
2055 1131 3443 1421 Wm. Personna -?:
3895 1152 7177 1521 Du empst vergeben's um den wünschen Herrn
282 1193 949 1363 Hor. Ocles
3949 1355 7202 1682 dem Haupt wird nimmer Romas Krone schmücken
186 1314 2743 1637 Meine Ihr tödten will ich, Clonlia befreie!
3945 1475 7086 1852 Pörsanna wird die Tiberstadt beherrschen;
402 1504 1256 1761 heb wohl!
327 1728 3506 1960 Hn Coelles. Und jetzt! Inschauwiger diese ver Nacht!
3974 1736 5876 2043 Sicherbus, die hast ausgelebt.
4019 1827 7123 2175 Getümmel hinter der Sena Krieger
352 1823 3356 2151 dineing. Nur jetzt, die beste Zeit ist jetz dazu.
365 2010 3535 2283 Hor. Coeles. So mögen Dich die Himmschlischen gelieben
3990 2059 4985 2333 mit Mneuis)
3961 2175 7239 2515 Ein Krieger. Mein König.- diesen nahmen vorgefangen
207 2171 3141 2532 Ane die siehst mit Clotianer auch oder todt
3298 2217 3547 2391 (10)
4007 2345 7152 2735 Porsenna. Mich dünkt, ich hab dies anlitzt
6191 2519 7194 2780 schon geseh'n
1695 2482 2834 2772 Viebaute Verne.
4028 2660 4334 2896 sich
4003 2698 7177 3050 Du warst der ersten einer auf der Mann
265 2722 3178 2942 wolke Nacht. Das Laper des Personna.
3990 2843 7144 3228 krieger. Den Schreiber haber auch getödtet, König!
336 2872 3245 3191 Meister Kind Personna sitzt sinnend am Feuer
323 3087 3638 3356 Poisenau. Ich dachte nicht, die Könne sind so tagfen
4003 3091 6004 3385 Porheim. Wie - das Ehrtest die
5254 3199 7214 3518 Ich glaubte auch zu tödten.
456 3236 3626 3564 Es wird verschwer sein, dieses Volk zu knachten
4036 3307 4562 3522 Mneus.
4616 3377 5594 3597 Bewegung.
3978 3385 7310 3758 Porsanna (kahlauf.) 24 Mit welcher Herrn wegst der
1641 3402 3369 3746 sie gegen uns gedrungen;
402 3423 1662 3705 Unterlchem Mutz
6087 3555 7314 3825 mir das zu sagen
406 3580 3046 3874 Ich habe Theuerhmer verkauft den Sieg
3957 3725 7289 4098 unoms. Mit eines freien Römers freier Stirnt
485 3812 3464 4057 Sie klein erte sich nach immer an die Freiheit:
4053 3949 6141 4280 Porsanna Weiß Mich lödten!
410 3937 3539 4214 doch endlich wird auch dieses Eisen auch
5395 4077 7301 4409 Ja doch todten! Ich sags fra¬
423 4106 3526 4351 Und endlich werd ich dieses Stadt bestren¬
4057 4227 4641 4484 mains.
423 4301 3588 4653 Und du - Superbus. schmerzhelst der noch unmer¬
