7320 4776
117 768 3075 1170 Valarmt. Der Mal ist nun entflammt!
1535 969 3318 1326 besetzt die Mauers,
130 1145 3394 1489 Nahmt ruhre kruppen jeder, und seid tapfer.
214 1309 3482 1707 Ihr kennt den Preis- es ist. Der höchste Preis,
1313 1544 1540 1678 verte,
193 1481 2769 1808 dere jeder xxx Mann gewinnen vilt
189 1678 3247 2051 Es ist die Freiheid. Rasch nur Freunde,
193 1888 3444 2202 die sie erkämpfend Blutci ud Leben lösten
96 2051 3469 2349 874 Alle. Ja racht die Freunde, und befreit kommt.
394 2261 1342 2593 (Alle ab.
1376 2475 2496 2857 Fünfte Seene.
835 2710 3553 3012 Tiberbrücke. - Amandern Ufer. Personas Lager
1028 2962 1615 3083 uneurs
701 2970 2274 3264 Yoratins tocles, Cloelia.
227 3025 482 3276 13/11
931 3138 1733 3276 Warden schon
1598 3083 3524 3398 an denne Seite kämpfen.
751 3209 1590 3385 Okönntz
1598 3268 2215 3419 Mieiub
231 3222 684 3457 Clodia.
550 3272 3188 3633 So muß ich jetzt, - von dir scheiden?
545 3465 3364 3796 Kann nicht an deiner Seite besser kämpfen
575 3616 3503 3960 Und mit dir ziehe in das Gewühl der Schlacht?
336 3780 3549 4099 Mueins. Das kannst du nicht; – die Männer äußer streckte
1401 3998 1724 4153 ung
604 3985 3390 4308 Für euch ist nicht der wieder Kampf geschaffen,
583 4157 3570 4489 der nicht der W. Einsauft Grund verliehung die Ante¬
474 4321 3411 4715 Und übel stimmt dazu die Ernst der Schlacht¬
5441 197 5617 394 98
3796 487 6980 839 Volia. Okönnte ich an deiner Seite streiten
3809 768 6964 1040 könnt ich das Schwert in dieser weichen Hand
3771 940 6653 1212 Mit dir mich werfen in die Reise der Feinde
5223 1099 5533 1225 tzen
3864 1099 6817 1376 Vor tödtend Eisen/ deine Bresl. beschützen:
3755 1288 6926 1577 Meins. Geliebte, fürchte nichts, - ich schütz mich selbst.
3989 1464 6905 1754 Mich schützt Ommüß, der dies Rom gegründet;
3981 1644 6884 1934 Und wenn ich sterbe, Clonlia, - wenn nichts
3952 1791 6657 2106 Was ist wohl idel,- und schaut den Tod?
3968 1967 7052 2265 Wenn du mich auf dem Schlachtfeld wieder siehst
3939 2148 6943 2400 die Stirne blutig, - und das Haupt verwundet.
3947 2316 6657 2601 doch über mir in goldner Dingespracht,
5940 2479 6444 2622 Aufere
3922 2500 6897 2794 die Freiheit komt ich aus den Tölten hebend,
5344 2660 6037 2790 aus tod n
5118 2672 7027 2932 Da wunderbar erhebend
3981 2878 6808 3142 Und über dunkler, düsterer Grabes nach 4
3994 3071 7161 3314 In Götter schönheit. Romas Freiheit schweben,
3964 3197 7085 3423 Wirst du auch dann nicht, denn Ihrenen zugeln,
4019 3394 6985 3624 Wenn über Rom der Freiheit Sonn glüht
4019 3524 7203 3859 Wenn der Geliebte auf des Rahmes Flügeln
4019 3725 6473 4036 In des Elysiums Gefilde zieht?
3838 3968 7027 4178 Cvelia. O Musiets, in manf den Tod so schon,
5344 4057 5810 4208 muss er¬
3893 4086 6838 4325 Wie schön muß er erst sein an deiner Seite!
