7416 4936
1759 393 1947 626 95
1313 699 2213 949 Vierte Stene.
1268 888 3239 1219 Haus des Salernis zu Rom.
299 973 519 1247 J4
973 1096 1493 1362 P.Vale
204 1235 3468 1517 Valernis, Florheles, Aucius, Cassius, Sullius,
180 1468 1677 1718 Suretius, Sanatoren¬
270 1587 3497 1922 Valerius. Jetzt, Römer, - zeiget, daß ihr Kamer seid’
323 1771 3546 2102 Zum König Clusiums wandte sich Superführ¬
307 1971 3493 2245 und dieser nicht sich nun mit einen großen Heer,
245 2147 3497 2376 Um den Superbus wieder ungesetzte¬
323 2319 3436 2618 Euch, Müeins gab ich einen Theil der Truppen,
286 2479 3476 2822 Briefssen bei S. beiden Wald von Assera
307 2634 3538 2973 Euch als gar tagern Krieger habt gezeige.
249 2822 2732 3157 Auch ihr, Horatieb nehmt einen Pruch.
229 3031 3035 3325 Und stellt noch an des Tiberflößes Ufer -
855 3202 2299 3456 Lucins (Rounert)
241 3317 2973 3726 Dietator, sie sind da! Porsanna naht!
1002 3542 2286 3853 Alle stehen auf.)
973 3714 3611 4016 Ja ja! ich sah es von der hohen Monats I
294 3669 994 3996 Suoins
699 3861 990 4065 ganz
335 3886 3407 4172 Weil überhölt dar ihnen ist das Feld¬
368 4065 3583 4360 die Waffin blicken bei dem Schmiede
397 4237 3607 4609 In weitere Ferufe ist sich man zu verschienen,
5673 172 5841 397 98
5534 303 5730 515 96
5100 397 5468 691 blitze
5018 589 5423 830 blickt
3886 744 7113 1084 Bisweib sinaus blitzt es von ihren Waffen
3906 1010 7031 1223 Undlangsam schreitend nicht das stolze Herr,
3988 1145 7186 1411 Pogrosb., - so stolz für über hab' ich noch kreis gesehn.
6380 1272 6949 1423 inekeln,
3902 1288 6663 1591 Wie ihre Helene in der Sonne bließen
5153 1382 7202 1611 euchten ihrerweise Wustung strahbt
3980 1481 6961 1775 Wie ihre Schöne strahlen.  lersten
4049 1656 6912 1943 Und nun mange i/z, oder ob prauszuzogen
4049 1824 7108 2123 nicht kom, - nein die Erde zu besiegen,
3894 1996 7178 2307 Salerius. Sie kopfen, zum Einfremde der zuknechten,
3832 2200 7059 2380 Wir kämpfen, um das Vaterland zu retten.
3841 2352 7018 2658 bedenkel Freunde, was es spilt, - bedenket's
4998 2519 5505 2634 theuren
3935 2515 6499 2789 bedenkt des Vaterlandes Wohl!
3910 2708 7166 3002 Spurius bedankt, daß an den aus einzelnen Hoch
3963 2863 6896 3149 noch vieler Römer ungerichte Schätten
4012 3059 5145 3288 noch irren, auf
5129 3059 6969 3321 an dem grausenvollen Stejx
4393 3202 5141 3362 anruhvollen
4258 3235 7170 3517 mit Blüxieder ungerückter Römers
4082 3231 4920 3427 die Schotten
6016 3362 7158 3546 Engerächt reicher
5039 3382 5898 3521 fürz. Kirche
4016 3399 6965 3665 Odentt des Brutes denke des Collatund.
4115 3566 6106 3791 Und denkt Lucretias!
4090 3734 7117 4037 Gedanket ihres unschuldvollen Vufers
4131 3886 7133 4200 Sie ist noch nicht gesucht xxx lebt
3947 4094 6417 4319 Sgurnis. Ma trayl Sicontia!
3906 4270 7014 4564 Alten Suarntins Rache, Romas Frei seit
