7432 4824
346 602 1444 913 Valerius. O Spivius!
1247 810 2852 1109 Laßteuch nur sterben, Römer
275 814 743 1042 Spurius
374 991 2801 1247 der Erd ist nichts: doch daß ich sterben muß
775 1149 1101 1282 henen
382 1157 2840 1436 Von dieser Aausendtlich verfluchten Hand
1330 1330 1668 1483 græs
386 1330 2514 1609 das zießt mir geht in diese Wunde?
386 1511 3029 1825 Sebt wohl! -  Ich faß es, - der Tod - in meiner Brust -
378 1684 2939 1916 der Lat: Lucantia -Collatines - - (Sterbt.)
409 1857 3261 2160 Valerius. So ist durch er tödt! Die Plamme der Empörung
433 2042 2592 2325 hat viel Edle in ihrer Stadt verschlungen.
425 2195 2789 2502 O wird denn dieser Krug kein Ende!
409 2411 1747 2699 kommt nun nach Röm.
1298 2844 2270 3135 Dritte Scene.
779 3076 3273 3391 Nacht. Vor dem Thore Koms. Tiefe - Rille
1070 3348 3619 3749 Superbus (tritt in einer schwager Mantel gehüllt
885 3619 1735 3847 Cangfain auf.
378 3776 3049 4111 Da steh' ich nach den Trümmern meiner Macht
362 3961 2954 4252 Und schu zurück auf mein vergängers Leben.
382 4142 2640 4457 da nicht vor mir in schwerger Küsterins
3828 515 6412 854 Und Geister steigen aus dem Trümmerhaufen:
3839 712 6223 1015 Was wollt ihn da mit ihren dessen Anlitz
6801 736 7148 1078 be
3839 873 6404 1149 Was hebt ihr Dechand eure Hand gen mich.
3863 1039 6443 1381 Entflicht! E: schließt zum düstere orkos nieder:
3851 1223 6133 1534 die Lebenden verfolgen mich schon lange¬
3883 1432 6919 1747 Und jetzt steigt gar den Tod aus seinem Gräbern¬
3938 1593 6274 1908 Entflieht! Ich will auch nimm er kennen
3918 1731 6227 2049 treibt mich zum Wahnsam nicht!
3926 1939 6766 2234 Collatinus! was strebst du innig so gläßen an¬
3934 2128 4811 2431 Ha was sch' ich!
3883 2211 6522 2588 Aus allen andern hebt's sich ersorgroß —
3977 2466 5086 2699 Seroms Tullius
3957 2584 7128 2919 Letzt ist's genug. Wenn auch die Todten wider mich¬
3989 2793 6589 3135 In grausigem Vereine stehe sich verbunden
3997 2986 6046 3285 Und nach zum Waßeßem treibe!
3981 3135 7037 3513 Seb mohl & Noma, das ich nicht beherrsste -
4008 3355 4937 3623 Sch. dem Wunsch.
4008 3481 6908 3816 der letzte meines Stammes will isenden!
4119 3686 4972 4008 Ersteht sich.
4127 3847 6042 4134 die Wunsch ist nun erfüllt, o Anna!
4075 3973 7022 4351 Superbus hat gemacht. Angt vor dem welsere - todt!
6278 4150 6742 4339 (Werkt)
