7432 4792
273 525 3586 873 G. K. Lucius Gedanken in der Nacht über das Geheimnisvolle We¬
227 768 3607 1020 ben der Natur. der Tod des Collatinus. - Armus immer
223 936 2906 1205 Zwiespalt, - Leserbes herostratischer Ehegez
294 1134 3565 1407 5.30.  Arms entscheidet sich endlich. Grues Tod. - Brutus
315 1276 3212 1566 erhält v. Collotnus Nachricht, Er ist gebrochen
298 1436 3590 1713 Brutus v. Superbus getödtet i. p. Lucretus gerührt
298 1633 1692 1927 Peiräus erscheint.
294 1822 3632 2108 IV. Akt. 1.ac. Zu Rom. Stimmung des Volkes. Walwius
378 1999 1243 2242 Todtenrede.
390 2196 785 2397 2. M.
1020 2154 2360 2410 Valerius Dietator
340 2330 3519 2641 3. So. Superbus in der höchsten Antragung. Nicht
323 2511 3544 2822 mehr als Sterben ist dies Leben werth? Porsinne
273 2696 2158 2906 u. Tiberus Intriguanten.
286 2864 2217 3145 4. So. Nachricht von Superbus
323 3023 3443 3317 5.öc. Liebe v. Mueius u. Clonlia Kriegsßenen.
340 3212 1709 3472 6e Ve. Meine. des
307 3409 2360 3657 J. S. huenis Heldenthat
785 3569 3485 3850 Conlias Mut.-Porsanna flieht.- So perbus Ver¬
307 3565 668 3821 F. S.
390 3733 1297 4006 Zweiflung.
395 3909 2418 4132 V. Akt 10. Zu Rom- Velerins.
903 4081 3657 4413 Schlacht.- Superbus geschlagen. 3. K. Superbus 200.
462 4144 815 4304 R. R.
3762 416 6731 907 Ich arbeitete an Terminus Superbus von
3741 739 5752 1054 30. Juni bis 21. November 1875.
4253 949 5933 1348 Arthur Schaitzler
4111 4043 5500 4400 F.TrubyKing.
