7416 4792
361 564 3537 908 aus Herrschsucht Falsche verspricht dem Superbus
332 779 3557 1086 seine Hilfe. Er zieht auch wirklich mit ihn vor
311 945 3574 1248 die Stadt; doch der Heldemnut des römischen
352 1128 3624 1356 Volkes übteines tiefen Eindruck auf ihn. Er trennt
348 1273 3537 1605 sich von Superbäs. Ihr steht nun ganz allene
348 1526 3591 1750 Nun aber kämpff er noch mit seinem letzten
348 1654 3620 1957 kleinen Häufchen & gegen Roven, -wird geschlagen
282 1816 3400 2048 und flieht. Er kommt in düstrer Nacht vor die
369 2032 3466 2280 Thüre der Stadt, die er einst beherrscht, da sieht
336 2168 3483 2430 er nun vor den geistigen Augen die Verbrechen,
299 2351 3533 2649 die er verübt; die Todten schweren ihmaus dem
307 2529 3545 2803 Orkos hervor zu steigen; danebenden konnte er
282 2699 3557 3002 entfliehen. Doch die Todten verfolgen ihn überall; das
286 2873 3620 3126 ist ihm zu viel. Den Lebenden konnte er, den Todten
340 3047 3180 3342 nicht wiederstehen;- er tödtet sich selbst.
377 3222 3516 3516 Sie's ist die Charakter entwicklung der Superbus
323 3400 3454 3715 in diesem Drama, ich halte es nicht für nötig
328 3587 3495 3873 den geschichtlichen Verlauf der Begebenheit
311 3769 3603 4076 der sehr von dem hier eingeschlägenen
381 3918 2529 4229 Wege abweicht, hinzulegen.-
377 4018 3640 4445 Ich will jetzt die Aufeinanderfolge der Begebenheiten
3802 502 6986 788 m der vorliegenden Tragödie schildere u. erläutern.
3802 709 7057 974 der 1. Seite des 1. Actes zeigt uns die Tod der Lucretia,
3752 912 6986 1194 die eigentliche Veranlassung der Emporung. Butus
3815 1078 7074 1377 offenbart sich als ein begeisterter Freiheitskämpfer
3831 1240 7086 1484 und entdeckt den Freunden, daß die Liste nur daß seine
3873 1414 6663 1737 Wahrsein mir im geheuchelten gewesen wäre.
3835 1584 7090 1870 die 2. Treue: die Rede des Brautus. Begeisterung des Volkes¬
4888 1758 5195 1899 Liebe
3877 1741 6945 2023 Es zeigt sich die Stimmung des Volkes in Valewius.
3860 1945 7044 2256 Cocles u. Mueius künden sich als Freiheitanstrebende
3868 2110 7107 2363 Männer an, während die beiden Brutus sowie Hav. Aquibus
3744 2314 6949 2625 sich als als ausschweisendesunglinge, die das Königtum
3773 2463 7053 2749 nur wegen seiner Lasterhaftigkeit lieben, zeigen.
3831 2645 7053 2898 In der 3. Neue kehrt Superbus mit Sextus "Arnus zurück¬
3831 2857 7090 3135 Sie werden zurück geschlagen. Superbus Holz, Septus
3860 2977 6555 3321 Verstocktheit, Armis widerstreitende Gefühle.
3889 3147 7036 3408 4. Seine. Der Untergang des Septus als Schänder des
3877 3325 7007 3678 Königtums" durch die sittliche Macht der Gottes
3810 3545 4652 3806 daargestellt. -
3893 3545 7098 3968 damit endet nun der 1. Akt; und die Exposition
3848 3856 7065 4208 der Hauptcharaktere ist befürstet, die Handlung einge¬
3798 4088 4320 4333 leitet".
