7368 4856
5353 207 5606 434 100
3810 502 7052 860 Horatsbales - Hierauf die Brücke Schnell! Haus Tringel
185 540 2976 889 Okönnte ich an deiner Seite Sterben¬
6297 759 7090 978 vorwärt.
3810 776 4067 961 le
185 801 2440 1142 In einen Hauch unendlich voll (Wolleicht)
3823 940 7128 1146 Bis ganz zum Lager, bis wohin werkommen.
164 974 3153 1214 Verfliegt in Deinem Arm des Todes Schrecken¬
3701 1075 6976 1383 das ziel dort die Zelle, die ihr seht.
173 1159 3338 1395 Etreis Nun aber lebe wohl, - und bin ich todt.
3848 1273 7182 1484 Nehmt waren ganzen Nach zusammen Freunde.
122 1332 3271 1732 So denk.- ich bis fürs Vaterland gestorben.
3878 1479 7191 1716 Porsanna führt ein großes Heer zum wel¬
1205 1560 2053 1783 Wmell ab.)
4076 1623 7136 1893 drüben sind Personnas Kriegen
1572 1690 2011 1876 and
202 1694 3490 2019 Clonlia (schaut ihm (mit kauchtenden Bluten nach.)
3924 1804 7090 2082 aus den Zieler gedrungen. und
303 1893 3153 2158 Auf eine solche Liebs kann ich stolz sein:
3840 1973 7064 2272 stürmen auf die Brücke. Handge¬
274 2032 3427 2377 Wie herrlich er und groß von dannen schreibt
3874 2192 4641 2390 menge.
270 2226 3144 2466 O mueius! Bin sich deiner Liebe werth, -
4067 2297 7182 2601 (Porsenna u. Tiberus auf der Brücke)
287 2381 3229 2731 Nuredel durchgebert und nicht durch Thaten?
3861 2466 7182 2727 Corsenna. Hinüber mir hierüber, sie zur Macker¬
261 2596 3380 2875 Doch sich, dort naht sich ein Trupp von Kompern.
3878 2668 6972 2946 Die Thore brechet ein-dringt in die Stadt,
287 2761 3140 3085 Jetzt muß ich fort - O Muerus, - meinen Abschied,
3836 2820 7081 3136 Kor. Coles. König, ihr werft mit Worten schnell
274 2913 3498 3237 des Krieges wilder Gott beschütze dich! So,
6259 2993 6938 3271 umser
240 3106 3216 3448 Mars she mit der und auch sein Göttlich F.
3865 3170 7212 3435 Die That wird schwer sein, bei Olympe Götter à
303 3305 3549 3608 Moratius Cocles + ne Dans Toldaten kommen-
3836 3347 7229 3663 (Immer usus Spavose dlng and ondombre
316 3473 3532 3726 floratius Cote Sest ihr, da drücke regts sich schon ein Lager,
3861 3520 7208 3772 auf die Römer ein, die endlich zurückgeworfen werden.
2301 3612 2913 3794 Lagrit
329 3701 2795 3954 Hier diese Freik zu Ankne ist das Aufgab
3890 3688 7157 4004 Hor. Coeles. Was weicht ihresen Er kommen,
813 3806 1741 3958 Cass Vitellius
341 3836 3090 4046 xxung. xxx und soldaten
5968 3874 7140 4148 lieber sterben.
489 4025 889 4139 veltues
118 3890 3406 4295 Kais Kobernis. Von jener Seite kommen sie gezogen
3878 4055 7060 4358 Als einen Schrift zurück Ich bleibe oder Paris
270 4207 3477 4514 für unsig für ist's und geerwohl bewaffenk¬
169 4493 417 4628 aie
