7400 4808
3846 521 5299 819 Vindienis belauscht sei.
269 567 3645 915 2. Akt. 1. St. Sigerbös bei Pompilieb. Cidero als zeigt sich als dieser
3804 739 6903 924 6. So. Valerius' Erstaunen über den Verrot und sein
269 768 3603 1033 und furchtlos Glücklicherweise bietet paag. selbst das Heer an¬
3812 873 6882 1209 Monolog. die verschiedenen Charaktere zeigne sich bei
307 966 3472 1260 Sicherbus hätte sich kaum dazu herabgelassen. Die Leiche
3741 1066 6474 1302 der Zusammenkurft. Der Traum des mueurs
286 1138 3603 1432 des Sextus regt ihn mehr durch die That, als durch den Soodes
3783 1230 7046 1537 7 K. die Verschr. Casse Vitell. Tod nur durch das erwachende
298 1373 3590 1600 Sohnes selbst auf.- In seinem Monolog zeigt sich sein
3867 1394 6966 1734 Gewissen des Eikaro verhindert. Verschwörung entdeckt
311 1478 3569 1784 verkwürdige Weltanschauung; er zi man bemerkte seinen
3880 1612 5845 1814 Bretes nur für das Vaterland.
298 1667 3456 1952 Øpoismus, da er nur wenig seiner Gemahlin und
3888 1805 7054 2024 J.C. Cicero's Charakter verleugnet sich nicht. In seinem
315 1839 3447 2032 Das todten war ihm liegenden Sohnes denkt. Sein
3909 1944 5366 2204 Trotz findet er den Tod
307 2066 3573 2314 Hauptzug ist eben Stolz und Ehrgeiz. In Aruns¬
3930 1978 7062 2410 Mit dem Ende des 2. Aktes ist die Entwicklung der
323 2188 3502 2473 zeigt sich da erkennen wer die sittlich reinen
4623 2301 4791 2410 Wm
3913 2246 7071 2561 Handlung vorgeschritten; wir haben Rom die Gesinnungen
340 2355 3506 2654 Menschen Er steht in Superbe aus seinen Vater, nicht
3896 2448 7100 2687 Von Roma's Erwähnern erkannt, und wir erwarten
323 2532 2355 2801 aber den stolzen, wilden Ring.
3880 2649 5656 2914 sein Verhalten gegen außen.
340 2708 3191 3002 2. Se. Die Wut gegen die ganze Familie des Superbus.
3796 2822 6953 3082 M. Akt. 6 x. Die Verschwerer hingerichtet. Lueius tritt
365 2893 3552 3090 3. Se. - die Verehrung des Bratus. - Unwillen der beiden
3842 2964 7041 3208 als in das Selten liebender Jungling auf. Foutus park
286 3090 3531 3359 beiden Brutus, des Kow. Agt., Maro. V. K; Regem der Verschwörung
3825 3166 5479 3460 sich immer mehr und mehr.
315 3246 3388 3460 - Sp. Luar wendet sich aus dem eignen Innern der
4648 3338 5005 3464 Freng
3804 3338 6999 3552 2. R. die Vaterlandliche das Brutus zeigt sich in der Absehung
307 3414 3535 3682 allgemeinen Sache zu. Der Tod den Tillia, u. Valerius
3804 3451 6983 3804 des Collatinus; doch meint man auch schon verschsucht
328 3615 873 3825 Monolog.
3800 3674 6932 3993 hervorleuchten zu sehen. Spivius nun Art vorma.
386 3783 3199 4060 4. St. Bericht der Consulé. Die Gesandtschaft abgewesen
3854 3859 6974 4157 3. Sr. Collatinn künft und ihre Motivirung u Sperung
361 3943 3624 4232 5.6. „Nun Verschwörer kommen in Anlus und Cicero
3854 4090 4409 4329 Monolog.
336 4153 3615 4442 dazu: u. sie fiel die eigentlichen Veranlasser der Verschwärz¬
2927 4304 3099 4564 P.
458 4308 928 4535 Todes Cal.
