7480 4968
1813 420 2000 570 107
1643 541 1809 719 109.
1339 882 1830 1198 (kaufe.)
349 1094 2354 1443 Porsanna. Geh.-Clölia, - die bistfrei!
1231 1252 2732 1551 (Clölia stürzt hinaus.)
2192 1414 3302 1672 Omeire Clölea
370 1481 1921 1726 lueres (von draussen.)
1181 1813 3601 2034 Persenna (bei dem Leichnam seines Sohnes
312 1938 2795 2287 1 Könner, Römer, tapferstes der Völker,
291 2133 2533 2458 lasse ich zu befragen unternahm.
324 2329 2974 2616 Wenn du solch tagfra Männer, in der bergst
366 2495 3165 2782 Solch alle Weiber dir entsprießen, Roma¬
274 2657 3206 2915 mann kann es eines Tollen Plan nur sein,
374 2894 3614 3127 lich unter sein zuzwänger in der Knechtschaft Retten
408 3023 3489 3360 Und dich zu fesseln mit der Herrschaft Band!
437 3194 3073 3464 So großend so erhaben ist kam Wolk,
449 3402 3327 3726 das sich der Macht Personnas gebeugt
478 3427 3626 3834 So hoch und endlich statt nur kam mitgegangen
462 3693 3668 4009 dem größten Fried selbst kann ich sich nicht verachten
491 3897 3614 4242 Und deiner Größe beugt sich seine macht.
1435 4071 3356 4350 Syörbhs (kacamti)
395 4313 1368 4554 Korsinna!
1285 4412 3115 4716 Lebet wohl Carquinäus.
337 4487 1131 4766 Poesenna.
387 4745 586 4924 be
5036 150 5236 445 110
3884 403 6371 882 Ich ziehe wieder sein nach Ausium!
3888 536 7141 1015 Sucherbus, Und wie; - das wolltet ist, - Porssenne¬
3818 857 5544 1252 Porsanna (auch hierauf deutend.)
4026 907 6908 1360 Seht, das ist eines Konarweibes That:
3959 1268 5236 1530 Sicperbus I Tiberius!
3980 1256 6808 1726 Vorseima. Cölia hat ihn gemordet!
4001 1431 7240 1884 Sorperbus. Und deshalb wollt ihr zeige Fliehm, Post¬
3901 1634 7253 2117 Porsanna. Glaubt ihr, ich thu's aus Teigheit, - wie
6147 1772 7166 2063 aus Achtung.
3942 1942 7245 2387 Superbus O bei des Orkos fürstere Mächten, - Feig Ang
4005 2108 7282 2662 Porsanna - mir Teigling! (Zieht das Schwert, - plötzlig)
6305 2304 6912 2599 Höhnisch.)
5157 2425 7224 2849 Nun sowisst denn endlich alles!
4055 2632 7311 3181 glaubt ihr, daß uuretwegen uspekämpft
4092 2832 7257 3310 Nun ich zog aus, selbst Rom zu unterwerfen
4125 2986 7319 3418 Und kur zu erknüpfern seinen Herrscherxx
4113 3202 6762 3606 1 Superbus wie vom Donner gerührt.
4046 3323 7315 3826 Porsenma-Nun hebet wohl! Allein siegt über Rom!
4296 3498 7315 4026 bir ist kalk zu hierlih und erhaben. (Ob)
5045 3967 5797 4288 Fause.
5465 4333 5939 4537 konnte.
