7416 4744
308 553 628 749 Alle
803 462 3096 791 Sa Publius Valerius dictatori
753 737 2085 986 Volk dringt herein.)
345 861 766 1061 Plimmen
945 903 1947 1132 Was ist? Was ist?
391 1044 824 1298 Spurius
1494 1090 3479 1307 Der größte Freund des Volkes
1810 1248 2126 1407 xx
429 1257 2634 1569 Vater es wird überall gebieten.
445 1407 774 1610 Sar
399 1590 732 1769 Melz.
845 1590 2763 1877 Valerius? Vaterius lebe hoch!
399 1769 720 1943 Wal.
870 1781 3579 2101 Vergesset nicht - ihr weilt in heilger Nähe -
375 1935 3088 2239 keit nicht zu freudig an der Todtenbahre
391 2110 3495 2401 des größten Mutter uns uns uns neuern Vaterland.
341 2297 3466 2626 durch ihn nur seit der mehrer Fesseln frei¬
300 2463 3550 2796 durch ihn mir ist derwerbes jetzt vertrieben,
204 2613 3429 2971 Wird irrt dieser ein seimatlicher Flüchtlin
370 2809 3387 3138 Von Land zu Land, sich Freunde zu erwerben
300 2996 3400 3358 die er in seiner eigenen Stadt nicht fand.
354 3167 2880 3491 Seid also stille. Brutes ruhet hier
175 3362 3441 3679 und durch diesen Mann geweiht ist diese Stätte,
4652 487 5792 770 Dritte Seene.
4053 595 4303 828 29/10
4964 716 5759 970 In Clüsium
4994 882 5963 1140 Superbus (allain)
4041 1020 6317 1369 Auch von Pompiliub bin ich verlassen!
3645 1153 3824 1307 n
4053 1169 6517 1498 Mit meiner Treuen allzukleinen Schaar
4066 1373 6766 1748 Nehm ich die letzte Zuflucht zu Porsenna¬
4061 1560 6483 1873 dem mächtigen Könige von Ausium
4066 1748 6816 2027 Superbud irrt unser vertrieben und verbannt
4049 1906 7057 2226 Superbus, dem sich Roma einstens beugte
4061 2022 6758 2447 Vor dem die Welt im Staube sich gewälzt
3999 2251 6928 2584 Und jetzt, - und jetzte! O Welt, wie ist den Treiben.
4041 2422 6462 2759 Wie nichtig! Wie hinfällig ist die Thun
3991 2584 6829 2871 da irrt nieher, – der komme einst beherrschte,
3957 2746 6666 3121 Ein Flüchtling Romab mächtiger König.
6192 2846 6704 2996 magtsver¬
3953 2930 6887 3283 Wir rächen Köchen will ich auch - und sterben.
3907 3096 6795 3479 Ich hab’ es satt, dies tolle Hausalspiel,
3882 3271 6679 3633 das man das Leben nennt; ich hab es satt.
3874 3441 7216 3857 Ich hab' gar Ich bin zu stolz, noch länger mit zu spalen.
3891 3616 6879 3978 In dieser nieder Menge kleinlich schreiben.
3895 3803 6933 4149 Früher lebt ich zum, - jetzt fahre hin u Leben.
3849 3962 6504 4403 Ich weis, — du bist ein unbepreiflich nichts,
