7416 4984
133 794 2386 1149 Der viel hab' ich gesündigt und gefehlt,
125 951 3115 1314 das was man festen neunf auch dieser Herde,
173 1157 3063 1507 doch hatt' ich lecht, trotzt allem sag ich dies
133 1342 2793 1689 Denn wozu lebst du, Masch in dieser Welt?
226 1531 2777 1870 Genieß das Leben; thue, was du willst,
206 1660 3280 1967 Was die im Curla wünscht im Taumel der Gefühle;
222 1878 2986 2184 du Pirtst ja bald,- und hast geglaubt zu letzt,
169 2047 2994 2333 das war kein Lebei i. las du nicht genossest.
181 2200 3075 2515 Schwank deinen Sinnen frührend hier u. näher,
238 2398 2894 2732 Erwache nie aus dem Pfürksel von Tamel
258 2563 2829 2861 In den sich deinen 1 Sinne Nacht gehüllt.
210 2740 3139 3043 Nicht mehr als Sterben ist das Leben verth!
250 2930 3180 3252 Auch ich will sterten, wenn ich mich gerächt
258 3079 3397 3446 Wenn ich mich lebte an dem Blut der Feinde!
1205 3333 2575 3704 Porsenna (kommt.)
266 3639 3353 3953 Seid mir gegrüßt, ihr Mächtigster der Märtigste
294 3800 3264 4094 die Kunde von dem Aufstand Drang zu uns
286 3982 2890 4276 der euch aus Romas thoren jüngst vertrieben
322 4171 3558 4457 Superbus. Ihr habt gehört von der Empfang Wufen?
407 4324 3530 4687 laßena. Ich habs gehört und zich mit auch der Rom,
5565 218 5787 443 92
3953 621 7101 935 mit mich will ich do schwill auch helfen gegen die Empörer,
3921 750 6686 1032 Ihr solle wieder Remas König werdet,
3970 903 7085 1261 Und sollte Ich schwöres auch bei des Olympos Göttern
3982 1096 6996 1390 Superbus. Wohlan denn, – wäre Hand, Brehmen¬
3945 1294 6694 1636 Sorsenna. dadurch verbrüdern ich mich euch!
4634 1479 6267 1785 (Reichen sich die Hände.)
4014 1664 7153 1926 Parsanna. Wir ziehen in meinigen Tagen fortern sie u.
4030 1785 4643 2043 Und eure
4743 1838 6883 2160 Roman sollen bald sich fügnis.
4030 1963 7061 2317 Ich fuhr ein großes Heer zum kampf gen Rom¬
3978 2144 4643 2422 Süperbus.
4711 2152 7206 2458 Schwell, es meinem Mannen nicht verkän¬
3829 2345 6710 2652 3/4 Sie mögende sich zum Kauferrüsten schnell
4103 2495 7121 2825 Lebt wohl, Personna.- bald sch ich auch wieder¬
4981 2752 6097 3131 Porsenna (allein.)
3913 3039 6670 3361 Superbus! Zeugerisch ist deine Hoffnung!
3917 3196 6762 3446 Du wirst nie herrschen wieder über Rom.
5646 3409 6053 3534 Louis
3921 3389 6944 3712 Mih.-Roma, wirst als Herrscher) die begrüßene
3937 3563 6537 3885 Für Dich. Superbus, kämpf' ich nimmermehr
3913 3732 7024 4074 Mir selbst will ich ein großes Reich erwerben
3990 3897 7097 4268 Weit streckt sich meine Herr schaftjetzt schon aus
4038 4066 7210 4465 Und fern erst sind die Grenzen meinen
