7448 4888
5110 191 5371 357 112
3803 527 7047 896 vor dem Zelte. Er blickt noch immer schweigen
1170 564 2488 838 Superbas (allain.)
5811 788 6449 966 Finstor-Finstere
3845 809 4351 1049 hinaus.
3886 946 6615 1199 Superbus, Hu, - was stürmt, - und tiefe - tief Nacht
241 875 3330 1219 So bin ich ganz allein, - bin ganz verlassen,
3940 1120 6250 1435 So tiefe nacht wie da in meiner Seele
348 1103 3418 1394 To hat sich alles treulos fortgewendet;
3924 1277 6777 1593 So stürmisch tobt, wie da in meiner Brust!
361 1269 3471 1580 Was sich noch anschloß vor dem Rönig Koms.
3944 1427 6615 1700 V Götter Gutter, - gebet mir ein Zeichen!
365 1468 3534 1750 Was noch an mich mein einstiges Stück gebauet.
2186 1630 2422 1763 Rass
3928 1576 7175 1953 Ob sich doch einmal das Glück noch einem zu verwendet.
390 1597 2858 1904 Da steh ich auf den Lebensrkur allein,
3957 1804 6715 2132 Doch noch einmal Herrsche über Rom.
348 1800 2916 2099 Umtheft von des Unglücks wilden Wagen,
3998 1962 7138 2248 (Plötzlich starker Windstost; - das Feuer verlöfft.)
336 1999 2994 2273 Und von den Schulden tobenden umbrauste¬
3919 2132 7146 2406 Superbus. Weh mir - weh' mir! Welch fürchterliches Zeichen
373 2198 3277 2422 Tief in die Wellen reißt der Sterne mein Schafflein
3998 2298 6727 2559 Ich bin verloren! Weh! Ich bin verleren!
415 2335 3376 2625 Eint. Und treibt mit ihm sein graafzig höhnen spiel,
4189 2414 6872 2654 Bald warst du xxx erfolgen, das srei Orkos,
3741 2455 3936 2638 1765
3770 2538 6632 2837 Bald Ein neues Opfer. Gott der Fürsteregs.
307 2505 2576 2725 Auf mich herwiederstönt der Donner
5242 2634 6512 2891 Sinkl nieder #
3762 2721 3924 2941 44
406 2659 3430 2932 kein Obernlein blicket aus den äußern Wolken¬
365 2878 3347 3065 Und laut er immer lauter wird das Brausen
3940 2887 4297 3152 44 4
4678 2916 5952 3252 Vorhang fällt
402 3040 2953 3326 Und höher einer hoher steigt das Meer
6350 3165 7188 3434 Was und geschehe?
3778 3194 6259 3538 4 Gebt nur ein solchen meines künftigen Schicksalcke
402 3214 3102 3500 Und sehliger immer festger, wird der Sturm
6420 3330 7063 3509 Wir wird
3903 3380 6022 3712 Wird sich des Glückes mandelbares Rück Anlaß
6312 3438 7183 3617 des glück sich werden?
456 3393 3476 3691 Auf mich herunter schaurig trat der Donner¬
3928 3513 7159 3890 Noch einmal freundlich zu mir niedermögen l. Vorkündig ver¬
477 3571 3575 3820 Und in die Tiefer schleudert, nach der klütz¬
1920 3741 2551 3895 weg des Zellte
3895 3708 7229 4002 Wird ich noch einmal herrschen über Rom:) an wird, mein Exilfe
6259 3828 6653 3977 enden?
606 3741 3463 4031 kannt zum Geist und reißt das vor auf.
3899 3895 5674 4156 Verkündet, des Adlers hoher Flug
510 3948 3438 4218 Er bleibt samend stehen es ist nacht. Noch
4272 4102 4533 4251 vom
3928 3924 6960 4322 Aufwiedern Himmel hinauf Sohnes von seiner Größe
527 4085 3447 4396 immer starker Wind. Feuerbrennt
3982 4230 6346 4475 Heirabsieckt in jeden eines Rechts¬
3998 4359 6047 4562 Und in dem dunkels tortaros verschwindet
319 4002 581 4703 me
