4905 5016
1481 728 2107 891 Dr. Hermann Kesser
1616 829 1911 908 ZUERICH V
1475 875 2166 1003 Sonnhaldenstrasse 12
1481 1160 2983 1321 Hochverehrter Herr Doktor Arthur Schnitzler,
1485 1229 4018 1416 mit einer reichlichen Verspaetung habe ich juengst den so freundlichen Brief
1481 1321 4103 1557 erhalten, den Sie Ende Dezember an die Adresse der Frankfurter Zeitung
1491 1498 4097 1662 tet eben. (Meine, eines Sueddeutschen feste Wohnung ist seit vielen Jahren,
1501 1645 4038 1875 obzwar ich ebenso in Deutschland wie in der Schweiz gelebt habe, in Zürich.)
1504 1796 4002 1953 Ihre Anteilnahme an meinem Versuch aus der Frankfurt Zeitung ist mir eine
1517 1871 4048 2052 hohe Ihre und eine Bestaetigung. Sie bestaerkt mich in meinem Glauben: Dass
1517 2022 4113 2206 Sie jenem Thema schoepferisch - beziehungsreich zugewandt sind, und das letzte
1521 2127 3976 2386 Wort - bei dem es gewiss nicht um den Journalismus geht, der doch nur ein
1521 2291 4008 2452 Zeichen der Zeit ist - durchaus nicht ausgesprochen haben. Ich schloss von
1468 2379 3995 2645 jeher so, nicht nur aus der Gestalt des Rademacher, die ich wie so Vieles
1521 2543 4015 2714 aus Ihrem dramatischen und epischen Werk dereinst mit dem staerksten Gefuehl
1527 2668 4077 2825 des Erlebens, und der Dankbarkeitsempfindung für Arthur Schnitzler empfangen
1521 2786 4087 2992 habe. - Ich schloss auf Ihre seelische Einstellung zu der grossen Frage auch
1534 2904 3848 3091 aus vielen andern Toenen, die ich bei Ihnen vernommen zu haben meine.
1537 2999 4120 3241 "Professor Bernhardi "habe ich leider in einer etwas schwäecheren Darstellung
1531 3182 4061 3376 ken en gelernt. Ihre gesammelten Werke sind in meinem Besitz, dieses Drama
1547 3333 4107 3530 zu meinem Bedauern nicht. Ich waere Ihnen für das Buch aus Ihrer Hand überaus
1547 3458 1875 3638 dankbar.
1550 3468 4185 3789 Mit aller Bereitschaft und Freude warte ich der Werke, die Sie in Ihrem gueti-
1554 3723 2235 3910 gen Brief erwaehnen
2776 3831 3064 4021 und bin
2629 3982 3458 4097 Ihr Sie hoch verehrender
2819 4054 3428 4185 Ihnen ergebenster
3042 4117 3595 4323 ermann Kesser
1547 4182 2098 4464 28. Januar 1917
