4934 5112
3259 557 3915 833 3/11 24
982 560 1539 855 Renn
1404 1220 3344 1447 Sehr verehrter lieber Herr Dr. Arthur Schnitzler,
1227 1546 4036 1773 Sie hatten recht, mich wieder in Wiesbaden zu suchen. Ich bin laengst
1227 1738 3833 1876 aus dem Spital in Zuerich in das Dasein zurueckgekehrt, und habe
1238 1883 3929 2039 schon wieder den ersten Verdruss ueber verschobene und nichtzustande
1223 1972 4036 2174 gekommene Auffuehrungen hinter mir, Dinge von denen ich im Krankenhaus
1227 2117 4011 2270 nichts wusste.- Aber Ihnen kann ich sagen, dass ich von der Komoedie
1681 2248 3972 2426 rung im kleinen Haus des Wiesbadenerr Staatstheaters einen
1241 2263 1692 2411 der Verfueh,
1319 2365 1695 2458 cʼest une autre et de ses
1238 2394 3922 2571 ausgezeichneten Eindruck empfangen habe. Dr. Hans Buxbaum hat eine
1252 2472 3982 2635 wirklich hervorragende Inszenierung geschaffen, und Frau Hummel als
1241 2638 4082 2830 Aurelie, so scheint es wenigstens mir, ist eineldealvertreterin dieser
1245 2748 4092 2940 Gestalt. Wenn ich die Komoedie zu inszenieren haette, ich glaube nicht
1245 2901 3968 3025 dass ich Besseres erreicht haette. Ich sah die dritte Auffuehrung.
1248 3025 4053 3220 Schon die vierte vom kommenden Dienstag ist abermals ausverkauft. Dies
1252 3117 3869 3294 der brutale aber doch sehr erfreuliche Bericht der Tatsachen - mit
1252 3266 3763 3447 meinen Augen. Ich hoffe Ihnen bei einer Begegnung, die sich
1259 3415 4025 3575 vielleicht nun doch-sei es in Deutschland oder in der Schweiz- einmal
1259 3543 4107 3702 erfüellt, noch viele Einzelnheiten erzaehlen zu köennen. Die Hauptsache
1259 3702 3993 3833 ist : Es war beim Regisseur und bei den Hauptdarstellern eine ausge-
1255 3823 4025 3990 sprochene Liebe zu Ihrer Sache vorhanden und die Komoedie spielte -
1273 3951 3770 4160 bildhaft und szenisch zugleich - ineinander. Schwerlich haette
