4983 5064
1131 400 1669 771 Renn
1362 955 3047 1205 Sehr verehrter Herr Dr. Arthur Schnitzler,
1382 1115 4022 1288 ich erlaube mir bei Ihnen anzufragen, ob Sie mir eine Gefälligkei
1378 1272 3915 1428 erweisen koennen. Sind die Voraussetzungen nicht vorhanden, so
1372 1392 3908 1522 bitte ich Sie, sich von mir nicht mehr bemueht zu fuehlen, als
1385 1529 3975 1645 durch ein solches Gesuch unbedingt noetig ist.- Ich bin bemueht,
1378 1652 4048 1769 mit dem Paul Zsolnay-Verlag zu unterhandeln, wegen eines Romans von
1385 1719 3988 1919 mir, der "Musik-in der Pensionn" heisst und im Berliner Tageblatt
1372 1882 3898 2069 erschienen ist. Vielleicht ist es auch Ihnen moeglich, in einer
1375 1982 4062 2193 Form, wie sie Ihnen gut scheint, mich dort - sagen wir, athmosphaf
1378 2103 3808 2340 risch besser zu verdeullehen als ich es, fuerdiesen Verlag
1392 2273 2790 2450 aus der Ferne kommend, sein kann.
1402 2416 3948 2567 Ich habe mich kuerzlich in der Sache in Verbindung gesetzt. Meine
1385 2530 3845 2700 Bitte ist selbstverstaendlich nur fuer den Fall gestellt, dass
1388 2637 3925 2850 Ihnen die Erfuellung keinerlei Umstaende bereitet. Ich weiss ja
1392 2770 3982 2924 garnicht, ob Sie mit den Herren vom Verlag Zsolnay in dauernden
1405 2857 3962 3057 persoenlichen Beziehungen stehen und bitte Sie versichert zu sein,
1408 3044 3928 3184 dass ich Ihrem Urteil ueberlasse, was zu tun oder nicht zutun
1388 3121 4052 3284 Ihnen richtig erscheint. Ich haben Ihnen fuer jede Aufnahme meiner
1398 3307 1982 3494 Zeilen dankbar
2156 3348 3872 3548 Ihr immer verehrend und dankbar ergebener
1412 3548 2136 3675 Dr. Hermann Kesser
3167 3534 3865 3791 He rman Kesses
1402 3651 2066 3741 Mainzerstrasse 3
1402 3721 1789 3848 Kiesbaden
2560 3758 2984 3945 1. 4. 28.
