5000 5033
2578 454 2999 714 froly
1521 645 2097 817 Een
1380 988 3388 1222 Lieber, sehr verehrter Herr Dr. Arthur Schnitzler,
1801 1205 4027 1330 ich überlege eben, was ich Ihnen gestern in einer etwas
1416 1291 3888 1422 dunklen Stunde geschrieben habe und befürchte fast, dass Ihnen
1412 1350 3908 1488 mein Brief als der typische Ausdruck eines unzufriedenen Autors
1426 1386 4023 1587 erscheint, der noch überdies seine Empfindungen auf Ihre Schultern
1412 1501 3556 1600 ablädt, die doch wirklich schon genug zu tragen haben.
1821 1594 4000 1706 Ich habe, glaube ich, Folgendes nicht klar genug gesagt:
1432 1679 3967 1785 Dass nämlich Zsolnay mit seinem Verhalten mich nicht nur augen-
1426 1699 4070 1847 blicklich und in unmittelbarster Wirkung schädigt. Er hat mir auch
1426 1785 4020 1906 alle Aussichten auf ein gut finanziertes Weiterarbeiten beseitigt.
1426 1850 3885 1989 Er hat mich, wie ich sagen möchte, in geschäftlicher Beziehung
1442 1923 3882 2048 degradiert. Und das spüre ich jetzt, wo es gilt mich für meine
1439 1952 3981 2097 neuen Sachen einzusetzen. Ich habe ihn um die Jahreswende herum
1436 2038 3958 2193 gebeten, er möchte doch das fünfte bis zehnte Tausend des Romans
1439 2061 4043 2236 drucken, weil einzig dadurch meinem Prestige als Autor, das durch
1445 2157 3859 2318 ihn verletzt worden ist, wieder aufgeholfen werden könnte. Um
1445 2196 4007 2364 diese Sache geht es nun. Sie wissen ja, lieber Herr Doktor Arthur
1439 2292 3885 2433 Schnitzler, wie sich zuweilen die Dinge in der Oeffentlichkeit
1436 2361 3895 2489 auf einen ganz bestimmten Punkt hin zuspitzen. So steht es zur
1449 2367 4060 2575 Zeit bei mir, und aus dieser wirklich drückenden Notlage, die mein
1455 2486 4053 2624 ganzes Fortkommen gefährdet, wende ich mich an Sie. Und motiviere
1445 2558 3974 2687 nochmals meinen gestrigen Brief, damit Sie ihn ja nicht missver-
1455 2608 3971 2749 stehen. Von Ihrer kollegialen Anteilnahme habe ich so schöne Be-
1468 2674 3944 2809 weise bekommen, dass ich mir unmöglich denken kann, ich spräche
1468 2776 2670 2907 vollkommen in die Luft hinaus.
1844 2799 3951 2970 Nochmals bitte ich Sie, in den Versuch, in der Ange-
1449 2901 4043 3059 legenheit, wenn es irgendwie geht zu intervenieren. Ich habe durch
1459 2993 3951 3125 Korrespondenz garnichts erreicht. Verlagsdirektor Costa hat mir
1468 3036 4043 3181 lediglich mit diplomatischen Wendungen geantwortet. wannscheinlich
1468 3115 3842 3240 würde es ja auch garnichts nützen, wenn man nur mit scharfen
1462 3230 2114 3352 Worten vorginge.
1854 3312 2173 3454 Ich bin
2262 3378 3665 3589 Ihr treu ergebener, Sie verehrender
3151 3642 3760 3800 fermannkester
1534 3885 2160 4030 Lainzerstrasse 3
1541 4000 1903 4112 esbaden
2328 4270 2756 4399 22. 5. 29
