4959 5095
1984 568 2287 790 '̃
1714 1160 3896 1302 während der Inflationszeit nach der Schweiz - was voll-
1714 1269 3943 1444 kommen überflüssig gewesen ist - die Stücke der Autoren
1745 1419 3976 1592 zum Teil gegen fünf Prozent Tantième abgegeben. Noch dazu
1739 1564 3976 1692 an einen Burschen wie den Theater-Direktor Wenzler in Zü-
1739 1650 3909 1823 rich. Wie mir Herr Kantorowitz in Zürich mitteilte sind
1736 1834 3826 1964 Sie der einzige Autor gewesen, der sich das nicht ge-
1736 1959 3756 2101 fallen liess, der zweite Autor war ich, und ich war
1761 2084 3912 2223 selbstverständlich erfolgreich. Ich habe mich in dieser
1750 2190 3868 2365 Angelegenheit seiner Zeit an den berühmten Herrn Gold-
1753 2321 3815 2479 baum gewandt und eine ausweichende Antwort bekommen.
1761 2440 3865 2624 Es war trotz mehrerer Briefe nicht möglich, die Sache
1767 2582 3962 2721 durch Herrn Goldbaum zum Nutzen der Bühnenschriftsteller
1767 2735 3929 2860 zur Sprache bringen zu lassen. Damit beginnen meine Er-
1759 2849 3868 3011 fahrungen. Ich weiss, man sollte sich schon um seinen
1772 2988 3818 3105 Geruchssinn zu schonen, mit solchen Dingen nicht be¬
1789 3097 3851 3247 schäftigen. Ich bin aber der Meinung, die Sache kann
1770 3211 3879 3389 nun wirklich nicht mehr so weitergehen. Innerhalb des
1792 3386 3979 3528 sogenannten Rechtsbetriebes ist garnichts mehr zu errei-
1797 3520 3915 3687 chen. Es muss einmal gegen den Rechtsbetrieb gegan die
1786 3626 3851 3773 Bühnenverleger und gegen die Theaterdirektoren, aber
1792 3720 3862 3907 auch genau so gut gegen die Autoren die unfähig sind
