4931 5064
1026 471 1631 810 Resser
1377 1147 3029 1355 Hochverehrter Herr Dr. Arthur Schnitzler,
1401 1331 3758 1529 von einer kleinen Reise zurueck finde ich soeben Ihre sehr
1193 1508 3847 1667 guetigen Zeilen, mir denen Sie mir sagen, dass Sie schon mit dem
1200 1631 3815 1812 Hern Verlagsdirektor vom Zsolnay-Verlag im Sinne meiner Bitte ge-
1203 1769 3829 1914 sprochen haben. Empfangen Sie allerherzlichsten Dank fuer diese
1200 1872 3932 2028 unverdient schnelle intervention. Ich glaubeallerdings im Gegensatz
1210 1996 3907 2183 zu Ihnen, dass mir eine derartige Foerderung nicht ganz entbehrlich
1203 2134 4016 2307 ist, und freue mich Ihres freundlichen Wunsches, es moechte moeglich
1200 2247 3878 2431 sein, dass der Verlag und ich zusammenkaemen. Fuer mich stellt der
1217 2371 4016 2537 Verlag doch insoferne einen weissen Raben unter den Verlegern der deut-
1203 2491 3949 2704 schen Sprache dar als er sich fuerden Autor im Allgemeinen und nicht
1203 2636 4052 2796 nur fuerdas einzelne Buch zu interessieren scheint, woran mir ja wenige
1203 2757 3854 2912 ger gelegen waere. Und da es mir nicht gelungen ist, durchweg mit
1203 2916 3811 3072 meiner Gesamtproduktion das Ohr dererzuzureichischen, von denen ich
1200 3036 4038 3192 gehoert werden moechte, vielmehr meine Produktion - um ein glaenzendes
1200 3167 3854 3326 Vort von Ihnen zu gebrauchen, was ich juengst unvergessbar meinem
1182 3273 3825 3447 Sprachschatz einverleibt habe - je nach der Publikationslage immer
1203 3415 3935 3574 etwas willkuerlich fragmentarisiert wird, war mir anneVorn von Ihnen
1200 3546 3804 3702 besonders viel wert. Ich wuensche mir - dies auf Ihre Frage nach
1203 3610 4013 3878 Wien - es möchte mir vergoennt sein, Ihnen wieder einmal - moeglichst
1203 3794 2155 3992 bald - dort zu begegnen
2378 3829 2689 3985 und bin
2190 3847 3556 4073 Ihnen mit den schoensten Wuenschen
2254 4016 2888 4144 fuer diese Zeit
2463 4080 2767 4179 ergeben.
2254 4073 3691 4296 als Ihr stets in dankbarer Verehrung.
2668 4211 3036 4321 zuge taner
2888 4211 3518 4466 fernemkenn.
1193 4271 2116 4491 H. K. Mainzerstrasse 3
1366 4423 1769 4576 Wiesbaden
2428 4381 2817 4593 7. 4. 288
