4924 5279
3340 667 3548 989 ont
1241 1130 3344 1358 Lieber, sehr verehrter Herr Doktor Arthur Schnitzler,
1774 1311 3907 1452 Ihr ehrenvoller und herzlicher Brief ist mir eine hohe
1258 1368 3900 1539 Freude gewesen! Ich danke Ihnen aufrichtig und verbinde mit meinem
1254 1412 3954 1633 Dank den Wunsch, Ihnen nun endlich wieder einmal in Wien zu begegnen.
1744 1573 3511 1710 Ich las über Sie, dass Sie in jenen Tagen in
1258 1606 3830 1794 St. Moritz gewesen seien. Möchten Sie sich dort gut erholt haben!
1767 1737 3810 1888 Wir haben jetzt alle Kameradschaft und Zusammenhalt
1261 1845 3310 2009 nötig, ich glaube nötiger als es jemals gewesen ist.
1777 1938 3619 2173 Ich drücke Ihnen treu und dankbar die Hand als
2519 2076 2673 2220 Ihr
2250 2200 2871 2361 Sie verehrender
2750 2338 3589 2656 Hermann Wesser
1301 2589 1989 2753 Dr. Hermann Kesser
1301 2717 1972 2831 Mainzerstrasse 3
1308 2790 1694 2921 Wiesbaden
2274 3079 2680 3263 4. 10. 30
