4922 5000
1685 965 3316 1218 Kürzlich erlebte ich eine kleine Freude:
2193 1100 3328 1225 der schon schreibt,
1478 1172 2106 1320 Mein Bjährige
3183 1189 3382 1360 :t
1463 1184 3208 1389 lagh mir eine litesär ich gesehen, ich
2920 1276 3201 1348 There
1465 1294 3459 1486 bescheiden. Ausserung zu Ihrer Abend' vor.
1493 1389 2930 1577 in dem Berliner Blatt „ das am
2749 1414 3507 1547 ichte seiner von
1746 1483 2649 1636 und nicht viel und
2805 1473 3561 1644 i Arthur Schmitzler
1486 1552 1756 1680 Es ist
1741 1547 2718 1733 Schältnis seines Vaters
1692 1628 3433 1828 ist in sehr redikales ehelicher jünger
1475 1657 1697 1789 I have
1840 1690 3507 1881 so war mir nun dah eine Exemptuung,
1488 1748 1705 1835 Et
1486 1800 3415 2019 mich davon zu überzeugnen, daß der junge Mari¬
1478 1815 1777 1953 Mann
1480 1881 3428 2090 aus sich heraus - obzug er einen ganzen anderen
3380 1879 3576 2083 bäude.
1483 1968 3188 2172 Lebensochicht angekört - den Weg zi Ihnen
2389 2029 3040 2213 stellung wie die
2387 2055 3456 2290 ich wird zu sein für die
1480 2116 2371 2282 hat er aus gleicher Sich,
1480 2203 2369 2356 schien mir dies be¬
1480 2216 3461 2440 Haltung des jüngsten Generations die in ganz
1470 2267 3525 2504 anderes Unterscheidungsgeführt für die in epischer
1907 2348 3566 2552 odergelegt wahrhaftige Zeitgeschichte besitzt
2907 2425 3489 2563 an mehr dem
1470 2489 1919 2604 Form nicht
1465 2466 2923 2711 als das alleen geschlacht, das doch
2905 2535 3155 2621 G.C.F.F:S
3150 2522 3609 2660 1. Daiterkland.
1450 2596 3160 2782 literarischen Schnöckel zugetan genommen.
1486 2621 3533 2866 Weniger Tage später  kam in junger Freund
1483 2716 3438 2928 an mir und sprach von Ihnen, Gerhart Pohls
1463 2836 3408 3037 der Herausgeber des neuen Bücherschaft von
1478 2861 3497 3101 außersten linken Flügel auch es nie mein Sohn
2596 2981 3528 3147 fälliger Zusammentreffen.
1475 3043 2606 3214 Armin! Es war ein augen,
2596 3094 2838 3178 G. A.
1784 3076 3558 3270 Ihnen kann das nicht viel bedeuten. Aber
2918 3155 3520 3318 wenn ich mit
1478 3216 2948 3377 ich freue mich immer ein wenig
1480 3267 3316 3477 dort bestätigt fühle, wo ich nimm und
1503 3362 3441 3568 vaubere Eindruckskraft spüre. —
2884 3438 3152 3545 perdu moins de cette
1766 3466 3413 3650 Vielleicht künme ich wieder einmal
1514 3571 3295 3757 nach Wien in recht allzufernen Zeit. Ich
1506 3670 3520 3854 werk nicht mit Zaunen spieren müssen,
1511 3796 3390 3972 um zu erreichen, dass meine kommende
