4905 5016
1946 994 3029 1156 Dr. H. Kesser, Aurorastrasse 84
2246 1105 2598 1199 ZUERICH 7
1742 1456 3112 1607 Hochverehrter Herr Dr. Arthur Schnitzler,
1742 1587 3355 1707 mit grosser Verspaetung spreche ich Ihnen meinen
1742 1681 3406 1775 allerherzlichsten Dank für die Novelle " Casanovas
1742 1736 3471 1845 Haimfahrt" aus. Sie traf mit den lieben Widmungswar
1731 1814 3349 1893 ten Ihrer Hand in einer Marie duesterer Tage bei
1742 1856 3397 1972 mir ein,und entfuehrte mich fast als Heilung aus
1749 1944 3445 2051 persoenlichem und allgemeinen „Chaos“ in jene edelste
1742 2033 3445 2101 und unzerstoerbare Sphaere geistiger Epik, die ich
1740 2079 3404 2176 so überaus liebe, und die ich durch die Gegenwart
1762 2152 3417 2235 so selten in neuen Formen erfuellt sehe. Ich habe
1753 2200 3410 2294 Ihr Werk, das im allerschoensten Sinne erzaehlende
1731 2261 3487 2381 Dichtung ist, wirklich wie ein Geschenk aufgenommen.
1755 2331 3506 2416 - Darf ich Ihnen eine kleine Bitte vortragen: Meinem
1762 2388 3404 2504 Sohn Armin Kesser Dreilindenstrasse 40 Luzern eine
1766 2465 3388 2552 Karte mit Ihrer Unterschrift und einen beliebigen
1760 2519 3428 2635 Gruss zu schicken? - Ich bin Ihnen dankbar, wenn
1755 2602 3421 2697 Sie entsprechen, und versichere, dass der Wunsch
1766 2672 3412 2760 nicht einem banalen Sammeleifer entspringt sondern
1762 2721 3362 2819 einer besonderen Verbundenheit, die in diesem
1753 2797 3430 2915 Knabenverlangen knabenhaft ausgedrusckt aber echt
1762 2878 1952 2966 ist.
1762 2902 3393 3020 Doktor Faesi hat mir einen Gruss gesagt, den ich
1755 3007 3368 3073 in der Freude ueber Ihr Gedenken empfangen habe
1773 3012 3458 3213 Ich selbst hoffe Ihnen über kurz oder lang endlich
1762 3126 2961 3239 einmal in "ien begegnen zu duerfen".
2543 3180 2887 3279 Verhörend
2451 3248 3045 3360 Ihr ergebenster
2541 3318 3281 3498 Hermann Kesser
1766 3347 2373 3509 Zürich, 13. 2.19
