4939 5111
1919 542 2437 795 1
2514 577 2772 776 1 „ „
3487 579 3744 768 Votre âgere
3646 914 3806 1052 2
1640 1034 2293 1350 Resse
1773 1536 3861 1695 Lieber sehr verehrter Herr Doktor Arthur Schnitzler,
1799 1677 3912 1815 ich komme heute in einer Berufsangelegenheit zu Ihnen.
1799 1804 3784 1953 Es ist meine Absicht, zunächst zur persönlichen Ur¬
1815 1940 3936 2097 teilsbildung und unter Umständen auch, wozu ich selbst
1823 2068 3840 2222 verständlich Ihre besondere Einwilligung noch einho-
1818 2222 3798 2344 len würde, zur öffentlichen Mitteilung, Stimmen zu
1815 2357 3891 2477 sammeln über die Rechtszustände im Verkehr der Autor-
1812 2471 3899 2583 ren mit dem Theater. Ich habe neuerdings geradezu et-
1812 2596 3952 2719 was Ungeheurliches erlebt und bin entschlossen, dieses
1810 2719 3835 2841 Mal die Sache nicht ruhen zu lassen. Nach meiner An-
1826 2889 3936 3030 schauung haben sich, und zwar offenbar unter einer ge-
1826 2982 3872 3123 wissen Mitverschuldung der dramatischen Autoren, dh.
1826 3136 3806 3247 des Vereins der deutschen Bühnenschriftsteller und
1818 3218 3901 3370 Bühnenkomponisten, Zustände ausgebildet, die zum Him-
1826 3388 3779 3519 mel stinken. An Sie gelange ich weil mir zufällig
1842 3495 3893 3622 bekannt ist, dass Sie schon in einer Sache Rückgrau
1842 3627 3827 3758 bewiesen haben: Die deutschen Bühnenverleger haben
