4882 4985
1335 399 1831 672 Kener
2207 450 2603 708 Irahe
1264 1126 3266 1338 Lieber, sehr verehrter Herr Dr. Arthur Schnitzler,
1676 1274 3858 1445 ich bin Ihnen für Ihren Schritt bei Costensehr dankbar.
1271 1332 3726 1493 Sie haben mir eine grosse Gefälligkeit erwiesen. Und ich nehme
1300 1390 3774 1580 unbedingt an, dass Ihre Worte, wie Sie selbst sagen, vielleicht
1281 1432 3871 1641 nicht ganz ohne Eindruck geblieben sind. Gerne befolge ich Ihren
1297 1528 3848 1705 Rat: Ich hoffe einen andern Kollegen zu einer Aktion im gleichen
1300 1564 3871 1757 Sinne auf schriftlichem Wege bei Herr von Zsolnay zu bewegen. Ich
1306 1673 3838 1853 muss ja etwas erreichen. Ich bin sonst wirklich über Gebühr ge-
1297 1799 1692 1943 schädigt.
1696 1792 3845 2005 Dass Sie mir sofort Beistand geleistet haben, ist mir
1326 1895 3874 2088 in dieser Lage eine Freude, die ich brauchen kann, weil ich sonst
1306 1976 3874 2133 nicht sehr viel Grund habe mich zu freuen. Möchte es mir möglich
1329 2040 3771 2201 sein, Sie bald einmal in Wien wieder aufsuchen zu dürfen, und
1332 2146 2767 2333 Ihnen selbst die Hand zu drücken, als
2780 2146 3880 2336 Ihr Ihnen herzlich ergebener
2867 2288 3710 2423 und treu verbundener
3037 2381 3768 2622 Hermann Kesser
1351 2812 2014 2989 Mainzerstrasse 3
1338 2944 1760 3066 Wiesbaden
2249 3185 2625 3340 1. 6. 29
