4871 4985
3509 470 3908 732 18/1 3
1065 732 1447 861 Lun
1276 1110 3315 1355 Lieber, hochverehrter Herr Doktor Arthur Schnitzler,
2005 1232 4013 1433 ich fühle die Verpflichtung, mich darüber vernehmen
1283 1334 4016 1525 zu lassen, warum Sie von mir, der ich doch in Wiesbaden lebe, nichts
1283 1413 3986 1583 über Ihre Unauflührung gehört haben. Der Grund ist lediglich der,
1293 1457 4013 1654 dass ich aus persönlichen Gründen das Wiesbadener Staatstheater seit
1293 1600 2539 1722 zwei Jahren nicht mehr besuche.
1998 1600 3887 1790 Von anderer Seite höre ich, dass man dem Stück
1314 1743 4010 1896 unter der Regie Gordons verhältnismässig gerecht geworden sein soll.
1314 1773 4016 1971 Die Uraufführung des „Gangs zum Weiher“ war der erste Fall, der mich
1321 1855 4003 2025 die Verhältnisse, die mich dem Wiesbauener Staatstheater fernhalten,
1324 1933 3986 2127 bedauern liess. Es bedarf meiner Versicherung nicht, wie gerne ich
1324 2012 3019 2182 Ihr Werk auf der Bühne kennengelernt hätte!
2012 2086 3962 2243 Mein Wunsch ist, Ihnen bald einmal wieder in Wien
1331 2185 3822 2376 begegnen zu dürfen, Sie wieder sehen zu können und mit Ihnen zur
1331 2332 1709 2454 sprechen.
2039 2352 2914 2563 In dankbarer Verehrung,
2754 2430 3686 2652 immer der Ihre
1678 2607 1875 2760 G.F.P.
3097 2617 3914 2859 fernem Kesse.
1678 2737 1879 2832 G.F.P.
1365 3009 2018 3200 Mainzerstrasse 3
1365 3148 1763 3264 Wiesbaden
2335 3499 2764 3673 18. 5. 31
