<?xml version="1.0" encoding="UTF-8" standalone="yes"?>
<PcGts xmlns="http://schema.primaresearch.org/PAGE/gts/pagecontent/2013-07-15" xmlns:xsi="http://www.w3.org/2001/XMLSchema-instance" xsi:schemaLocation="http://schema.primaresearch.org/PAGE/gts/pagecontent/2013-07-15 http://schema.primaresearch.org/PAGE/gts/pagecontent/2013-07-15/pagecontent.xsd">
    <Metadata>
        <Creator>prov=READ-COOP:name=TrHtr:version=2.1.0:model_id=51170:date=24_07_2023_23:58</Creator>
        <Created>2023-05-01T22:01:43.948+02:00</Created>
        <LastChange>2023-07-24T23:58:46.992+02:00</LastChange>
        <TranskribusMetadata docId="1416449" pageId="54947281" pageNr="29" tsid="130576652" status="IN_PROGRESS" userId="64420" imgUrl="https://files.transkribus.eu/Get?id=QNMQNQZAIVOFNVZCBQYYZOSG&amp;fileType=view" xmlUrl="https://files.transkribus.eu/Get?id=VDOTQVURSBESQKWYWBDCVLUN" imageId="44451364"/>
    </Metadata>
    <Page imageFilename="1416449_0029.jpg" imageWidth="4860" imageHeight="5016">
        <ReadingOrder>
            <OrderedGroup id="ro_1711830401061" caption="Regions reading order">
                <RegionRefIndexed index="0" regionRef="tr_1"/>
            </OrderedGroup>
        </ReadingOrder>
        <TextRegion id="tr_1" custom="readingOrder {index:0;}">
            <Coords points="1498,1156 3409,1156 3409,3491 1498,3491"/>
            <TextLine id="tr_1_tl_1" custom="readingOrder {index:0;}">
                <Coords points="1503,1299 1543,1287 1569,1301 1647,1254 1717,1296 1750,1282 1781,1303 1826,1296 1854,1124 1818,1132 1797,1108 1720,1087 1677,1096 1630,1045 1541,1045"/>
                <Baseline points="1522,1259 1576,1242 1666,1236 1755,1218 1845,1206"/>
                <TextEquiv>
                    <Unicode>Kerse</Unicode>
                </TextEquiv>
            </TextLine>
            <TextLine id="tr_1_tl_2" custom="readingOrder {index:1;}">
                <Coords points="1574,1496 2049,1499 2458,1416 2708,1539 2919,1437 3383,1421 3399,1249 3162,1167 2719,1299 2512,1247 2407,1320 1964,1336 1595,1273"/>
                <Baseline points="1588,1474 1606,1474 1695,1468 1785,1463 1875,1463 1964,1451 2054,1445 2143,1439 2233,1433 2322,1421 2412,1409 2502,1397 2591,1391 2681,1379 2770,1367 2860,1361 2949,1355 3039,1343 3129,1337 3218,1331 3308,1325 3397,1331"/>
                <TextEquiv>
                    <Unicode>Hochwahrter, lieber Herr Doktor unter Schütigler,</Unicode>
                </TextEquiv>
            </TextLine>
            <TextLine id="tr_1_tl_3" custom="readingOrder {index:2;}">
                <Coords points="1529,1833 1835,1715 1978,1771 2381,1687 2512,1717 2724,1616 3030,1593 3145,1644 3202,1630 3211,1543 2783,1501 2400,1581 2169,1524 1550,1640"/>
                <Baseline points="1552,1755 1600,1743 1689,1731 1779,1719 1869,1707 1958,1701 2048,1689 2137,1683 2227,1672 2316,1666 2406,1654 2496,1642 2585,1630 2675,1624 2764,1612 2854,1600 2943,1594 3033,1588 3123,1576 3212,1576"/>
                <TextEquiv>
                    <Unicode>gerten Abend war ich mit Ihm durch ein</Unicode>
                </TextEquiv>
            </TextLine>
            <TextLine id="tr_1_tl_4" custom="readingOrder {index:3;}">
                <Coords points="1482,1929 1635,1882 1957,1922 2084,1844 2223,1887 2592,1781 3225,1748 3239,1616 2651,1640 2489,1722 2381,1687 1962,1786 1753,1727 1489,1854"/>
                <Baseline points="1498,1898 1534,1886 1624,1875 1713,1863 1803,1857 1892,1845 1982,1839 2072,1833 2161,1821 2251,1815 2340,1803 2430,1797 2519,1791 2609,1779 2699,1767 2788,1761 2878,1749 2967,1737 3057,1725 3146,1713 3236,1713"/>
                <TextEquiv>
                    <Unicode>sehr jetzt verführung Ihrer „Kanmedie der Wort’</Unicode>
                </TextEquiv>
            </TextLine>
            <TextLine id="tr_1_tl_5" custom="readingOrder {index:4;}">
                <Coords points="1494,2051 3211,1896 3272,1875 3284,1760 2757,1849 2338,1840 1924,1946 1828,1889 1508,1927"/>
                <Baseline points="1510,2024 1582,2006 1672,2000 1761,1988 1851,1976 1940,1970 2030,1958 2119,1952 2209,1940 2299,1934 2388,1922 2478,1910 2567,1904 2657,1892 2746,1886 2836,1875 2926,1863 3015,1857 3105,1845 3194,1833 3284,1827"/>
                <TextEquiv>
                    <Unicode>verkünden, die wohl vor den wegen streit</Unicode>
                </TextEquiv>
            </TextLine>
            <TextLine id="tr_1_tl_6" custom="readingOrder {index:5;}">
                <Coords points="1506,2181 1670,2209 2026,2105 2164,2150 2329,2080 2472,2129 2731,2028 3042,2047 3119,2026 3134,1887 1520,2047"/>
                <Baseline points="1522,2149 1606,2149 1695,2143 1785,2125 1875,2113 1964,2107 2054,2095 2143,2084 2233,2078 2322,2072 2412,2060 2502,2048 2591,2036 2681,2030 2770,2024 2860,2012 2949,1994 3039,1988 3129,1988"/>
                <TextEquiv>
                    <Unicode>Kopf in die Hauptrollen zu den besten</Unicode>
                </TextEquiv>
            </TextLine>
            <TextLine id="tr_1_tl_7" custom="readingOrder {index:6;}">
                <Coords points="1579,2258 2282,2193 2416,2287 2734,2150 2983,2195 3150,2157 3308,2094 3317,1995 2637,2061 2477,2129 2258,2096 1670,2209 1588,2178"/>
                <Baseline points="1594,2251 1612,2251 1701,2245 1791,2239 1881,2233 1970,2227 2060,2215 2149,2209 2239,2197 2328,2191 2418,2179 2508,2173 2597,2161 2687,2155 2776,2143 2866,2131 2955,2125 3045,2119 3135,2107 3224,2090 3314,2090"/>
                <TextEquiv>
                    <Unicode>Töpstellungen Ihrer Woche schört, die ich geschlä¬</Unicode>
                </TextEquiv>
            </TextLine>
            <TextLine id="tr_1_tl_8" custom="readingOrder {index:7;}">
                <Coords points="1510,2440 1901,2447 2157,2327 2392,2376 2722,2273 2828,2345 3263,2294 3399,2244 3406,2167 3239,2113 2927,2218 2607,2181 2416,2287 2270,2216 1986,2291 1898,2230 1774,2296 1527,2265"/>
                <Baseline points="1528,2388 1618,2376 1707,2370 1797,2370 1886,2352 1976,2346 2066,2334 2155,2328 2245,2316 2334,2310 2424,2304 2513,2293 2603,2281 2693,2275 2782,2269 2872,2263 2961,2251 3051,2239 3140,2233 3230,2221 3320,2209 3409,2203"/>
                <TextEquiv>
                    <Unicode>kah. (Ich mehrte wider nach die, grosse Spün¬</Unicode>
                </TextEquiv>
            </TextLine>
            <TextLine id="tr_1_tl_9" custom="readingOrder {index:8;}">
                <Coords points="1536,2550 2727,2404 3112,2421 3317,2357 3324,2277 2832,2345 2762,2280 2581,2289 2383,2383 2181,2348 1920,2442 1546,2432"/>
                <Baseline points="1552,2513 1624,2502 1713,2490 1803,2478 1892,2472 1982,2466 2072,2454 2161,2448 2251,2442 2340,2430 2430,2424 2519,2418 2609,2406 2699,2400 2788,2394 2878,2382 2967,2376 3057,2370 3146,2358 3236,2352 3326,2346"/>
                <TextEquiv>
                    <Unicode>wegen eine Hüsteranfalls der Theater gelassen.</Unicode>
                </TextEquiv>
            </TextLine>
            <TextLine id="tr_1_tl_10" custom="readingOrder {index:9;}">
                <Coords points="1543,2675 1971,2576 2350,2651 2588,2538 3232,2517 3289,2501 3298,2385 1553,2555"/>
                <Baseline points="1558,2621 1594,2615 1683,2603 1773,2597 1863,2591 1952,2579 2042,2567 2131,2561 2221,2555 2310,2549 2400,2543 2490,2537 2579,2531 2669,2525 2758,2513 2848,2513 2937,2502 3027,2490 3117,2484 3206,2478 3296,2472"/>
                <TextEquiv>
                    <Unicode>sah als nur die beide unter trachter)</Unicode>
                </TextEquiv>
            </TextLine>
            <TextLine id="tr_1_tl_11" custom="readingOrder {index:10;}">
                <Coords points="1550,2757 1769,2712 2350,2757 2444,2684 2628,2738 2790,2640 3329,2632 3336,2534 3117,2482 2931,2574 2350,2651 2108,2564 1995,2632 1557,2654"/>
                <Baseline points="1564,2734 1636,2728 1725,2717 1815,2711 1904,2699 1994,2699 2084,2687 2173,2681 2263,2675 2352,2669 2442,2663 2531,2657 2621,2651 2711,2651 2800,2639 2890,2633 2979,2621 3069,2615 3158,2609 3248,2609 3338,2597"/>
                <TextEquiv>
                    <Unicode>Mei hat Kraff an zweider zu erster Dramen</Unicode>
                </TextEquiv>
            </TextLine>
            <TextLine id="tr_1_tl_12" custom="readingOrder {index:11;}">
                <Coords points="1576,2938 1743,2854 1943,2889 2063,2821 3091,2792 3195,2767 3204,2668 2851,2632 2632,2734 2432,2687 2334,2757 2087,2727 1978,2776 1781,2710 1593,2748"/>
                <Baseline points="1594,2878 1683,2854 1773,2842 1863,2836 1952,2824 2042,2818 2131,2806 2221,2800 2310,2794 2400,2788 2490,2782 2579,2776 2669,2764 2758,2758 2848,2746 2937,2740 3027,2728 3117,2722 3206,2722"/>
                <TextEquiv>
                    <Unicode>gegeben — pötter novamlich wie der unglück¬</Unicode>
                </TextEquiv>
            </TextLine>
            <TextLine id="tr_1_tl_13" custom="readingOrder {index:12;}">
                <Coords points="1557,3018 1826,2990 1884,3035 2026,2957 2176,2997 2251,2952 2425,2999 2661,2912 3002,2959 3166,2856 3373,2861 3381,2795 3136,2759 2839,2830 2738,2778 2289,2872 2058,2823 1887,2912 1708,2879 1564,2941"/>
                <Baseline points="1570,3015 1594,3009 1683,2991 1773,2967 1863,2961 1952,2949 2042,2943 2131,2931 2221,2926 2310,2920 2400,2914 2490,2902 2579,2902 2669,2890 2758,2884 2848,2872 2937,2860 3027,2848 3117,2848 3206,2836 3296,2830 3385,2824"/>
                <TextEquiv>
                    <Unicode>stärcken Pibliotheksenfals den pieter frei! -</Unicode>
                </TextEquiv>
            </TextLine>
            <TextLine id="tr_1_tl_14" custom="readingOrder {index:13;}">
                <Coords points="1550,3129 1767,3148 2129,3061 2301,3124 2679,3016 3268,2992 3324,2983 3333,2882 3164,2858 3002,2959 2663,2908 2425,2999 2014,2964 1889,3032 1807,2990 1555,3054"/>
                <Baseline points="1564,3117 1630,3105 1719,3099 1809,3087 1898,3081 1988,3069 2078,3063 2167,3057 2257,3045 2346,3039 2436,3033 2525,3021 2615,3015 2705,3009 2794,3003 2884,2991 2973,2985 3063,2979 3152,2973 3242,2961 3332,2955"/>
                <TextEquiv>
                    <Unicode>weil es ihm planz in Spiel und Marke</Unicode>
                </TextEquiv>
            </TextLine>
            <TextLine id="tr_1_tl_15" custom="readingOrder {index:14;}">
                <Coords points="1586,3268 2294,3174 2583,3216 2870,3117 3282,3101 3294,2990 2708,3011 2258,3143 2131,3058 1597,3148"/>
                <Baseline points="1600,3236 1677,3230 1767,3224 1857,3212 1946,3206 2036,3194 2125,3188 2215,3182 2304,3170 2394,3164 2484,3152 2573,3152 2663,3135 2752,3129 2842,3117 2931,3105 3021,3099 3111,3087 3200,3081 3290,3087"/>
                <TextEquiv>
                    <Unicode>der ganze Lebensprächsel zu gestatten.</Unicode>
                </TextEquiv>
            </TextLine>
            <TextLine id="tr_1_tl_16" custom="readingOrder {index:15;}">
                <Coords points="1593,3357 1731,3395 1922,3322 2141,3362 2755,3237 3030,3261 3312,3209 3322,3129 2870,3119 2647,3204 1602,3261"/>
                <Baseline points="1606,3355 1618,3355 1707,3338 1797,3332 1886,3326 1976,3314 2066,3308 2155,3296 2245,3296 2334,3284 2424,3272 2513,3266 2603,3254 2693,3242 2782,3236 2872,3224 2961,3218 3051,3206 3140,3200 3230,3194 3320,3194"/>
                <TextEquiv>
                    <Unicode>war die hohe Aufrokung und ungekeit</Unicode>
                </TextEquiv>
            </TextLine>
            <TextLine id="tr_1_tl_17" custom="readingOrder {index:16;}">
                <Coords points="1562,3548 2258,3425 2567,3482 2882,3359 2995,3364 3006,3237 2724,3239 2341,3352 1995,3324 1713,3395 1581,3350"/>
                <Baseline points="1582,3481 1660,3457 1749,3451 1839,3439 1928,3433 2018,3421 2107,3409 2197,3403 2287,3397 2376,3385 2466,3379 2555,3373 2645,3361 2734,3355 2824,3349 2914,3344 3003,3344"/>
                <TextEquiv>
                    <Unicode>glaubwürdig würde der Aufroter.</Unicode>
                </TextEquiv>
            </TextLine>
        </TextRegion>
    </Page>
</PcGts>
