<?xml version="1.0" encoding="UTF-8" standalone="yes"?>
<PcGts xmlns="http://schema.primaresearch.org/PAGE/gts/pagecontent/2013-07-15" xmlns:xsi="http://www.w3.org/2001/XMLSchema-instance" xsi:schemaLocation="http://schema.primaresearch.org/PAGE/gts/pagecontent/2013-07-15 http://schema.primaresearch.org/PAGE/gts/pagecontent/2013-07-15/pagecontent.xsd">
    <Metadata>
        <Creator>prov=READ-COOP:name=TrHtr:version=2.1.0:model_id=51170:date=24_07_2023_23:58</Creator>
        <Created>2023-05-01T22:01:41.427+02:00</Created>
        <LastChange>2023-07-24T23:58:42.706+02:00</LastChange>
        <TranskribusMetadata docId="1416449" pageId="54947221" pageNr="14" tsid="130576636" status="IN_PROGRESS" userId="64420" imgUrl="https://files.transkribus.eu/Get?id=WMBSGYYIWIGHSPGPWJAIYIXL&amp;fileType=view" xmlUrl="https://files.transkribus.eu/Get?id=DOANDDZNPXKDPLHHUGHAMCXT" imageId="44451306"/>
    </Metadata>
    <Page imageFilename="1416449_0014.jpg" imageWidth="4985" imageHeight="5079">
        <ReadingOrder>
            <OrderedGroup id="ro_1711830389824" caption="Regions reading order">
                <RegionRefIndexed index="0" regionRef="tr_1"/>
                <RegionRefIndexed index="1" regionRef="tr_2"/>
            </OrderedGroup>
        </ReadingOrder>
        <TextRegion id="tr_1" custom="readingOrder {index:0;}">
            <Coords points="1189,571 4140,571 4140,2710 1189,2710"/>
            <TextLine id="tr_1_tl_1" custom="readingOrder {index:0;}">
                <Coords points="2669,747 2709,732 2826,740 2896,681 2929,677 2958,699 3068,637 3053,381 2925,399 2907,421 2816,381 2728,410 2706,392 2647,410"/>
                <Baseline points="2682,621 2772,627 2862,633 2951,639 3041,645 3077,639"/>
                <TextEquiv>
                    <Unicode>2.</Unicode>
                </TextEquiv>
            </TextLine>
            <TextLine id="tr_1_tl_2" custom="readingOrder {index:1;}">
                <Coords points="3434,754 3464,747 3526,791 3599,769 3614,776 3628,762 3716,758 3731,546 3698,553 3691,542 3639,549 3603,538 3559,560 3500,560 3475,578 3449,571"/>
                <Baseline points="3459,734 3549,723 3638,723 3728,711"/>
                <TextEquiv>
                    <Unicode>11th</Unicode>
                </TextEquiv>
            </TextLine>
            <TextLine id="tr_1_tl_3" custom="readingOrder {index:2;}">
                <Coords points="1157,849 1205,868 1245,846 1395,838 1596,901 1644,626 1505,586 1443,597 1358,524 1300,557 1252,498 1219,494"/>
                <Baseline points="1189,794 1278,776 1368,764 1457,752 1547,728 1637,717"/>
                <TextEquiv>
                    <Unicode>kene,</Unicode>
                </TextEquiv>
            </TextLine>
            <TextLine id="tr_1_tl_4" custom="readingOrder {index:3;}">
                <Coords points="3471,1029 3493,1029 3504,1047 3518,1040 3526,1051 3559,1032 3643,1080 3694,835 3665,831 3610,860 3573,853 3555,838 3544,846 3511,838"/>
                <Baseline points="3495,1021 3585,997 3674,985"/>
                <TextEquiv>
                    <Unicode>28</Unicode>
                </TextEquiv>
            </TextLine>
            <TextLine id="tr_1_tl_5" custom="readingOrder {index:4;}">
                <Coords points="1435,1677 1618,1644 1790,1710 2266,1611 2779,1702 3127,1633 3240,1688 3273,1527 3050,1468 2859,1552 2530,1556 2105,1479 1732,1571 1593,1494 1439,1508"/>
                <Baseline points="1457,1625 1487,1631 1577,1631 1667,1631 1756,1631 1846,1631 1935,1625 2025,1625 2115,1619 2204,1619 2294,1619 2384,1613 2473,1613 2563,1613 2653,1613 2742,1613 2832,1613 2921,1607 3011,1607 3101,1601 3190,1601 3280,1607"/>
                <TextEquiv>
                    <Unicode>Sehr verkosten Herr Dotter Arthur Schnitzler,</Unicode>
                </TextEquiv>
            </TextLine>
            <TextLine id="tr_1_tl_6" custom="readingOrder {index:5;}">
                <Coords points="1325,1831 2903,1856 3035,1765 3921,1754 3987,1640 3720,1574 3101,1713 2442,1640 2336,1728 1329,1728"/>
                <Baseline points="1344,1804 1398,1810 1487,1810 1577,1810 1667,1804 1756,1798 1846,1798 1935,1792 2025,1780 2115,1780 2204,1780 2294,1774 2384,1774 2473,1768 2563,1768 2653,1768 2742,1768 2832,1762 2921,1762 3011,1756 3101,1756 3190,1756 3280,1750 3370,1738 3459,1732 3549,1732 3638,1732 3728,1720 3818,1720 3907,1714 3997,1714"/>
                <TextEquiv>
                    <Unicode>empfangen. Sie meinen herzlicherten Dank für das „Buch der Sprück</Unicode>
                </TextEquiv>
            </TextLine>
            <TextLine id="tr_1_tl_7" custom="readingOrder {index:6;}">
                <Coords points="1300,1955 3907,1875 3910,1776 1303,1867"/>
                <Baseline points="1320,1941 1410,1941 1499,1935 1589,1930 1679,1924 1768,1924 1858,1918 1947,1912 2037,1912 2127,1906 2216,1906 2306,1900 2396,1894 2485,1888 2575,1888 2664,1882 2754,1882 2844,1876 2933,1870 3023,1870 3113,1864 3202,1858 3292,1858 3382,1846 3471,1846 3561,1840 3650,1840 3740,1834 3830,1822 3919,1822"/>
                <TextEquiv>
                    <Unicode>und Bedenken”. Es ist mir, wenn ich bin, als hörte sich den</Unicode>
                </TextEquiv>
            </TextLine>
            <TextLine id="tr_1_tl_8" custom="readingOrder {index:7;}">
                <Coords points="1300,2072 3669,2021 4013,1962 4016,1878 1303,1962"/>
                <Baseline points="1320,2055 1338,2055 1428,2055 1517,2043 1607,2043 1696,2037 1786,2037 1876,2031 1965,2025 2055,2019 2145,2013 2234,2013 2324,2001 2414,1995 2503,1995 2593,1989 2682,1989 2772,1983 2862,1977 2951,1971 3041,1971 3131,1965 3220,1959 3310,1953 3399,1953 3489,1947 3579,1941 3668,1935 3758,1935 3848,1930 3937,1924 4027,1930"/>
                <TextEquiv>
                    <Unicode>Klang Ihrer Stimmen die ich mir wider in Wirklichkeit schon</Unicode>
                </TextEquiv>
            </TextLine>
            <TextLine id="tr_1_tl_9" custom="readingOrder {index:8;}">
                <Coords points="1289,2182 1574,2204 1735,2145 1999,2145 2120,2197 2299,2127 2632,2116 2636,2003 1545,2047 1413,2116 1292,2065"/>
                <Baseline points="1308,2157 1386,2151 1475,2151 1565,2145 1655,2139 1744,2133 1834,2127 1924,2127 2013,2121 2103,2121 2192,2115 2282,2109 2372,2103 2461,2103 2551,2097 2641,2097"/>
                <TextEquiv>
                    <Unicode>so lange nicht unter gebiß habe.</Unicode>
                </TextEquiv>
            </TextLine>
            <TextLine id="tr_1_tl_10" custom="readingOrder {index:9;}">
                <Coords points="1322,2310 3841,2186 3958,2105 1329,2160"/>
                <Baseline points="1344,2252 1368,2252 1457,2252 1547,2246 1637,2240 1726,2240 1816,2234 1906,2234 1995,2222 2085,2222 2175,2216 2264,2210 2354,2210 2443,2210 2533,2204 2623,2204 2712,2198 2802,2198 2892,2186 2981,2186 3071,2180 3160,2180 3250,2175 3340,2169 3429,2163 3519,2163 3609,2157 3698,2157 3788,2157 3877,2151 3967,2151"/>
                <TextEquiv>
                    <Unicode>Ich werde in dieses noch oft lesen, wieder lesen was Sie aus</Unicode>
                </TextEquiv>
            </TextLine>
            <TextLine id="tr_1_tl_11" custom="readingOrder {index:10;}">
                <Coords points="1285,2387 2977,2314 3240,2435 3570,2277 4130,2303 4134,2193 1289,2329"/>
                <Baseline points="1308,2366 1362,2366 1451,2366 1541,2360 1631,2354 1720,2348 1810,2354 1900,2348 1989,2342 2079,2336 2169,2336 2258,2324 2348,2324 2437,2324 2527,2318 2617,2318 2706,2318 2796,2306 2886,2306 2975,2294 3065,2294 3154,2294 3244,2288 3334,2282 3423,2276 3513,2276 3603,2276 3692,2276 3782,2276 3871,2270 3961,2264 4051,2264 4140,2258"/>
                <TextEquiv>
                    <Unicode>der Erfahrung eines Lebens über den Dichten, Schriftstellen und Kritskes</Unicode>
                </TextEquiv>
            </TextLine>
            <TextLine id="tr_1_tl_12" custom="readingOrder {index:11;}">
                <Coords points="1285,2545 1417,2493 1593,2548 1735,2486 2362,2490 2552,2435 2698,2475 2794,2442 2797,2376 2658,2329 2318,2405 2178,2365 1805,2413 1743,2362 1600,2424 1292,2413"/>
                <Baseline points="1308,2473 1374,2473 1463,2473 1553,2467 1643,2467 1732,2467 1822,2467 1912,2467 2001,2461 2091,2455 2180,2449 2270,2443 2360,2449 2449,2443 2539,2437 2629,2431 2718,2431 2808,2431"/>
                <TextEquiv>
                    <Unicode>gesagt undréphoristisch gefund haben.</Unicode>
                </TextEquiv>
            </TextLine>
            <TextLine id="tr_1_tl_13" custom="readingOrder {index:12;}">
                <Coords points="1307,2610 3632,2596 4071,2537 4075,2442 3057,2413 1307,2556"/>
                <Baseline points="1326,2593 1386,2593 1475,2587 1565,2593 1655,2587 1744,2587 1834,2581 1924,2575 2013,2575 2103,2569 2192,2569 2282,2569 2372,2563 2461,2557 2551,2551 2641,2551 2730,2551 2820,2545 2909,2545 2999,2539 3089,2539 3178,2533 3268,2527 3358,2527 3447,2527 3537,2527 3627,2521 3716,2521 3806,2521 3895,2515 3985,2509 4075,2497"/>
                <TextEquiv>
                    <Unicode>Sie verwahren sich – fast – an Schlusen des Buches dagegen, wenn</Unicode>
                </TextEquiv>
            </TextLine>
            <TextLine id="tr_1_tl_14" custom="readingOrder {index:13;}">
                <Coords points="1300,2706 1754,2790 1937,2684 3262,2720 4079,2636 4082,2523 1303,2610"/>
                <Baseline points="1320,2700 1398,2700 1487,2700 1577,2700 1667,2694 1756,2688 1846,2688 1935,2682 2025,2676 2115,2676 2204,2670 2294,2670 2384,2664 2473,2659 2563,2659 2653,2659 2742,2659 2832,2653 2921,2653 3011,2653 3101,2647 3190,2647 3280,2641 3370,2635 3459,2635 3549,2635 3638,2623 3728,2617 3818,2611 3907,2611 3997,2605 4087,2599"/>
                <TextEquiv>
                    <Unicode>Erfandungen gemacht zu haben. Neu Erfendungen mögen nichtssch</Unicode>
                </TextEquiv>
            </TextLine>
        </TextRegion>
        <TextRegion id="tr_2" custom="readingOrder {index:1;}">
            <Coords points="1284,2674 4242,2674 4242,4581 1284,4581"/>
            <TextLine id="tr_2_tl_1" custom="readingOrder {index:0;}">
                <Coords points="1270,2903 1959,2797 2753,2859 2867,2772 3896,2768 3929,2684 1274,2753"/>
                <Baseline points="1296,2826 1338,2820 1428,2814 1517,2814 1607,2808 1696,2808 1786,2802 1876,2802 1965,2796 2055,2790 2145,2784 2234,2778 2324,2778 2414,2778 2503,2772 2593,2766 2682,2766 2772,2766 2862,2766 2951,2760 3041,2760 3131,2760 3220,2754 3310,2754 3399,2754 3489,2754 3579,2748 3668,2736 3758,2736 3848,2724 3937,2730"/>
                <TextEquiv>
                    <Unicode>ja macher sein. Die Verlehrteit ist ja etwas Konstantes. Aber</Unicode>
                </TextEquiv>
            </TextLine>
            <TextLine id="tr_2_tl_2" custom="readingOrder {index:1;}">
                <Coords points="1281,2947 4152,2896 4177,2768 2215,2870 1966,2794 1285,2903"/>
                <Baseline points="1302,2927 1314,2933 1404,2927 1493,2927 1583,2921 1673,2915 1762,2909 1852,2909 1941,2909 2031,2903 2121,2903 2210,2898 2300,2892 2390,2898 2479,2898 2569,2892 2659,2886 2748,2886 2838,2886 2927,2880 3017,2880 3107,2874 3196,2874 3286,2868 3376,2868 3465,2868 3555,2856 3644,2850 3734,2850 3824,2844 3913,2844 4003,2838 4093,2844 4182,2862"/>
                <TextEquiv>
                    <Unicode>ste hat in Ihnen Werk ein nein beweisend. Knap bekennen,</Unicode>
                </TextEquiv>
            </TextLine>
            <TextLine id="tr_2_tl_3" custom="readingOrder {index:2;}">
                <Coords points="1274,3061 1922,3105 2091,3021 3533,2969 3702,3057 3881,3010 3885,2863 3361,2951 3152,2885 1278,2947"/>
                <Baseline points="1296,3053 1386,3053 1475,3047 1565,3041 1655,3041 1744,3035 1834,3029 1924,3023 2013,3017 2103,3017 2192,3011 2282,3011 2372,3011 2461,3011 2551,3005 2641,2999 2730,2999 2820,2993 2909,2993 2999,2993 3089,2987 3178,2987 3268,2987 3358,2981 3447,2975 3537,2969 3627,2963 3716,2963 3806,2963 3895,2969"/>
                <TextEquiv>
                    <Unicode>und ich way je beherrsten, dass es Reinen aufrichtigen</Unicode>
                </TextEquiv>
            </TextLine>
            <TextLine id="tr_2_tl_4" custom="readingOrder {index:3;}">
                <Coords points="1278,3200 3691,3174 3947,3127 3950,2988 2347,3010 1922,3116 1285,3064"/>
                <Baseline points="1302,3160 1356,3160 1446,3160 1535,3160 1625,3148 1714,3148 1804,3148 1894,3148 1983,3137 2073,3137 2163,3131 2252,3125 2342,3119 2431,3119 2521,3113 2611,3119 2700,3107 2790,3107 2880,3107 2969,3101 3059,3101 3148,3095 3238,3095 3328,3089 3417,3083 3507,3077 3597,3077 3686,3071 3776,3065 3866,3065 3955,3059"/>
                <TextEquiv>
                    <Unicode>Dichter geben kann, die in „Verk und Widerhall“ nicht</Unicode>
                </TextEquiv>
            </TextLine>
            <TextLine id="tr_2_tl_5" custom="readingOrder {index:4;}">
                <Coords points="1289,3284 3127,3215 3200,3277 3313,3226 3317,3145 1292,3196"/>
                <Baseline points="1308,3274 1350,3274 1440,3280 1529,3274 1619,3268 1708,3262 1798,3256 1888,3256 1977,3250 2067,3256 2157,3244 2246,3238 2336,3232 2425,3232 2515,3232 2605,3226 2694,3220 2784,3220 2874,3220 2963,3214 3053,3214 3143,3214 3232,3208 3322,3202"/>
                <TextEquiv>
                    <Unicode>Ans freiet, das ihm aufklamst weiterhilft.</Unicode>
                </TextEquiv>
            </TextLine>
            <TextLine id="tr_2_tl_6" custom="readingOrder {index:5;}">
                <Coords points="1318,3379 3907,3324 3918,3134 3237,3251 1322,3291"/>
                <Baseline points="1338,3370 1410,3370 1499,3370 1589,3364 1679,3358 1768,3358 1858,3346 1947,3346 2037,3346 2127,3346 2216,3340 2306,3334 2396,3334 2485,3328 2575,3328 2664,3328 2754,3328 2844,3322 2933,3316 3023,3310 3113,3304 3202,3298 3292,3292 3382,3286 3471,3280 3561,3274 3650,3274 3740,3274 3830,3274 3919,3274"/>
                <TextEquiv>
                    <Unicode>Und mich würde es besonders freuen, wenn in alle Ohne,</Unicode>
                </TextEquiv>
            </TextLine>
            <TextLine id="tr_2_tl_7" custom="readingOrder {index:6;}">
                <Coords points="1289,3526 3493,3387 3786,3449 3899,3431 3903,3321 1292,3383"/>
                <Baseline points="1308,3471 1314,3471 1404,3471 1493,3471 1583,3465 1673,3459 1762,3459 1852,3453 1941,3453 2031,3447 2121,3447 2210,3441 2300,3429 2390,3429 2479,3423 2569,3423 2659,3417 2748,3417 2838,3417 2927,3411 3017,3405 3107,3399 3196,3399 3286,3393 3376,3393 3465,3387 3555,3387 3644,3382 3734,3382 3824,3382 3913,3387"/>
                <TextEquiv>
                    <Unicode>auch in solche Ohren, die aus dem Werk (aus der Dichtung)</Unicode>
                </TextEquiv>
            </TextLine>
            <TextLine id="tr_2_tl_8" custom="readingOrder {index:7;}">
                <Coords points="1259,3566 3185,3559 4027,3434 1263,3533"/>
                <Baseline points="1284,3561 1344,3561 1434,3561 1523,3555 1613,3555 1702,3549 1792,3549 1882,3543 1971,3543 2061,3543 2151,3537 2240,3531 2330,3525 2419,3519 2509,3519 2599,3519 2688,3513 2778,3513 2868,3513 2957,3507 3047,3501 3137,3501 3226,3501 3316,3495 3405,3489 3495,3489 3585,3483 3674,3483 3764,3477 3854,3483 3943,3477 4033,3483"/>
                <TextEquiv>
                    <Unicode>niemals das Richtig herauszukören wenigen, unabweisbar</Unicode>
                </TextEquiv>
            </TextLine>
            <TextLine id="tr_2_tl_9" custom="readingOrder {index:8;}">
                <Coords points="1292,3683 4163,3599 4236,3478 1296,3581"/>
                <Baseline points="1314,3662 1374,3656 1463,3656 1553,3656 1643,3650 1732,3644 1822,3644 1912,3638 2001,3632 2091,3632 2180,3632 2270,3632 2360,3632 2449,3627 2539,3627 2629,3621 2718,3621 2808,3615 2898,3615 2987,3609 3077,3609 3166,3609 3256,3603 3346,3597 3435,3597 3525,3597 3615,3591 3704,3585 3794,3585 3883,3573 3973,3573 4063,3573 4152,3579 4242,3579"/>
                <TextEquiv>
                    <Unicode>einzudringen wünsche, was Sie als Absolutist der dritterischen</Unicode>
                </TextEquiv>
            </TextLine>
            <TextLine id="tr_2_tl_10" custom="readingOrder {index:9;}">
                <Coords points="1270,3786 4057,3764 4101,3581 1274,3687"/>
                <Baseline points="1296,3770 1332,3770 1422,3764 1511,3764 1601,3758 1691,3758 1780,3758 1870,3752 1959,3746 2049,3740 2139,3740 2228,3740 2318,3740 2408,3734 2497,3728 2587,3728 2676,3728 2766,3728 2856,3728 2945,3728 3035,3722 3125,3722 3214,3716 3304,3710 3393,3710 3483,3710 3573,3704 3662,3704 3752,3698 3842,3698 3931,3692 4021,3686 4111,3692"/>
                <TextEquiv>
                    <Unicode>Reinheit und Echtbeit über das Problea des Charakters und</Unicode>
                </TextEquiv>
            </TextLine>
            <TextLine id="tr_2_tl_11" custom="readingOrder {index:10;}">
                <Coords points="1289,3888 2241,3844 2398,3899 2625,3833 2724,3910 2903,3833 3354,3852 3357,3760 1289,3815"/>
                <Baseline points="1308,3877 1392,3877 1481,3866 1571,3871 1661,3866 1750,3860 1840,3860 1930,3854 2019,3854 2109,3842 2198,3842 2288,3842 2378,3842 2467,3836 2557,3836 2647,3830 2736,3830 2826,3830 2915,3830 3005,3824 3095,3824 3184,3824 3274,3824 3364,3824"/>
                <TextEquiv>
                    <Unicode>der Perzialichkeit der Welt mitgeteelt haben.</Unicode>
                </TextEquiv>
            </TextLine>
            <TextLine id="tr_2_tl_12" custom="readingOrder {index:11;}">
                <Coords points="2460,4119 2717,4082 2863,4141 3149,4042 3302,4093 3654,4024 3965,4079 4068,4049 4075,3888 3936,3859 3559,3950 3361,3874 3156,3965 3032,3914 2750,3965 2464,3918"/>
                <Baseline points="2479,4057 2557,4069 2647,4057 2736,4057 2826,4051 2915,4051 3005,4045 3095,4039 3184,4039 3274,4039 3364,4033 3453,4033 3543,4033 3632,4027 3722,4027 3812,4027 3901,4021 3991,4027 4081,4033"/>
                <TextEquiv>
                    <Unicode>Ihr verschreib i. denkler verbindener</Unicode>
                </TextEquiv>
            </TextLine>
            <TextLine id="tr_2_tl_13" custom="readingOrder {index:12;}">
                <Coords points="3079,4251 3171,4218 3273,4254 3493,4218 3639,4236 3764,4181 3855,4229 3936,4196 3940,4097 3826,4108 3778,4071 3610,4057 3464,4126 3398,4101 3343,4130 3182,4042 3083,4060"/>
                <Baseline points="3101,4170 3137,4176 3226,4182 3316,4182 3405,4182 3495,4176 3585,4176 3674,4170 3764,4164 3854,4164 3943,4164"/>
                <TextEquiv>
                    <Unicode>Hermann Wesser</Unicode>
                </TextEquiv>
            </TextLine>
            <TextLine id="tr_2_tl_14" custom="readingOrder {index:13;}">
                <Coords points="1955,4361 2120,4375 2164,4408 2274,4346 2490,4379 2493,4192 2446,4192 2372,4240 2259,4240 2219,4210 2142,4221 2091,4254 2006,4225 1959,4240"/>
                <Baseline points="1977,4355 2049,4355 2139,4355 2228,4355 2318,4355 2408,4355 2497,4338"/>
                <TextEquiv>
                    <Unicode>15. II. 28.</Unicode>
                </TextEquiv>
            </TextLine>
            <TextLine id="tr_2_tl_15" custom="readingOrder {index:14;}">
                <Coords points="1981,4463 2043,4492 2120,4470 2226,4525 2274,4489 2354,4496 2391,4470 2479,4492 2508,4481 2512,4361 2351,4368 2299,4397 2226,4368 2164,4408 2120,4375 1984,4383"/>
                <Baseline points="2001,4463 2067,4463 2157,4463 2246,4463 2336,4457 2425,4451 2515,4445"/>
                <TextEquiv>
                    <Unicode>Mangenstr 3</Unicode>
                </TextEquiv>
            </TextLine>
            <TextLine id="tr_2_tl_16" custom="readingOrder {index:15;}">
                <Coords points="2047,4577 2091,4599 2131,4584 2153,4606 2178,4595 2197,4610 2230,4610 2266,4584 2296,4595 2351,4577 2376,4591 2394,4577 2409,4591 2446,4580 2446,4489 2394,4470 2325,4496 2288,4481 2230,4525 2120,4470 2047,4489"/>
                <Baseline points="2067,4571 2157,4571 2246,4571 2336,4571 2425,4571 2455,4571"/>
                <TextEquiv>
                    <Unicode>Wiecken</Unicode>
                </TextEquiv>
            </TextLine>
        </TextRegion>
    </Page>
</PcGts>
