4968 5090
1899 1138 2101 1224 nden in
1944 1197 2189 1293 die Zer
1561 1264 2351 1365 einen verspaeteten aller
1503 1335 2253 1431 ich Sie zu empfangen für
1383 1399 2290 1498 Ich ging einmal mit dem Frage
1330 1474 2301 1548 mir nicht gut genug war, umh
966 1540 2442 1633 der die Erscheinung Casanova, die von Ihnen zu-
880 1601 2450 1692 durch Ihre wundervolle Erzaehlung wieder in das
875 1649 2439 1753 der Zeitgenossen gerueckt worden ist, mancher
716 1726 2492 1846 Gedanken wert scheint. Jetzt haben auch die Nachtreter
1926 1788 2484 1923 Hooh vor allem Ihre
1330 1796 1881 1934 se Gestalt, die
793 1819 1205 1934 auf unden, was
2069 2171 2296 2288 re
1530 2192 1891 2389 G.H.F.P
1859 2221 2224 2394 mais en lisant une
431 2218 785 2394 Rene
455 2335 2386 2554 treben sehr rachster Herr Arthur Schnitzler
4352 2402 4554 2599 e
380 2453 2216 2620 es mir sich Monats über meinen verführten
593 2490 857 2594 votre bien
388 2580 2338 2785 Glückwärsel vergangen. - So war ich doch raschter
2554 2601 4695 2841 hiebei sehr rückroter Herr Dr. Amstglg 8.II.24
396 2681 2309 2846 der Erst für die Mai 1922: - Möchte Ihnen
2538 2713 4660 2931 ich freie mich ungemein nächsten Ihnen in Wertahr
396 2796 2277 2966 dann zeit viel Schönes gebracht haben, sodass
2546 2854 4612 3006 – vielleicht auch perierlich? — uns der Komandie
378 2899 2189 3054 Sie - unberührt von dem, was an verschienen
2546 2950 4405 3112 der Verführung so begegnen. Frau Thilen
364 2987 2208 3179 verblich in All= und Fürstag einer geistigen
354 3075 2402 3245 und d'absende Männer mit Vehrmeng stiebs¬
2527 3064 4620 3243 meine Freund, spätt Sie verblickte Hauptkam u.
386 3144 2253 3352 Ihnen 60. Abtürtstag in erleben wie ich es
2524 3149 4594 3320 schrift mir begeistert davon. — Wie gern würde
2503 3256 4373 3410 Tit. In midi sehen. Die Datenwegen einer
391 3264 1394 3461 Ihm gewännte hab.
849 3314 2229 3527 Ich jedoch Ihre zu Verbreng und
2495 3322 4349 3540 Speration, prachtvoll ausgeführt von Prof.
1152 3421 2181 3567 Herzlichkeit als Ihr Ihre
2500 3429 4442 3564 Paul Clairmont hier einem Diener, die Sr
1647 3487 2205 3583 ten Ergebener
346 3447 825 3673 22.II.22
1644 3543 2264 3673 Hermann Kessen
2511 3543 4647 3716 am so kommen, hat mich für einige Tage ausgestellt
2474 3668 4594 3814 tot aus Beruf u. Daven der Spathabst ziehen wahrlichen
2498 3740 4588 3982 Danklich mit de Osten Komeder Dr. Reisender in den Kunst
3620 3854 4003 4025 In Kirche
2860 442 3993 628 hieher, sehr sechster bei
2836 564 3801 747 Dr. Arthur Schnitzler
2812 654 4038 883 längst habe ich die Wunsch
2822 774 4155 942 ein Thun wieder einmal im Vort.
2814 859 4064 1045 zu hören: Ueber Ihr Befenden,
2801 947 4006 1141 Arbeiter und Zeitgefühl. Ich
2812 1013 4187 1224 sende Ihnen heedt in alles schönster
2785 1125 4150 1319 Erinnerung an, vier einer heylchen
2804 1221 4115 1439 früh aus Vierbaden! — schon mit
2804 1285 4152 1503 Jahrenfrick trag ich man mit den
2801 1420 4083 1641 Gedankte unver einmal nach V.
2836 1474 4118 1697 zu kennen. Nach den von leb¬
2801 1593 4003 1788 ich zwischen Deutschland c. de
2793 1641 4195 1913 Schweig; in immer lieber in der Schmerze
2891 1803 3902 2014 In treuer Verkennung,
2891 1915 3708 2099 23. v. 24 der Ihr
3325 1976 4067 2168 Hermann Kesser
3261 2035 4187 2237 t vierbeding. A delhæd No 19/9
2788 2171 4064 2282 N.S. Mit besondere Freund habe des jahörs, dass
2798 2269 4134 2351 Sie die einiger Acten - deren Ihr Bezugsp - meine
2793 2293 4144 2463 Kampf gegen die Pantilmandruchtung in Einrich¬
3360 2378 4158 2476 der V. D. B. kein Sitzen hat.
2793 2386 3368 2548 unterhützen, für die
3357 2426 4197 2551 rung.
