4860 5016
1458 1022 3164 1338 Act nicht dünkrei guter Spiel, und
1463 1208 3113 1445 nen Wier und den Kirchenpeier.
1374 1310 3348 1563 Neustümmenschaft, das ich davontrug – sprechen
1402 1422 3162 1711 mich die Welt Ihrer gestalten doppelt
1392 1578 2362 1831 statt und lebendig an.
1550 1629 3236 1928 Die alles aus dieseshalb zu machen, die auf
1399 1765 3179 2048 der Bruche der vorlößte Zeit stehen, und
1407 1926 2408 2135 vandelnd Dokumente.
1550 1943 3412 2286 Ich nach, die haben sich des Abends gefreut¬
1599 2094 3218 2344 Nehmer Sie nochmal meine Dank
1384 2201 3187 2495 für die Empfang zu Wien, und sagen Sie
1384 2286 3223 2658 bistr. Ihm Srie gewählte mein. jeder meinte
1629 2487 3425 2796 Ich sech nicht eher gute Tage eintzuleben.
1389 2533 1974 2743 Empfellungen.
1402 2638 3261 2883 6 Er beliebt den geschickt eine formalversammlung
1402 2738 3396 2967 von allem in dieses sigenmacht gegründeten beträter
1384 2845 2942 3121 jegen mich angebaufen. Wie das n ist.
1650 2886 3284 3133 Ihme wünsch ich einen erträglichen Wortes
1387 3029 3445 3274 und die Erhaltung Ihrer so jungen schafenkraft,
1417 3187 2727 3374 in dem Wech für und wol
2112 3236 2860 3399 Nch Heilsinamt
2132 3246 3271 3545 Mecken aufrichtig verkommen
2554 3374 3200 3629 kennenkam.
1466 3374 2135 3593 Zweid 7.22.XI.
1530 3522 2053 3734 Auroreste 84
