4860 5016
1324 1688 1737 1882 Rener
1352 1775 2826 1956 Hertwehrter Herr Dokta Arthur Schnitzler,
1322 1889 3099 2098 ich saube, ich habe Ihnen immer noch nicht für die Karte
1327 1973 3224 2215 gedankt, die Sie auf inzem Dith an meiner kleine Sohn
1332 2080 3208 2281 geschicht haben. Orgenden weiterer von Ihnen hat sie auf
1334 2136 3290 2337 Rein nach Lögen offenbar in Beritz genommen. Sie traf
1316 2253 3239 2416 mit einer marckenhaft grossen Fahrzeit aber das ein, und
1329 2264 3379 2465 erweckte, wie Sie denken können eine ausserordentliche Freude
1299 2393 3259 2595 Ich für sehr je Ihres Schuld. — His Ihren fürsten Zeilen
1309 2452 3213 2638 an mich lebt weiter Ihr Vort: Politik die Arbeit!
1309 2556 3208 2742 sehr wahr! Das fragt vermag. Wenn sie schon die Herr
1327 2612 3333 2834 gesteltt wäre – für alle! — Wieder hoffe ich sie endlich in Wien
1329 2702 3173 2877 einmal selbst schon zu dürfen. In dieser Tager las ich
1327 2811 3356 2969 hier Freunden aus Ihrer unsterblicher Novelle vor, und was
1342 2857 3371 3033 aber ganz mit Ihre verbinden. Der Sie rückrende ergehende
1571 2951 3369 3124 Lonzerheide (paubünder) 10. VI. 19. Hermann Kesser
