4858 5050
1674 883 2251 1094 Kennis
3337 842 3667 1236 27/5.
2439 948 3093 1197 (there)
1836 1257 3541 1496 Sehr verehrtes lieber Herr Dr. Arthur
2997 1439 3463 1627 Schmitzler,
1777 1648 3510 1857 nach meiner Rückkehr die herzlichsten
1666 1784 3391 2019 Jäger Ihnen aus der alten Verehrungen
1656 1906 3626 2124 und Bewundnung für Sr und der Schaffen
1671 2016 3649 2202 aus dem ich mich in diesen Tagen endlich
1653 2101 3623 2361 mit „Theresi“ ging vertraut machen dürfte -
1671 2214 3669 2477 und darin je meiner immer wieder erneuten
1617 2315 3649 2570 Freude wiederfand was Sie allein als Besitz
1687 2477 3494 2709 Ihr eigen kommen: Oha Welt und Ohne
1656 2585 3636 2786 Kunst in höchsten Volleniung verbunden, und
1648 2691 3723 2892 wie mir scheint deshalb bestimmt unabsch¬
1661 2809 3651 2979 bar gültig ein zweil wohl in der Litteratur der
1648 2894 3476 3105 19. u. des 20. Jahrhunderts mir in sehr
1643 2982 3559 3214 wenigen Glücksfällen, Bruchstück von Zeiten
1663 3087 3577 3286 uns Landen so wie von Ihnen gefornst
1643 3214 3654 3407 und gestaltet und dichteret festgehabten sind.
1700 3296 3554 3512 Ihre Menschen, fast ausnahmelos leben Sie
1692 3404 3615 3602 in mir weiter, wie Gestalter meines gelehrte
1681 3523 2505 3687 wirklichen Kreises. -
