4922 5000
1001 610 1746 767 Kerne
1418 1364 3344 1515 Lieber sehr verehrter Herr Dr. Arthur Schnitzler,
1819 1518 3732 1653 vor wenigen Tagen sah ich endlich “Fräulein Else“
1431 1604 3899 1733 imurm. Ich versank in tiefe Nachdenklichkeit über das Thema,
1438 1688 3950 1794 was die Filmleute aus einer Dichtung machen müssen, damit es dem
1431 1778 3940 1851 Geschmack von vielen Millionen entgegenkommt. Aber das ist wohl
1431 1819 3931 1922 ein fast unveränderlicher Zustand, und es scheint mir fast über-
1431 1912 3889 2031 flüssig zu sein, Ihnen gegenüber darüber noch Worte zu machen.
1832 1970 3899 2105 Vom Paul Zaelmay Verlag erhielt ich vor einigen Tagen
1431 2060 3899 2182 eine Ankündigung von der Versammlung der Wiener Verlagsautoren.
1819 2163 3976 2320 Sie waren seinerzeit so liebenswürdig mir zu schreiben,
1444 2275 3851 2362 Sie würden gelegentlich Costa gegenüber eine Bemerkung machen.
1438 2352 3847 2432 Ich weiss nicht, ob Sie vielleicht bei den kommenden oder bei
1425 2407 3895 2493 einem anderen Anlass etwas zu meinem Gunsten vorbringen können.
1444 2484 3889 2561 Ist dies möglich, so wäre ich Ihnen selbstverständlich überaus
1444 2535 3905 2612 dankbar. Der Verlag hat mich wirklich nicht eben in entgegen -
1431 2586 3847 2670 kommender Weise behandelt. Er hat mein Buch in eine Reihe von
1425 2650 3915 2734 Autoren gestellt, die wirklich etwas weniger erreicht haben als
1438 2721 3947 2811 ich und er stellt mir in der Propaganda Autoren voran, von denen
1444 2782 3947 2862 ungefähr das Gleiche gilt. Dabei besteht die Tatsache, dass das
1425 2837 3828 2917 Buch, das eine ganz ausserodentliche Presse gefunden hat, auf
1444 2881 3992 2981 einen Auflagenefolg zu bringen wäre, wenn sich der Verlag nur auf
1438 2968 3947 3052 seine elementarsten Pflichten besinnen wollte. Aber das tut er,
1450 3029 3992 3112 wie es scheint nicht, weil mir natürlich aus der Entfernung jede
1450 3093 3966 3222 Möglichkeit der persönlichen nachdrücklichen Einwirkung genommen
1441 3173 1640 3289 ist.
1839 3209 3867 3308 Ich bin ja mit Verlegern nicht verwöhnt. An allerlei
1444 3247 4005 3372 Erfahrungen reich. Das mir nun gerade der berühmte Zsolnay=Verlag
1438 3347 3838 3440 durch seine Nichtverwendung alle Möglichkeiten beschneidet-er
1438 3382 4008 3533 verdirbt mir ja damit auch meine ganze Situation- darin liegt für
1438 3475 2317 3591 mich etwas Trostloses.
1848 3587 4037 3696 Verzeihen Sie, wenn ich diesen Stossseufzer hier nieder-
1444 3648 3976 3773 lege! Vielleicht vermag ein kräftiges Wort von Ihnen bei Zsolnay
1431 3729 2214 3844 etwas auszurichten.
1819 3831 3834 3944 Mit sehr herzlichen Wünschen und Grüssen bin ich -8
1444 3879 4024 4024 bittend mir nicht zu verübeln, wenn ich mich in dieser Sache noch-
1444 3982 2182 4098 mals an Sie wende-
2638 4059 3360 4223 Ihr treu ergebener
3276 4197 4001 4361 Herrnann Kesser
2512 4463 2869 4598 22. 5. 29
