5000 5114
3094 521 4109 772 Von tädtigsten Männer wurde, so wie sie
883 563 1248 754 1: 1 1:
2181 533 2521 739 V. P.
2680 548 2975 717 1,1:1
3228 1732 3578 1955 21/12 24
1605 1901 3585 2072 Lieber sehr verehrter Herr Dr. Arthur Schnitzler,
1665 2025 3593 2179 vor allem meinen allerherzlichsten Dank fuer Frl.
1657 2154 3513 2288 ölse! Es war mir eine wirkliche Freude und wie
1665 2293 3655 2417 ein Wiedersehen mit Ihnen, Sie so wiederzufinden
1687 2394 3638 2538 (Was soll ich tun? Versehentlich kam das Exemplar
1657 2494 3633 2600 mit der Widmung fuer Brandes an mich. B. hat wohl
1670 2585 2216 2677 das Meinige )
1670 2638 3481 2732 Ich komme erst etwas spaeter nach der Schweiz.
1682 2670 3533 2801 Vielleicht aber endlich auch wieder einmal nach
1675 2772 3494 2886 Wien. "Die Reisenden" sind Januar in Frankfurt
1667 2829 3526 3010 (Hellmer)Viele Kreuzstationen. Bitte gruessen
