4860 5016
1138 517 1645 915 Kerrn,
1206 905 2648 1199 Hochverehrter Herr Dr. Arthur Schnitzler,
1216 1124 3968 1370 ich freue mich, Ihnen melden zu kommen, dass ich im Laufe der ersten Oktobertsge
1182 1312 3738 1511 in Wien sein werde, und bei diesem Allass hoffentlich den Vorzug habe, Sie
1158 1436 3731 1600 besuchen zu kommen und, was ich mir schon so lange wuensche, Ihnen endlich
1158 1569 3731 1782 persoenlich zu begegnen. Die Reise, vorher gehe ich noch nach Berlin, steht
1158 1696 3728 1843 zwar wie ein langes Grauen vor mir - wahrscheinlich wird es eine einzige Kette
1168 1795 3786 1984 von Abenteuern, aber am Ende werden doen einige troestende Begebenheiten sein,
1168 1987 3704 2138 und dazu zaehle ich vor allem Ihr Gesicht, das ich mir schon oft vorgestellt
1165 2090 3666 2268 habe. Ich druecke Ihnen schon heute in der Erwartung Sie sehen zu koennen,
1168 2210 2467 2402 in Verehrung und Herzlichkeit die Hand
2111 2333 2388 2474 und bin
2083 2364 2792 2652 Ihr Ihnen ergebenster
2412 2590 3190 2796 Hermannessen.
1161 2727 2039 2899 Zürich, Aurorastrasse 84
1165 2837 1884 2919 Am 21. September 1919
1161 2834 2659 3070 Adresse Wien: Hotel Regina, Maxmiliantlatz
