4934 5112
862 538 1635 718 Monsieur M. D. F. G.
1107 835 3692 1032 Hartung in Koeln - von Thila Hummel abgesehen, die sicher neben
1114 956 3723 1128 der Wohlgemut besteht und ohnehin ein besonderer Kraftbesitz des
1104 1056 3874 1266 hiesigen Staatstheaters ist - einen besseren Bestand an Darstellern
1121 1232 3871 1414 aufgewiesen. Dass ich mich an diesem Abend lebhaft nach Wien zu Ihnen
1114 1366 3781 1521 hinversetzt fuehlte, ist etwas, das ich wohl nicht erwaehnen muss
1114 1452 3812 1642 Der Abend war mein erster Gang in Wiesbaden, wo ich wahrscheinlich
1132 1587 3816 1791 nur ganz kurze Zeit bleiben werde, weil mich vermutlich, um mich
1132 1749 2974 1939 auszukurieren - nach dem Sueden fahren wurde
2022 1966 3457 2167 Mit allen herzlichen Wuenschen fuer
2142 2139 2819 2246 Sie und Ihr Werk
2298 2277 2663 2412 bin ich
2180 2453 3143 2615 Ihr immer verbundener
2832 2601 3447 2881 Kessa
1163 2729 2356 2936 Wiesbaden, Adelheidstrasse 19
2170 3108 2846 3312 3. November 1924
