4891 5144
1151 462 1758 763 Kesser
2178 566 2514 938 be
1139 689 1382 1013 8
1449 1530 3560 1791 Hochwirchsten lieber den deßen Arthies Schütigkeit,
1329 1743 3921 1899 empfangen da meine abgebeglichten Dank für zwei Bücher
1091 1869 3999 2018 die als habe von Ihm empfangen zu haben, mir ein hohes innens
1143 2022 3947 2186 Vergnügen ist: „da gers in Hors o. der Jers in der Tat“, ein
1125 2126 3981 2283 schrift, die vieleicht wenig achten Freunde aus dem Kreis Ihrer
1136 2216 3813 2376 vielen Freund. besitze kann sie mich, das jungen
1143 2346 3862 2469 Mitnachsenken über diea Probleme des sich von Ihnen
1117 2417 4115 2618 zu Invent angesprochen u. durch so Vieh in seiner Resultaten
1125 2528 2521 2741 aus Ihnen 4 ort bejaht für.
1329 2651 4081 2830 „Spiel in Morgengrauen“ – es unkam mir überheblich, üben
1106 2770 3970 2960 Dieses Mein Meckenowk von unvellistlicher Kunst ein¬
1095 2905 4051 3065 auch noch in begrüßert Ausserung zu tun. Ich bewunden
1095 2994 2659 3210 u. Dank. aus ausfüchtigem Herzen.
2968 3147 3750 3363 Ihr verschreibe
3046 3266 3910 3538 fernungen
1214 3348 2294 3616 Wiedering Mangenin 3
1490 3564 1914 3746 8. V. 29.
