3160 3960
1867 219 2618 475 (mi un train, 10)
490 376 2639 631 doch hatte er schon begonnen einiges für
424 571 2606 767 eine krze Reise bereit zu machen, erschien
412 694 2636 893 Tobias Kleng. Noch ehe der Richter noch irxxx
424 896 2709 1046 gend etwas sagen konnte, sprach Tobias Kleug
1867 1013 2110 1133 am
592 1007 1440 1112 weest hatt er er sein Hohn.
421 1064 2832 1202 ihm seinen Dank aus. Bald verstand der Richter
81 1034 259 1245 Bonn
601 1172 887 1269 depu
992 1163 1103 1260 es
412 1163 2709 1347 (der Herzog hatte dem Tobias Kleng die Frei
156 1221 289 1368 " W"
418 1374 2555 1524 heit offen bar(im Namen)von Adam Wogelein
433 1503 2721 1656 geschenkt und Tobias Kleng wusste gar nicht
424 1665 2760 1813 dass er sie dem Herzog selbst verdankte.Adam
1584 1771 1978 1876 Weiter abe-
415 1810 2649 1966 Wogelein atmete auf.Nun gestand ihm Tobias
424 1963 2754 2131 Kleng, dass er sich im Park weder herumgetrie
424 2116 2642 2267 ben,um Holz zu stehlen,noch um zu wildern,
424 2234 2766 2447 sondern weil er eine Gelegenheit auskundschaf
424 2417 2829 2597 ten wollte,um den Herzog umzubringen.Dies sol
616 2543 2501 2636 dunkel sprach u in eene Veschön, dirich schläng zu 6 t
430 2591 2715 2760 te nämlich der Anfang zu einer ganzen Reihe
430 2715 2745 2898 von Mordtaten sein, zu denen sich einige Jüng
427 2856 2730 3111 linge in dem geknechteten Deutschland zusam-
424 3027 2808 3220 mengetan.) Es sollte mit der Willkürherrschaft
430 3220 2751 3388 der kleinen würsten ein Ende gemacht werden,
424 3397 2754 3511 auch in Frankreich regte es sich allerorten.
433 3478 2826 3728 Man erzählte sogar, dass der König von Frank
442 3665 1990 3836 reich gefangen gesetzt worden
