<?xml version="1.0" encoding="UTF-8" standalone="yes"?>
<PcGts xmlns="http://schema.primaresearch.org/PAGE/gts/pagecontent/2013-07-15" xmlns:xsi="http://www.w3.org/2001/XMLSchema-instance" xsi:schemaLocation="http://schema.primaresearch.org/PAGE/gts/pagecontent/2013-07-15 http://schema.primaresearch.org/PAGE/gts/pagecontent/2013-07-15/pagecontent.xsd">
    <Metadata>
        <Creator>prov=READ-COOP:name=TrHtr:version=2.1.0:model_id=51170:date=14_08_2023_11:29</Creator>
        <Created>2023-05-10T14:17:18.388+02:00</Created>
        <LastChange>2023-08-14T11:29:10.266+02:00</LastChange>
        <TranskribusMetadata docId="1428609" pageId="55418179" pageNr="68" tsid="132796579" status="IN_PROGRESS" userId="64420" imgUrl="https://files.transkribus.eu/Get?id=SLMYKRWTOAIPKGZIIGHPUBBD&amp;fileType=view" xmlUrl="https://files.transkribus.eu/Get?id=SYMCNZZZFLOHZZDGHZDKPMZP" imageId="44692283"/>
    </Metadata>
    <Page imageFilename="1428609_0068.jpg" imageWidth="6696" imageHeight="4280">
        <ReadingOrder>
            <OrderedGroup id="ro_1711787755885" caption="Regions reading order">
                <RegionRefIndexed index="0" regionRef="tr_1"/>
            </OrderedGroup>
        </ReadingOrder>
        <TextRegion id="tr_1" custom="readingOrder {index:0;}">
            <Coords points="4154,523 6327,523 6327,3860 4154,3860"/>
            <TextLine id="tr_1_tl_1" custom="readingOrder {index:0;}">
                <Coords points="6140,665 6159,662 6202,686 6244,675 6269,683 6282,670 6314,681 6311,461 6285,453 6263,458 6220,423 6196,442 6180,445 6164,434 6137,442"/>
                <Baseline points="6154,573 6243,579 6321,573"/>
                <TextEquiv>
                    <Unicode>71</Unicode>
                </TextEquiv>
            </TextLine>
            <TextLine id="tr_1_tl_2" custom="readingOrder {index:1;}">
                <Coords points="4138,850 4277,836 4363,860 4551,788 4929,796 4931,662 4835,694 4738,643 4658,678 4628,659 4494,689 4293,630 4146,627"/>
                <Baseline points="4154,787 4220,787 4309,781 4399,781 4488,776 4578,770 4668,770 4757,764 4847,764 4936,764"/>
                <TextEquiv>
                    <Unicode>Agnes,Adelbert</Unicode>
                </TextEquiv>
            </TextLine>
            <TextLine id="tr_1_tl_3" custom="readingOrder {index:2;}">
                <Coords points="4143,1018 5971,973 6172,930 6175,815 4146,855"/>
                <Baseline points="4160,937 4208,937 4297,931 4387,931 4476,931 4566,925 4656,925 4745,925 4835,919 4924,919 5014,913 5103,913 5193,913 5282,913 5372,907 5461,907 5551,901 5641,901 5730,895 5820,895 5909,895 5999,895 6088,895 6178,907"/>
                <TextEquiv>
                    <Unicode>Das Essen wurde indess aufgetragen.Die</Unicode>
                </TextEquiv>
            </TextLine>
            <TextLine id="tr_1_tl_4" custom="readingOrder {index:3;}">
                <Coords points="4151,1123 4242,1171 4363,1134 4417,1166 4489,1131 5170,1136 5306,1104 5309,978 4154,1008"/>
                <Baseline points="4166,1080 4238,1086 4327,1086 4417,1086 4506,1080 4596,1080 4685,1074 4775,1074 4864,1074 4954,1074 5044,1068 5133,1068 5223,1068 5312,1062"/>
                <TextEquiv>
                    <Unicode>Magd geht hin und her.</Unicode>
                </TextEquiv>
            </TextLine>
            <TextLine id="tr_1_tl_5" custom="readingOrder {index:4;}">
                <Coords points="4154,1313 6309,1203 6309,1134 5979,1099 4159,1158"/>
                <Baseline points="4172,1253 4256,1241 4345,1241 4435,1235 4524,1235 4614,1229 4703,1229 4793,1223 4882,1223 4972,1223 5061,1223 5151,1217 5241,1217 5330,1211 5420,1205 5509,1211 5599,1205 5688,1205 5778,1199 5867,1199 5957,1199 6046,1193 6136,1193 6225,1187 6315,1181"/>
                <TextEquiv>
                    <Unicode>Agnes: O du mein Lieber, „s hat wohl wie-</Unicode>
                </TextEquiv>
            </TextLine>
            <TextLine id="tr_1_tl_6" custom="readingOrder {index:5;}">
                <Coords points="4151,1436 5363,1391 5545,1445 5869,1380 6301,1434 6306,1268 4154,1313"/>
                <Baseline points="4166,1390 4250,1390 4339,1390 4429,1384 4518,1384 4608,1378 4697,1378 4787,1378 4876,1372 4966,1372 5056,1372 5145,1372 5235,1372 5324,1372 5414,1372 5503,1366 5593,1361 5682,1361 5772,1361 5861,1355 5951,1355 6040,1349 6130,1349 6220,1343 6309,1343"/>
                <TextEquiv>
                    <Unicode>der viel Mühe und Plage gegeben- und Aer-</Unicode>
                </TextEquiv>
            </TextLine>
            <TextLine id="tr_1_tl_7" custom="readingOrder {index:6;}">
                <Coords points="4151,1576 4197,1576 4216,1587 4232,1579 4267,1597 4320,1584 4374,1600 4382,1431 4304,1466 4261,1434 4250,1445 4229,1436 4213,1450 4200,1442 4170,1469 4154,1466"/>
                <Baseline points="4166,1557 4202,1552 4291,1546 4381,1546"/>
                <TextEquiv>
                    <Unicode>ger.</Unicode>
                </TextEquiv>
            </TextLine>
            <TextLine id="tr_1_tl_8" custom="readingOrder {index:7;}">
                <Coords points="4154,1737 6252,1718 6255,1557 4159,1613"/>
                <Baseline points="4172,1701 4202,1701 4291,1701 4381,1695 4471,1689 4560,1689 4650,1689 4739,1689 4829,1683 4918,1677 5008,1677 5097,1677 5187,1677 5276,1671 5366,1665 5455,1665 5545,1665 5635,1659 5724,1659 5814,1659 5903,1653 5993,1653 6082,1653 6172,1647 6261,1647"/>
                <TextEquiv>
                    <Unicode>Adelbert: Dass sie nur endlich fort ist,</Unicode>
                </TextEquiv>
            </TextLine>
            <TextLine id="tr_1_tl_9" custom="readingOrder {index:8;}">
                <Coords points="4162,1895 5885,1879 6228,1828 6266,1747 6062,1686 4162,1801"/>
                <Baseline points="4178,1838 4214,1844 4303,1850 4393,1844 4482,1844 4572,1838 4662,1838 4751,1838 4841,1832 4930,1826 5020,1826 5109,1826 5199,1826 5288,1826 5378,1826 5467,1826 5557,1820 5646,1820 5736,1814 5826,1814 5915,1808 6005,1808 6094,1802 6184,1802 6273,1796"/>
                <TextEquiv>
                    <Unicode>vor ihr wollt ich's nicht sagen; der To¬</Unicode>
                </TextEquiv>
            </TextLine>
            <TextLine id="tr_1_tl_10" custom="readingOrder {index:9;}">
                <Coords points="4167,2064 4240,2069 4320,2029 4409,2064 4465,2031 4548,2058 4585,2029 4671,2048 4752,2005 4795,2018 4797,1930 4687,1892 4636,1927 4607,1892 4543,1905 4524,1884 4427,1935 4170,1930"/>
                <Baseline points="4184,2005 4268,2005 4357,1999 4447,1999 4536,1999 4626,1993 4715,1993 4805,1987"/>
                <TextEquiv>
                    <Unicode>bias Klenk</Unicode>
                </TextEquiv>
            </TextLine>
            <TextLine id="tr_1_tl_11" custom="readingOrder {index:10;}">
                <Coords points="4167,2206 6250,2176 6317,2168 6319,2023 4173,2066"/>
                <Baseline points="4184,2166 4268,2160 4357,2160 4447,2154 4536,2154 4626,2154 4715,2148 4805,2148 4894,2142 4984,2137 5073,2137 5163,2137 5252,2137 5342,2137 5432,2131 5521,2131 5611,2119 5700,2119 5790,2119 5879,2119 5969,2119 6058,2113 6148,2107 6237,2107 6327,2107"/>
                <TextEquiv>
                    <Unicode>Agnes: Oh, ich weiss ja. Der Herzog selbst</Unicode>
                </TextEquiv>
            </TextLine>
            <TextLine id="tr_1_tl_12" custom="readingOrder {index:11;}">
                <Coords points="4167,2361 6161,2324 6220,2190 5063,2168 4173,2246"/>
                <Baseline points="4184,2316 4256,2310 4345,2310 4435,2310 4524,2310 4614,2304 4703,2304 4793,2298 4882,2298 4972,2292 5061,2292 5151,2292 5241,2292 5330,2286 5420,2280 5509,2280 5599,2274 5688,2274 5778,2274 5867,2274 5957,2268 6046,2268 6136,2262 6225,2268"/>
                <TextEquiv>
                    <Unicode>liess ihn in Haft setzen.Brigitte hat's</Unicode>
                </TextEquiv>
            </TextLine>
            <TextLine id="tr_1_tl_13" custom="readingOrder {index:12;}">
                <Coords points="4162,2533 4194,2519 4216,2533 4237,2514 4355,2519 4393,2492 4443,2506 4497,2492 4607,2500 4610,2374 4492,2361 4406,2396 4296,2380 4250,2409 4162,2401"/>
                <Baseline points="4178,2459 4268,2465 4357,2465 4447,2459 4536,2459 4614,2459"/>
                <TextEquiv>
                    <Unicode>erzählt.</Unicode>
                </TextEquiv>
            </TextLine>
            <TextLine id="tr_1_tl_14" custom="readingOrder {index:13;}">
                <Coords points="4173,2685 4693,2634 5081,2685 5553,2605 6057,2664 6271,2640 6274,2498 4175,2543"/>
                <Baseline points="4190,2620 4220,2620 4309,2620 4399,2614 4488,2608 4578,2608 4668,2608 4757,2608 4847,2608 4936,2602 5026,2596 5115,2596 5205,2596 5294,2596 5384,2596 5473,2590 5563,2590 5652,2590 5742,2584 5832,2584 5921,2578 6011,2578 6100,2578 6190,2578 6279,2578"/>
                <TextEquiv>
                    <Unicode>Adelbert: Das ist nicht alles. Höre nur,</Unicode>
                </TextEquiv>
            </TextLine>
            <TextLine id="tr_1_tl_15" custom="readingOrder {index:14;}">
                <Coords points="4175,2811 4473,2841 4872,2795 5060,2830 5135,2779 5282,2798 5365,2760 5371,2648 5073,2685 4821,2642 4666,2707 4409,2667 4178,2701"/>
                <Baseline points="4190,2775 4208,2781 4297,2775 4387,2775 4476,2775 4566,2769 4656,2763 4745,2763 4835,2757 4924,2757 5014,2751 5103,2751 5193,2751 5282,2751 5372,2751"/>
                <TextEquiv>
                    <Unicode>Agnes.Der ### Herzog —</Unicode>
                </TextEquiv>
            </TextLine>
            <TextLine id="tr_1_tl_16" custom="readingOrder {index:15;}">
                <Coords points="4170,3010 5242,2964 5333,2905 5574,2967 6183,2932 6185,2798 6078,2787 5207,2849 4175,2811"/>
                <Baseline points="4184,2936 4220,2936 4309,2930 4399,2924 4488,2918 4578,2924 4668,2918 4757,2918 4847,2913 4936,2913 5026,2907 5115,2907 5205,2907 5294,2907 5384,2901 5473,2895 5563,2895 5652,2889 5742,2889 5832,2883 5921,2883 6011,2883 6100,2883 6190,2877"/>
                <TextEquiv>
                    <Unicode>Agnes: Was machst du für ein seltsames</Unicode>
                </TextEquiv>
            </TextLine>
            <TextLine id="tr_1_tl_17" custom="readingOrder {index:16;}">
                <Coords points="4175,3130 4307,3111 4350,3136 4454,3120 4500,3136 4567,3106 4636,3125 4639,2988 4527,2996 4425,2975 4350,3015 4285,2986 4245,3002 4178,2996"/>
                <Baseline points="4190,3080 4196,3080 4285,3080 4375,3080 4465,3074 4554,3074 4644,3068"/>
                <TextEquiv>
                    <Unicode>Gesicht?</Unicode>
                </TextEquiv>
            </TextLine>
            <TextLine id="tr_1_tl_18" custom="readingOrder {index:17;}">
                <Coords points="4186,3270 5336,3286 5486,3216 6290,3189 6290,3128 6057,3066 4189,3133"/>
                <Baseline points="4202,3235 4238,3235 4327,3235 4417,3229 4506,3229 4596,3229 4685,3223 4775,3223 4864,3223 4954,3217 5044,3217 5133,3211 5223,3211 5312,3205 5402,3205 5491,3205 5581,3205 5670,3199 5760,3199 5849,3193 5939,3187 6029,3187 6118,3187 6208,3181 6297,3181"/>
                <TextEquiv>
                    <Unicode>Adelbert; Ist es doch auch eine seltsame</Unicode>
                </TextEquiv>
            </TextLine>
            <TextLine id="tr_1_tl_19" custom="readingOrder {index:18;}">
                <Coords points="4194,3425 6086,3422 6295,3388 6298,3280 4197,3315"/>
                <Baseline points="4208,3390 4244,3390 4333,3390 4423,3384 4512,3384 4602,3378 4691,3378 4781,3372 4870,3372 4960,3372 5050,3372 5139,3366 5229,3366 5318,3366 5408,3360 5497,3354 5587,3354 5676,3348 5766,3348 5855,3348 5945,3348 6034,3348 6124,3348 6214,3342 6303,3342"/>
                <TextEquiv>
                    <Unicode>Geschichte. Auch ich habe den Herzog ge-</Unicode>
                </TextEquiv>
            </TextLine>
            <TextLine id="tr_1_tl_20" custom="readingOrder {index:19;}">
                <Coords points="4200,3591 4256,3583 4299,3559 4315,3572 4358,3570 4398,3594 4441,3570 4521,3594 4524,3452 4489,3433 4451,3457 4366,3433 4347,3449 4323,3436 4299,3455 4202,3457"/>
                <Baseline points="4214,3539 4262,3539 4351,3539 4441,3539 4530,3533"/>
                <TextEquiv>
                    <Unicode>sehen.</Unicode>
                </TextEquiv>
            </TextLine>
            <TextLine id="tr_1_tl_21" custom="readingOrder {index:20;}">
                <Coords points="4205,3733 5025,3749 5314,3682 5601,3731 5984,3653 6153,3728 6212,3717 6218,3543 5998,3599 5778,3546 4208,3580"/>
                <Baseline points="4220,3706 4250,3706 4339,3700 4429,3700 4518,3695 4608,3695 4697,3689 4787,3689 4876,3683 4966,3677 5056,3677 5145,3677 5235,3671 5324,3671 5414,3665 5503,3665 5593,3665 5682,3659 5772,3659 5861,3653 5951,3653 6040,3653 6130,3647 6220,3653"/>
                <TextEquiv>
                    <Unicode>Agm s: Er war bei Gericht? Adelbert -du</Unicode>
                </TextEquiv>
            </TextLine>
            <TextLine id="tr_1_tl_22" custom="readingOrder {index:21;}">
                <Coords points="4202,3891 5585,3854 5588,3731 5515,3720 5076,3768 4725,3706 4602,3771 4430,3744 4379,3784 4208,3733"/>
                <Baseline points="4220,3850 4250,3850 4339,3850 4429,3850 4518,3844 4608,3844 4697,3844 4787,3838 4876,3838 4966,3838 5056,3838 5145,3832 5235,3832 5324,3826 5414,3826 5503,3820 5593,3814"/>
                <TextEquiv>
                    <Unicode>bist deines Amts entsetzt?</Unicode>
                </TextEquiv>
            </TextLine>
        </TextRegion>
    </Page>
</PcGts>
