3368 4088
2388 107 2842 357 2t / t
2873 155 3065 388 814
299 241 1735 536 Mr. Frais des Richters
271 526 2711 753 Adelbert in Wirtshaus, gegen Fürst, und Reiche.
227 687 1625 904 besonders qui es betrunkées.
244 828 2691 1069 Ein Ehepear, befriedet mit Cyre (der Tra-
186 1003 1316 1220 bricht ne rvorgers.
271 1151 2831 1326 Tillarmen in and wege Adelbut - is soll int
258 1292 3020 1519 unversichtig bin. Besonders jetzt, in der avisit
2670 1230 3134 1474 Wenn
2646 1488 3185 1663 or the preuse:-
223 1416 2763 1649 Tunt in de hake, bic auf sevice Jagdidliss
234 1629 2680 1849 Weil Jhr, was heilposset. He Johan Klank
179 1759 2783 1976 wurde vom Fortschaffen- in u. witteler gleich
196 1893 2783 2264 hericudrich, a bat it is fortschafte lassen.
196 2065 808 2275 Samlitt!
216 2247 1935 2440 Je, er wischt ist es in alles -
223 2388 2783 2646 A is wilt dok besser ist als sein Vale nae?
131 2502 1474 2780 (Kellermuste et)
364 2673 2797 2917 Heute woll de Tout schon wieder zu mely in de Resi¬
271 2821 557 3014 dung
313 2931 2825 3213 Er ist aber vorzugefahren - (wohin uides kracht.)
316 3051 2739 3368 über die Verwittensbewegung in Frankreich.
381 3364 2715 3636 Wie Adelbert Knut, jetzt der andere habe.-
426 3543 2330 3831 Er ist übelgebunt. Will vielleicht
