3416 4120
2238 135 2528 254 Hart.
913 202 2505 370 seine Gattinnschler in der schönk
2624 212 2789 373 -de
1017 316 2704 541 Försten, der der kleut ins Gefange¬
983 466 1612 600 mehr ließ. -
973 546 2096 730 Ode ue ersählt ihm
1001 678 2849 934 gen ei wollte, dass ordentlich Rechtge¬
970 823 1835 1009 mögten würde.
996 913 3071 1206 Die er ihr erleben kann (er alte.
963 1154 2981 1371 weil es z. doch tereinstimmig
1009 1322 2719 1578 mipte)  tout de tous.
1123 1628 3144 1897 Hans - Tyne - Adillant, me worker.
1164 1904 2691 2130 Agnes u der Herzog fest
1180 2078 2453 2298 Adelbert - will flick i -
1113 2251 3196 2663 Tohis Huit dankt iten für die Frloning.
1151 2443 2950 2738 Das Theil n. k. mit, d. a/ u
1131 2621 3149 2877 der Schicht hatte der Herr umgehänglich
1138 2722 3066 3053 Cuelbert ist sehr einverstand - ohne es
1208 2945 1948 3157 zugerleh.
1164 3152 3064 3428 des Herrn Ayres; - ce huijt repinit. -
1239 3351 2730 3628 ere haben’s leicht gepartis zu sein.
1276 3576 2388 3837 Sie jetzt mit Tobia fort?)
