3480 4136
857 264 3008 504 Taille de Rendevois - Villeritl. Villeurs au
890 403 1958 608 milt.. (Bates weg..)
875 528 3263 765 in Du Herrn und die Frau zurück. - Diesen gebrochen!
896 659 3209 914 das ist ein tät ich in oben! – Hier bin ich zu Ihnen
925 765 1252 949 meale.
928 857 3201 1195 &c Richter in reine Dankbarheit u beweis
976 1050 3186 1311 Jurand Couest Ittere oufman in Schuch.
1053 1195 3037 1445 Der Bove könnt à unserst nie hersee hin. -
1362 1367 2987 1534 Hervoy tout leur avec un dernier cent
1252 1501 3129 1709 verkauft zu sein. Sie im Zeit bistulert
1210 1593 2165 1759 nen unessend!...
1344 1723 3002 1910 Abe Ihr mocht es un selben sollen
1338 1869 2699 2085 in sein' - Gutellte ist.
1314 1981 2453 2165 Nenken. - beim ein!
