<?xml version="1.0" encoding="UTF-8" standalone="yes"?>
<PcGts xmlns="http://schema.primaresearch.org/PAGE/gts/pagecontent/2013-07-15" xmlns:xsi="http://www.w3.org/2001/XMLSchema-instance" xsi:schemaLocation="http://schema.primaresearch.org/PAGE/gts/pagecontent/2013-07-15 http://schema.primaresearch.org/PAGE/gts/pagecontent/2013-07-15/pagecontent.xsd">
    <Metadata>
        <Creator>prov=READ-COOP:name=TrHtr:version=2.1.0:model_id=51170:date=14_08_2023_11:29</Creator>
        <Created>2023-05-10T14:17:28.206+02:00</Created>
        <LastChange>2023-08-14T11:29:26.353+02:00</LastChange>
        <TranskribusMetadata docId="1428609" pageId="55418475" pageNr="126" tsid="132796639" status="IN_PROGRESS" userId="64420" imgUrl="https://files.transkribus.eu/Get?id=XTOCEQPNIHZVXGAAATSRCFWB&amp;fileType=view" xmlUrl="https://files.transkribus.eu/Get?id=BSQHFQJSYHACVKGQQHXNJEMV" imageId="44692579"/>
    </Metadata>
    <Page imageFilename="1428609_0126.jpg" imageWidth="3176" imageHeight="3960">
        <ReadingOrder>
            <OrderedGroup id="ro_1711787821290" caption="Regions reading order">
                <RegionRefIndexed index="0" regionRef="tr_2"/>
                <RegionRefIndexed index="1" regionRef="tr_1"/>
            </OrderedGroup>
        </ReadingOrder>
        <TextRegion id="tr_2" custom="readingOrder {index:0;}">
            <Coords points="403,290 2795,290 2795,1739 403,1739"/>
            <TextLine id="tr_2_tl_1" custom="readingOrder {index:0;}">
                <Coords points="2549,402 2567,399 2591,417 2635,420 2665,447 2679,447 2682,263 2650,260 2606,234 2552,240"/>
                <Baseline points="2565,346 2598,340 2642,340 2687,343"/>
                <TextEquiv>
                    <Unicode>11</Unicode>
                </TextEquiv>
            </TextLine>
            <TextLine id="tr_2_tl_2" custom="readingOrder {index:1;}">
                <Coords points="414,526 2792,532 2718,382 414,420"/>
                <Baseline points="430,486 474,486 519,486 564,486 609,489 654,492 698,492 743,489 788,489 833,489 878,486 922,489 967,489 1012,489 1057,489 1101,489 1146,489 1191,489 1236,489 1281,489 1325,492 1370,492 1415,495 1460,492 1505,492 1549,492 1594,492 1639,492 1684,492 1729,492 1773,495 1818,492 1863,492 1908,495 1953,492 1997,495 2042,495 2087,492 2132,492 2177,492 2221,495 2266,492 2311,495 2356,498 2401,495 2445,495 2490,495 2535,495 2580,498 2625,498 2669,498 2714,504 2759,504 2795,510"/>
                <TextEquiv>
                    <Unicode>Adam Wogelein sah ih all dem einen Fingerzeig</Unicode>
                </TextEquiv>
            </TextLine>
            <TextLine id="tr_2_tl_3" custom="readingOrder {index:2;}">
                <Coords points="408,671 2570,698 2570,580 2153,526 1695,606 408,535"/>
                <Baseline points="424,636 468,639 513,639 558,642 603,645 648,642 692,642 737,642 782,642 827,645 872,642 916,642 961,642 1006,645 1051,645 1096,648 1140,645 1185,648 1230,645 1275,645 1320,645 1364,642 1409,645 1454,645 1499,645 1543,645 1588,645 1633,648 1678,648 1723,648 1767,648 1812,645 1857,645 1902,648 1947,648 1991,648 2036,648 2081,648 2126,648 2171,648 2215,648 2260,648 2305,648 2350,651 2395,651 2439,651 2484,651 2529,654 2574,660 2577,660"/>
                <TextEquiv>
                    <Unicode>des Schicksals.Er schien mit Tobias Kleng</Unicode>
                </TextEquiv>
            </TextLine>
            <TextLine id="tr_2_tl_4" custom="readingOrder {index:3;}">
                <Coords points="1307,733 1375,733 1396,722 1423,742 1437,736 1452,745 1485,745 1502,731 1579,736 1576,680 1505,686 1488,668 1470,680 1452,671 1440,677 1405,657 1387,668 1355,648 1340,660 1304,660"/>
                <Baseline points="1320,716 1364,719 1409,719 1454,719 1499,719 1543,719 1585,722"/>
                <TextEquiv>
                    <Unicode>Sinne</Unicode>
                </TextEquiv>
            </TextLine>
            <TextLine id="tr_2_tl_5" custom="readingOrder {index:4;}">
                <Coords points="1813,739 2008,748 2053,731 2233,728 2277,751 2331,742 2331,695 2227,662 2162,701 2118,674 2082,695 2008,654 1916,698 1851,671 1813,680"/>
                <Baseline points="1830,731 1845,731 1890,731 1935,734 1980,734 2024,731 2069,728 2114,728 2159,728 2203,725 2248,725 2293,725 2338,728"/>
                <TextEquiv>
                    <Unicode>trat in de Lage.</Unicode>
                </TextEquiv>
            </TextLine>
            <TextLine id="tr_2_tl_6" custom="readingOrder {index:5;}">
                <Coords points="417,837 2055,875 2153,810 2573,870 2570,722 2493,698 2289,754 414,725"/>
                <Baseline points="430,782 471,791 516,794 561,794 606,794 651,791 695,794 740,794 785,794 830,794 875,794 919,794 964,794 1009,794 1054,794 1099,797 1143,794 1188,794 1233,797 1278,797 1322,797 1367,797 1412,800 1457,797 1502,797 1546,800 1591,800 1636,800 1681,800 1726,803 1770,803 1815,803 1860,803 1905,803 1950,803 1994,803 2039,800 2084,800 2129,800 2174,800 2218,800 2263,800 2308,800 2353,803 2398,803 2442,800 2487,800 2532,803 2577,803"/>
                <TextEquiv>
                    <Unicode>vollkommen eine Stimme. Er konnte ihm mit</Unicode>
                </TextEquiv>
            </TextLine>
            <TextLine id="tr_2_tl_7" custom="readingOrder {index:6;}">
                <Coords points="402,988 2609,1017 2609,878 2502,858 402,881"/>
                <Baseline points="418,943 462,943 507,943 552,946 597,946 642,946 686,949 731,949 776,949 821,949 866,949 910,949 955,949 1000,949 1045,949 1090,949 1134,949 1179,949 1224,946 1269,949 1314,952 1358,952 1403,952 1448,952 1493,952 1538,955 1582,955 1627,958 1672,958 1717,961 1761,955 1806,955 1851,955 1896,955 1941,955 1985,955 2030,952 2075,955 2120,955 2165,955 2209,955 2254,958 2299,958 2344,961 2389,961 2433,961 2478,958 2523,955 2568,958 2613,958 2616,958"/>
                <TextEquiv>
                    <Unicode>teilen, wo sich der Fürst jetzt befände. Er</Unicode>
                </TextEquiv>
            </TextLine>
            <TextLine id="tr_2_tl_8" custom="readingOrder {index:7;}">
                <Coords points="393,1136 2623,1124 2573,1006 1890,1065 393,994"/>
                <Baseline points="409,1101 453,1101 498,1101 543,1101 588,1101 633,1099 677,1101 722,1101 767,1104 812,1104 857,1107 901,1104 946,1107 991,1104 1036,1107 1081,1107 1125,1107 1170,1104 1215,1107 1260,1107 1305,1104 1349,1107 1394,1107 1439,1107 1484,1107 1529,1104 1573,1107 1618,1107 1663,1107 1708,1107 1753,1107 1797,1107 1842,1107 1887,1110 1932,1107 1977,1107 2021,1107 2066,1104 2111,1104 2156,1107 2200,1107 2245,1110 2290,1107 2335,1107 2380,1110 2424,1110 2469,1110 2514,1113 2559,1110 2604,1107 2628,1110"/>
                <TextEquiv>
                    <Unicode>sei ins Jagdschloss gefahren mit - nun, mit</Unicode>
                </TextEquiv>
            </TextLine>
            <TextLine id="tr_2_tl_9" custom="readingOrder {index:8;}">
                <Coords points="402,1325 2765,1298 2765,1192 2585,1148 2147,1221 1260,1136 402,1174"/>
                <Baseline points="418,1254 462,1257 507,1257 552,1257 597,1257 642,1257 686,1257 731,1260 776,1260 821,1263 866,1260 910,1260 955,1263 1000,1263 1045,1260 1090,1260 1134,1260 1179,1260 1224,1260 1269,1260 1314,1257 1358,1260 1403,1260 1448,1263 1493,1260 1538,1260 1582,1260 1627,1260 1672,1260 1717,1263 1761,1263 1806,1263 1851,1263 1896,1263 1941,1263 1985,1263 2030,1263 2075,1263 2120,1263 2165,1263 2209,1263 2254,1266 2299,1266 2344,1269 2389,1269 2433,1269 2478,1269 2523,1269 2568,1269 2613,1269 2657,1269 2702,1269 2747,1269 2774,1266"/>
                <TextEquiv>
                    <Unicode>einer Frau. Es kostete dem Tobias Kleang nicht</Unicode>
                </TextEquiv>
            </TextLine>
            <TextLine id="tr_2_tl_10" custom="readingOrder {index:9;}">
                <Coords points="402,1461 1150,1420 1434,1514 1828,1420 2097,1511 2736,1514 2736,1313 402,1328"/>
                <Baseline points="418,1412 462,1412 507,1412 552,1412 597,1412 642,1415 686,1415 731,1415 776,1415 821,1412 866,1412 910,1415 955,1415 1000,1415 1045,1415 1090,1415 1134,1415 1179,1415 1224,1415 1269,1415 1314,1418 1358,1415 1403,1418 1448,1415 1493,1415 1538,1415 1582,1418 1627,1418 1672,1418 1717,1415 1761,1418 1806,1418 1851,1418 1896,1418 1941,1418 1985,1421 2030,1418 2075,1418 2120,1418 2165,1418 2209,1421 2254,1421 2299,1421 2344,1421 2389,1421 2433,1424 2478,1421 2523,1421 2568,1418 2613,1418 2657,1418 2702,1418 2741,1418"/>
                <TextEquiv>
                    <Unicode>viel Mühe zu erraten, wer diese Frau sei. Bei</Unicode>
                </TextEquiv>
            </TextLine>
            <TextLine id="tr_2_tl_11" custom="readingOrder {index:10;}">
                <Coords points="399,1594 2668,1638 2668,1514 2520,1496 399,1479"/>
                <Baseline points="415,1558 459,1564 504,1564 549,1564 594,1567 639,1570 683,1567 728,1567 773,1567 818,1567 863,1567 907,1567 952,1567 997,1567 1042,1567 1087,1567 1131,1570 1176,1570 1221,1570 1266,1570 1311,1570 1355,1573 1400,1576 1445,1579 1490,1576 1535,1579 1579,1576 1624,1573 1669,1573 1714,1573 1759,1573 1803,1573 1848,1573 1893,1573 1938,1576 1982,1579 2027,1579 2072,1579 2117,1576 2162,1576 2206,1576 2251,1573 2296,1576 2341,1576 2386,1573 2430,1573 2475,1573 2520,1576 2565,1573 2610,1573 2654,1576 2675,1573"/>
                <TextEquiv>
                    <Unicode>de entzündeten sich gegenseitig zu wütenden</Unicode>
                </TextEquiv>
            </TextLine>
            <TextLine id="tr_2_tl_12" custom="readingOrder {index:11;}">
                <Coords points="387,1789 772,1730 2549,1777 2526,1638 855,1674 387,1612"/>
                <Baseline points="403,1714 447,1717 492,1720 537,1723 582,1723 627,1726 671,1726 716,1729 761,1726 806,1723 851,1723 895,1723 940,1723 985,1723 1030,1726 1075,1723 1119,1723 1164,1726 1209,1726 1254,1726 1299,1726 1343,1726 1388,1729 1433,1729 1478,1729 1523,1729 1567,1726 1612,1729 1657,1729 1702,1729 1747,1726 1791,1726 1836,1726 1881,1726 1926,1726 1971,1726 2015,1726 2060,1726 2105,1726 2150,1726 2195,1726 2239,1726 2284,1729 2329,1729 2374,1729 2419,1729 2463,1726 2508,1729 2553,1726 2556,1726"/>
                <TextEquiv>
                    <Unicode>pacheplänen. Wogelein, wie in einem wilden</Unicode>
                </TextEquiv>
            </TextLine>
        </TextRegion>
        <TextRegion id="tr_1" custom="readingOrder {index:1;}">
            <Coords points="385,1825 2768,1825 2768,3763 385,3763"/>
            <TextLine id="tr_1_tl_1" custom="readingOrder {index:0;}">
                <Coords points="396,1916 2759,1931 2759,1798 2674,1774 396,1798"/>
                <Baseline points="412,1878 456,1875 501,1875 546,1878 591,1878 636,1878 680,1881 725,1878 770,1878 815,1878 860,1878 904,1878 949,1878 994,1878 1039,1875 1084,1875 1128,1878 1173,1878 1218,1878 1263,1878 1308,1878 1352,1881 1397,1881 1442,1881 1487,1884 1532,1884 1576,1884 1621,1884 1666,1884 1711,1887 1756,1890 1800,1890 1845,1887 1890,1884 1935,1884 1980,1884 2024,1884 2069,1884 2114,1884 2159,1881 2203,1884 2248,1884 2293,1884 2338,1884 2383,1884 2427,1881 2472,1884 2517,1884 2562,1884 2607,1884 2651,1884 2696,1887 2741,1887 2768,1887"/>
                <TextEquiv>
                    <Unicode>Traum,ersann eine neue Lüge, als wäre der Herä</Unicode>
                </TextEquiv>
            </TextLine>
            <TextLine id="tr_1_tl_2" custom="readingOrder {index:1;}">
                <Coords points="390,2088 2464,2041 2753,2118 2679,1925 390,1973"/>
                <Baseline points="406,2030 450,2033 495,2033 540,2036 585,2036 630,2033 674,2036 719,2033 764,2033 809,2033 854,2030 898,2033 943,2033 988,2033 1033,2033 1078,2036 1122,2036 1167,2036 1212,2033 1257,2036 1302,2036 1346,2036 1391,2036 1436,2039 1481,2036 1526,2036 1570,2036 1615,2036 1660,2036 1705,2039 1750,2039 1794,2039 1839,2039 1884,2039 1929,2036 1974,2039 2018,2039 2063,2039 2108,2039 2153,2036 2198,2036 2242,2039 2287,2039 2332,2042 2377,2039 2421,2039 2466,2039 2511,2039 2556,2039 2601,2039 2645,2039 2690,2045 2735,2045 2762,2048"/>
                <TextEquiv>
                    <Unicode>zog hier gewesen und hätte Agathe durch Zwang</Unicode>
                </TextEquiv>
            </TextLine>
            <TextLine id="tr_1_tl_3" custom="readingOrder {index:2;}">
                <Coords points="382,2254 751,2194 2135,2260 2739,2215 2739,2100 382,2147"/>
                <Baseline points="397,2186 441,2189 486,2189 531,2189 576,2189 621,2189 665,2189 710,2189 755,2192 800,2192 845,2195 889,2195 934,2195 979,2192 1024,2192 1069,2192 1113,2192 1158,2192 1203,2189 1248,2192 1293,2192 1337,2195 1382,2195 1427,2195 1472,2192 1517,2192 1561,2195 1606,2192 1651,2192 1696,2189 1741,2192 1785,2192 1830,2192 1875,2195 1920,2192 1965,2195 2009,2192 2054,2192 2099,2195 2144,2195 2189,2195 2233,2192 2278,2192 2323,2195 2368,2195 2413,2195 2457,2195 2502,2195 2547,2192 2592,2192 2637,2192 2681,2189 2726,2189 2747,2189"/>
                <TextEquiv>
                    <Unicode>und Drohung zum Mitgehen vermocht. Immer tie-</Unicode>
                </TextEquiv>
            </TextLine>
            <TextLine id="tr_1_tl_4" custom="readingOrder {index:3;}">
                <Coords points="382,2419 713,2345 2700,2390 2700,2277 2413,2242 382,2260"/>
                <Baseline points="397,2341 441,2338 486,2338 531,2341 576,2341 621,2341 665,2338 710,2341 755,2341 800,2341 845,2341 889,2344 934,2347 979,2344 1024,2344 1069,2341 1113,2344 1158,2344 1203,2347 1248,2347 1293,2347 1337,2347 1382,2350 1427,2347 1472,2347 1517,2347 1561,2347 1606,2344 1651,2347 1696,2344 1741,2344 1785,2347 1830,2347 1875,2347 1920,2347 1965,2347 2009,2347 2054,2344 2099,2347 2144,2347 2189,2347 2233,2347 2278,2347 2323,2347 2368,2347 2413,2350 2457,2350 2502,2350 2547,2350 2592,2350 2637,2347 2681,2347 2708,2344"/>
                <TextEquiv>
                    <Unicode>fer vertricke sich Adam Wogele in so, dass er</Unicode>
                </TextEquiv>
            </TextLine>
            <TextLine id="tr_1_tl_5" custom="readingOrder {index:4;}">
                <Coords points="390,2511 2688,2558 2753,2431 387,2407"/>
                <Baseline points="406,2490 450,2493 495,2493 540,2493 585,2493 630,2493 674,2493 719,2493 764,2493 809,2493 854,2496 898,2496 943,2496 988,2496 1033,2499 1078,2496 1122,2496 1167,2496 1212,2499 1257,2499 1302,2499 1346,2499 1391,2499 1436,2499 1481,2499 1526,2499 1570,2499 1615,2499 1660,2502 1705,2505 1750,2505 1794,2502 1839,2505 1884,2502 1929,2502 1974,2502 2018,2502 2063,2502 2108,2502 2153,2502 2198,2502 2242,2505 2287,2505 2332,2505 2377,2505 2421,2505 2466,2502 2511,2505 2556,2505 2601,2502 2645,2502 2690,2502 2735,2502 2759,2505"/>
                <TextEquiv>
                    <Unicode>beinahe zu wünschen anfing, der Herzog sei mit</Unicode>
                </TextEquiv>
            </TextLine>
            <TextLine id="tr_1_tl_6" custom="readingOrder {index:5;}">
                <Coords points="376,2697 2614,2700 2614,2585 2372,2540 2147,2606 376,2585"/>
                <Baseline points="391,2651 436,2651 480,2651 525,2651 570,2648 615,2651 660,2651 704,2648 749,2648 794,2648 839,2648 883,2648 928,2648 973,2648 1018,2651 1063,2651 1107,2651 1152,2654 1197,2654 1242,2654 1287,2654 1331,2654 1376,2654 1421,2654 1466,2654 1511,2654 1555,2651 1600,2654 1645,2654 1690,2657 1735,2654 1779,2657 1824,2657 1869,2654 1914,2660 1959,2657 2003,2654 2048,2654 2093,2657 2138,2657 2183,2654 2227,2657 2272,2657 2317,2657 2362,2657 2407,2657 2451,2657 2496,2660 2541,2660 2586,2660 2622,2660"/>
                <TextEquiv>
                    <Unicode>Agathe so weit gekommen als irgad möglich,</Unicode>
                </TextEquiv>
            </TextLine>
            <TextLine id="tr_1_tl_7" custom="readingOrder {index:6;}">
                <Coords points="384,2872 2594,2836 2594,2759 2316,2700 384,2733"/>
                <Baseline points="400,2801 444,2801 489,2801 534,2804 579,2804 624,2804 668,2804 713,2804 758,2804 803,2804 848,2804 892,2804 937,2807 982,2807 1027,2807 1072,2807 1116,2810 1161,2813 1206,2813 1251,2813 1296,2807 1340,2807 1385,2807 1430,2807 1475,2807 1520,2807 1564,2807 1609,2807 1654,2807 1699,2807 1744,2807 1788,2810 1833,2807 1878,2810 1923,2810 1968,2810 2012,2810 2057,2810 2102,2810 2147,2810 2192,2810 2236,2810 2281,2810 2326,2810 2371,2810 2416,2810 2460,2810 2505,2813 2550,2810 2595,2807 2601,2804"/>
                <TextEquiv>
                    <Unicode>ermalte sich aus, dass sie schon Beide zu -</Unicode>
                </TextEquiv>
            </TextLine>
            <TextLine id="tr_1_tl_8" custom="readingOrder {index:7;}">
                <Coords points="382,2969 2611,3034 2609,2895 2369,2854 379,2872"/>
                <Baseline points="397,2956 441,2956 486,2956 531,2959 576,2959 621,2959 665,2959 710,2959 755,2959 800,2956 845,2959 889,2959 934,2962 979,2962 1024,2962 1069,2965 1113,2965 1158,2965 1203,2965 1248,2965 1293,2965 1337,2962 1382,2959 1427,2962 1472,2962 1517,2959 1561,2959 1606,2962 1651,2962 1696,2962 1741,2962 1785,2965 1830,2965 1875,2965 1920,2965 1965,2965 2009,2965 2054,2965 2099,2965 2144,2965 2189,2962 2233,2965 2278,2965 2323,2965 2368,2965 2413,2965 2457,2965 2502,2965 2547,2965 2592,2965 2619,2968"/>
                <TextEquiv>
                    <Unicode>sammen sich in irgend einem verschwiegenen</Unicode>
                </TextEquiv>
            </TextLine>
            <TextLine id="tr_1_tl_9" custom="readingOrder {index:8;}">
                <Coords points="373,3138 2706,3179 2730,3040 370,2996"/>
                <Baseline points="388,3105 433,3105 477,3108 522,3111 567,3111 612,3114 657,3114 701,3114 746,3111 791,3111 836,3111 880,3114 925,3111 970,3111 1015,3114 1060,3114 1104,3117 1149,3114 1194,3117 1239,3117 1284,3117 1328,3117 1373,3117 1418,3117 1463,3114 1508,3114 1552,3117 1597,3117 1642,3117 1687,3114 1732,3114 1776,3114 1821,3114 1866,3117 1911,3117 1956,3117 2000,3120 2045,3120 2090,3120 2135,3120 2180,3120 2224,3117 2269,3120 2314,3120 2359,3120 2404,3120 2448,3120 2493,3123 2538,3123 2583,3120 2628,3120 2672,3117 2717,3111 2738,3105"/>
                <TextEquiv>
                    <Unicode>Gemach des Schlosses befänden und dass es Tó</Unicode>
                </TextEquiv>
            </TextLine>
            <TextLine id="tr_1_tl_10" custom="readingOrder {index:9;}">
                <Coords points="370,3309 2694,3315 2611,3209 2345,3221 2233,3144 1653,3215 370,3179"/>
                <Baseline points="385,3261 430,3264 474,3267 519,3270 564,3270 609,3270 654,3273 698,3270 743,3270 788,3270 833,3270 878,3273 922,3273 967,3276 1012,3273 1057,3273 1101,3273 1146,3273 1191,3273 1236,3273 1281,3273 1325,3273 1370,3273 1415,3273 1460,3270 1505,3273 1549,3273 1594,3273 1639,3276 1684,3273 1729,3273 1773,3273 1818,3273 1863,3276 1908,3276 1953,3276 1997,3273 2042,3276 2087,3276 2132,3276 2177,3273 2221,3273 2266,3273 2311,3273 2356,3276 2401,3276 2445,3276 2490,3276 2535,3273 2580,3273 2625,3273 2669,3270 2702,3270"/>
                <TextEquiv>
                    <Unicode>bis s gelingen müs ste gerade unter diesen Um</Unicode>
                </TextEquiv>
            </TextLine>
            <TextLine id="tr_1_tl_11" custom="readingOrder {index:10;}">
                <Coords points="373,3440 2552,3478 2552,3372 2085,3315 1692,3375 1355,3301 1260,3372 580,3301 373,3369"/>
                <Baseline points="388,3419 433,3422 477,3422 522,3422 567,3422 612,3422 657,3422 701,3422 746,3422 791,3422 836,3422 880,3422 925,3422 970,3422 1015,3422 1060,3425 1104,3425 1149,3425 1194,3425 1239,3425 1284,3425 1328,3425 1373,3425 1418,3425 1463,3425 1508,3428 1552,3428 1597,3428 1642,3428 1687,3428 1732,3428 1776,3428 1821,3428 1866,3428 1911,3431 1956,3428 2000,3428 2045,3431 2090,3431 2135,3431 2180,3431 2224,3431 2269,3431 2314,3431 2359,3431 2404,3434 2448,3431 2493,3434 2538,3434 2559,3431"/>
                <TextEquiv>
                    <Unicode>ständen seinen Mordplan zur Ausführung zu</Unicode>
                </TextEquiv>
            </TextLine>
            <TextLine id="tr_1_tl_12" custom="readingOrder {index:11;}">
                <Coords points="384,3611 1216,3590 1541,3679 2609,3632 2609,3499 2407,3481 384,3508"/>
                <Baseline points="400,3580 421,3580 465,3580 510,3580 555,3583 600,3583 645,3583 689,3583 734,3586 779,3586 824,3586 869,3583 913,3586 958,3586 1003,3586 1048,3586 1093,3583 1137,3583 1182,3583 1227,3583 1272,3583 1317,3586 1361,3586 1406,3586 1451,3589 1496,3586 1540,3586 1585,3586 1630,3586 1675,3586 1720,3589 1764,3589 1809,3589 1854,3586 1899,3589 1944,3586 1988,3589 2033,3586 2078,3586 2123,3586 2168,3586 2212,3586 2257,3586 2302,3586 2347,3586 2392,3586 2436,3583 2481,3583 2526,3583 2571,3580 2616,3577"/>
                <TextEquiv>
                    <Unicode>bringen. Währrend sie so noch wie zwei irr</Unicode>
                </TextEquiv>
            </TextLine>
            <TextLine id="tr_1_tl_13" custom="readingOrder {index:12;}">
                <Coords points="379,3794 2750,3800 2750,3688 2375,3635 379,3655"/>
                <Baseline points="394,3733 436,3739 480,3736 525,3739 570,3741 615,3744 660,3744 704,3744 749,3744 794,3744 839,3747 883,3744 928,3744 973,3744 1018,3744 1063,3747 1107,3744 1152,3744 1197,3744 1242,3744 1287,3744 1331,3747 1376,3747 1421,3744 1466,3747 1511,3747 1555,3747 1600,3750 1645,3750 1690,3750 1735,3750 1779,3750 1824,3750 1869,3750 1914,3747 1959,3747 2003,3750 2048,3750 2093,3750 2138,3750 2183,3753 2227,3753 2272,3753 2317,3750 2362,3750 2407,3750 2451,3753 2496,3750 2541,3753 2586,3753 2631,3747 2675,3747 2720,3750 2759,3747"/>
                <TextEquiv>
                    <Unicode>sinnige Verschwörer die näheren Umstände erwo-</Unicode>
                </TextEquiv>
            </TextLine>
        </TextRegion>
    </Page>
</PcGts>
