6664 4248
3481 398 4014 725 4/211918
3939 739 6028 931 Zimmer einfach,behaglichoffenes Fenster,
3934 908 6054 1100 Blick auf Waldhügellandschaft.Oktobertag.
3928 1060 6188 1238 Die letzten Häuser des Städtchens sind noch
3928 1252 6120 1381 sichtbar. Gedeckter Tisch in der Mitte des
3922 1421 5495 1547 Zimmers.Türe rechts und links.
3928 1521 5959 1793 Agnes,die Frau des Pichters.am Fenster.
3934 1722 4409 1862 22 Jahre.
3922 1811 6163 1997 Nach wenigen Sekunden Adelbert, der Richter,
3934 1994 6065 2166 von rechts. Noch nicht 40. Nicht übel aus-
3928 2129 6120 2301 sehend. Jetzt offenbar etwas unruhig.Sieht
3916 2281 6157 2452 zuerst zu dem Arbeitstischden hin,an dem er
3922 2450 6157 2633 Agme s vermutet,erblickt sie am Fenster.Will
3916 2613 6134 2773 hin,zögert, legt dann seine Mappe weg, rasch
3916 2750 6206 2908 zu Agnes, drückt einen Kuss auf ihren Nacken.
3916 2899 6125 3080 Agnes (zuckt leicht zusammen, dann erfreut):
3916 3051 5727 3235 Schon aus dem mit zurück, Adelbert?
3916 3212 6217 3467 Adelbert: Spät genug, denk ich. Drei Uhr, Lieb-
3916 3441 4157 3541 ste.
3928 3507 6174 3693 Agnes: So will ich gleich auftragen lassen.
5910 3616 6432 3819 in Mrs. Pieter
3908 3676 6211 3934 Adelbert: Bleib nur. Kathrin ha-t mich ja ge-
