6680 4280
2794 503 2950 653 64
5924 533 6074 694 65
830 647 2886 855 Brigitte: Hier hat's auch keine Gefahr.
4002 644 5933 833 bracht. Nun war er gar Jahre fort,wer
811 822 3047 986 Agnes: Undwenn auch. Schiert er sich drum?
4013 817 6074 994 weiss wo. Und seit er hier ist - nun, man
819 1008 2372 1161 Aber Ihr Alle hier seid feig.
4013 980 4633 1164 sieht's ja.
830 1117 2922 1350 Brigitte: Und doch sollt' er sich hüten.
4002 1142 5136 1333 Agnes: Was sieht man?
825 1278 3025 1475 Man kann nie wissen, wer in der Nähe sitzt.
4013 1258 6102 1478 Brigitte: Du weisst wohl noch gar nicht,
819 1411 2861 1644 Agnes: Wer sollt ihn angeben? Er weiss
4008 1433 6219 1625 was geschehen ist? gestern,gleich nach der
830 1594 2900 1753 schon, zu wem er spricht. Die Leute sind
4019 1603 5102 1766 Ankunft des Herzogs?
839 1714 2827 1928 ja alle seines Sinns, sogar dein Vater.
4011 1733 6080 1972 Agnes: Was hat Tobias mit dem Herzog zu
830 1886 2908 2083 Brigitte: Nur ganz im Allgemeinen. Gegen
4025 1941 4275 2086 tun?
830 2061 3022 2205 die Regierung hier im Lande hat er nichts.
4013 2050 6216 2233 Brigitte: Wurde mit der Flinte in der Nähe
830 2211 2633 2394 Sagt wenigstens nichts wider sie.
4013 2197 6110 2372 des Jagdschlosses betreten. Und zwar vom
814 2350 2955 2555 Agnes: Und sonstwer? Die Leute,mit denen
4025 2391 6205 2544 Herzog selbst. Wollte wohl wieder wildern.
819 2508 3030 2658 Adelbert im Wirtshaus zusammensitzt,Tobias
4025 2505 6077 2694 Und der Herzog selbst hat ihn sofort in
825 2678 2852 2836 Klenk zum Beispiel, der wird wohl nicht
4019 2664 5144 2850 Arrest setzen lassen.
825 2814 2475 2980 zum Herzog laufen ihn anzeigen.
5991 2814 6222 2964 nsch
4011 2758 5824 3022 Agnes: Nun siehst du,was er für ein
830 2972 3066 3172 Brigitte: Und doch sollte ein Richter nicht
4025 2961 6135 3172 ist. Und wenn er schon ein Reh geschossen
814 3119 2986 3297 mit solchen Lampen,wie Tobias Klenk einer
4025 3116 6163 3291 hätte, der Herzog ist reich, er hat tausend
830 3308 2525 3458 ist, im Wirtshaus zusammensitzah-
4025 3275 4333 3491 Rehe.
814 3408 2989 3655 Agnes: Sie sind Jugendfreunde waren auf der
4019 3377 5486 3655 Brigitte: Wohin käm man da?
819 3586 1955 3766 Universität zusammen.
4013 3589 6174 3772 Agne s: Das wird alles anders werden.Adel-
814 3730 2994 3941 Brigitte: Tobias aber hat's zu nichts ge-
4013 3747 4941 3966 bert sagte auch.
