3400 4168
635 468 2777 793 auf einem meiner Spaziergänge gesehen. Wie
626 676 1609 852 verborgen es liegt.
638 820 2783 1037 Erzherzog: Manchmal träumt man davon dort
623 948 2974 1177 für immer zu verschwinden oder wenigstens für
632 1112 2941 1299 unbestimmte Zeit. Zuweilen hab ich auch Gäste
623 1266 2974 1469 dort. Wollen Sie mir ein Vergnügen machen.Herr
617 1436 2977 1630 Richter, so besuchen Sie mich einmal dort.Oder
629 1576 2864 1782 besser noch, ich nehme Sie Beide gleich mit
629 1776 2929 1922 Richter: Diese Ehre, nein, wir können wahrhaf-
1970 1886 3028 2026 " Son Kerl, de da Holz verlohlt
629 1895 2980 2125 tig nicht. Auch mein Amt -
635 2050 2873 2229 Erzh###rzog: Ja, dann freilich. Und im übrigen,
629 2190 2950 2378 was ich Ihnen noch sagen wollte. Ich habe ihn
641 2363 2047 2548 schon nach Hause geschickt.
632 2524 1338 2736 Richter: Wen?
635 2616 2959 2876 Erzherzog: Sie werden mir die von Eingriff in
635 2813 2920 3004 Ihre Rechte verzeihen, Aber ich glaube gewis-
635 2968 2891 3153 sermassen in Ihren Intentionen gehandelt zu
629 3102 3019 3388 haben. Für diesmal sollte er mit dem Schrecken
644 3296 1269 3490 davonkommen
641 3385 2941 3600 Richter: Fürstliche Gnaden haben ihn aus dem
641 3573 2876 3773 Gefängnis wieder entlassen? Den Lampen? Oh,
