6584 4136
2605 293 2781 421 23
731 392 2835 717 hen und zuzuhören, wie er inquirierte und
751 603 2795 805 sein Urteil sprach ganz nach Buchstaben
745 717 2830 981 und Verordnung. Ich wollte wohl mehr sol-
739 899 2830 1155 che Richter im Lande haben wie Ihr einer
742 1078 2346 1277 seid,Richter Adelbert Wogelein.
728 1177 2847 1450 Adelbert: Gnädigster Herzog, ich wusste x
748 1385 2790 1558 nicht, ob es erlaubt sei, vielmehr die Be-
737 1530 2844 1695 scheidenhe it selbst verbot mir, mein Weib
739 1675 2770 1877 erfährt erst aus Euerm Munde,gnädigster
2150 1718 2949 1883 annsiligen xxx
739 1831 2923 2045 Herzoh, dass Ihr heute unserm armen Gericht
756 1974 2949 2201 die hohe Ehre erwieset mit dero hochherzog-
756 2138 2281 2380 lichem Besuche auszuzeichnen.
739 2269 2869 2514 Herzog: Dies aber heiss ich die Beschei
754 2400 2921 2642 denheit zu weit getrieben,umso mehr, da die
739 2608 2841 2815 Ehre, wenn Ihr sie schon so nennen wollt,
751 2744 2852 2955 m nicht gerade Euch in Person,sondern
2377 2844 2810 2946 hohen.
768 2881 2847 3088 eben dem Gericht selbst, dieser ausserer-
759 3051 2812 3250 dentlich-wichtigen Institution galt, die
768 3211 2861 3415 Ihr nur fälschlich eine armselige nennen
768 3401 1109 3577 könnt.
2255 3472 2901 3711 eint.gnädig¬
1320 3515 2221 3668 Nicht so war es ge¬
771 3558 2221 3714 Adol bort: mit allfältig an mit,
802 3688 2986 3873 ster Herzog. Armselig nur gemessen an dero
4038 387 5025 611 hohen Besuchhaer
4021 529 6088 793 Herzog: Auch das nicht. Meine herzogliche
4021 731 6234 907 Gewalt ist eine Institution und ebenso ist
4010 833 6086 1083 das Gericht eine. Welches die höhere, das
4317 1018 4587 1129 serveils
4018 1041 6302 1206 hängt nur von der Person ab und xxxh wille
4004 1174 5596 1391 zufrieden sein, wenn es mir ver
3993 1331 5588 1519 meine Pflichten als Herzog jed
5761 1405 6074 1547 oit so
4004 1484 5713 1669 gerecht zu erfüllen als der Richt
5941 1527 6145 1706 oge-
3993 1655 5531 1837 lein die seinen. Und ich freu
5995 1732 6219 1902 s Zu.
4340 1783 5036 1897 mu onkleungal.
3987 1792 5636 1985 falls, der Euch meine Zufriedenho
3990 1954 5901 2130 am eigenen Haus und angesichts Eure
3950 2127 5747 2292 schönen Gattin aussprechen lässt.
3964 2258 6182 2448 Adelbert: Gnädigster Herzog,mit Beschämung
3964 2431 6103 2611 nur nehme ich so unverdientes Lob für er-
3961 2571 5230 2758 füllte Pflicht entgegen.
3961 2707 5963 2921 Herzog: Die bei der Ungebärdigkeit und
4513 2861 4951 2960 de neintre.
3950 2884 5912 3103 Rachsucht der Leute, mit denen Ihr zu
3950 3003 5776 3211 habt, nicht ganz ohne Gefahr ###
3791 3137 4320 3290 Oder wille &
5972 2992 6373 3333 heren
3964 3182 6216 3435 ist Euch doch zweifellos zu Ohren gekommen.
4948 3324 5292 3438 trässeren.
3933 3324 5724 3512 dass der freche Bursch,ehe er Buch
5804 3387 5972 3555 vor-
3927 3509 6091 3694 geführt wurde, schwor,es sollte Euch teuer
6003 3674 6208 3765 me
3927 3660 6151 3904 zu stehen kommen, wenn Ihr ihn nur auf drei
