<?xml version="1.0" encoding="UTF-8" standalone="yes"?>
<PcGts xmlns="http://schema.primaresearch.org/PAGE/gts/pagecontent/2013-07-15" xmlns:xsi="http://www.w3.org/2001/XMLSchema-instance" xsi:schemaLocation="http://schema.primaresearch.org/PAGE/gts/pagecontent/2013-07-15 http://schema.primaresearch.org/PAGE/gts/pagecontent/2013-07-15/pagecontent.xsd">
    <Metadata>
        <Creator>prov=READ-COOP:name=TrHtr:version=2.1.0:model_id=51170:date=14_08_2023_11:29</Creator>
        <Created>2023-05-10T14:17:19.544+02:00</Created>
        <LastChange>2023-08-14T11:29:12.075+02:00</LastChange>
        <TranskribusMetadata docId="1428609" pageId="55418212" pageNr="75" tsid="132796587" status="IN_PROGRESS" userId="64420" imgUrl="https://files.transkribus.eu/Get?id=CZUOXRNFBJZZMDQRYCMYBUOO&amp;fileType=view" xmlUrl="https://files.transkribus.eu/Get?id=WSFJWTPOCMOFQIDKNSJCGROF" imageId="44692316"/>
    </Metadata>
    <Page imageFilename="1428609_0075.jpg" imageWidth="3352" imageHeight="4248">
        <ReadingOrder>
            <OrderedGroup id="ro_1711787767014" caption="Regions reading order">
                <RegionRefIndexed index="0" regionRef="tr_1"/>
                <RegionRefIndexed index="1" regionRef="tr_2"/>
                <RegionRefIndexed index="2" regionRef="tr_3"/>
            </OrderedGroup>
        </ReadingOrder>
        <TextRegion id="tr_1" custom="readingOrder {index:0;}">
            <Coords points="597,490 2838,490 2838,1392 597,1392"/>
            <TextLine id="tr_1_tl_1" custom="readingOrder {index:0;}">
                <Coords points="2624,570 2662,576 2676,567 2691,576 2702,573 2728,582 2734,454 2720,451 2711,457 2696,445 2682,448 2664,439 2659,445 2647,433 2630,433"/>
                <Baseline points="2644,543 2650,543 2695,543 2740,540"/>
                <TextEquiv>
                    <Unicode>3</Unicode>
                </TextEquiv>
            </TextLine>
            <TextLine id="tr_1_tl_2" custom="readingOrder {index:1;}">
                <Coords points="579,806 672,809 739,771 750,782 774,768 858,771 867,782 905,774 905,637 820,622 806,608 794,620 727,602 695,614 675,596 582,614"/>
                <Baseline points="597,764 600,767 644,764 689,761 734,761 779,758 823,761 868,761 913,761"/>
                <TextEquiv>
                    <Unicode>sehen.</Unicode>
                </TextEquiv>
            </TextLine>
            <TextLine id="tr_1_tl_3" custom="readingOrder {index:2;}">
                <Coords points="588,989 2362,945 2368,785 1731,745 1309,829 934,753 797,846 593,812"/>
                <Baseline points="606,928 626,931 671,928 716,925 761,919 806,916 850,916 895,916 940,916 985,913 1029,910 1074,910 1119,910 1164,910 1209,907 1253,904 1298,907 1343,904 1388,901 1432,898 1477,895 1522,895 1567,892 1612,892 1656,889 1701,889 1746,889 1791,883 1835,883 1880,883 1925,883 1970,880 2015,880 2059,877 2104,874 2149,874 2194,868 2238,868 2283,865 2328,865 2373,868"/>
                <TextEquiv>
                    <Unicode>Agnes: (Nun, was gab es bei Gericht?</Unicode>
                </TextEquiv>
            </TextLine>
            <TextLine id="tr_1_tl_4" custom="readingOrder {index:3;}">
                <Coords points="599,1155 2481,1120 2827,1068 2830,937 605,992"/>
                <Baseline points="617,1078 644,1074 689,1071 734,1071 779,1068 823,1065 868,1062 913,1062 958,1065 1003,1065 1047,1065 1092,1068 1137,1065 1182,1062 1226,1059 1271,1056 1316,1059 1361,1056 1406,1056 1450,1053 1495,1050 1540,1050 1585,1047 1629,1044 1674,1044 1719,1047 1764,1047 1809,1044 1853,1047 1898,1044 1943,1041 1988,1038 2032,1035 2077,1035 2122,1032 2167,1029 2212,1029 2256,1026 2301,1023 2346,1020 2391,1020 2435,1020 2480,1017 2525,1017 2570,1014 2615,1014 2659,1011 2704,1009 2749,1006 2794,1006 2838,1009"/>
                <TextEquiv>
                    <Unicode>Adelbert: (als wollte er gleich etwasserzäh-</Unicode>
                </TextEquiv>
            </TextLine>
            <TextLine id="tr_1_tl_5" custom="readingOrder {index:4;}">
                <Coords points="1643,1207 2365,1181 2670,1268 2821,1239 2827,1068 2673,1114 2382,1085 1646,1140"/>
                <Baseline points="1659,1206 1695,1197 1740,1197 1785,1194 1829,1194 1874,1194 1919,1200 1967,1197 1967,1197 2015,1191 2059,1188 2104,1188 2149,1182 2194,1182 2238,1179 2283,1179 2328,1179 2373,1179 2418,1176 2462,1176 2507,1173 2552,1173 2597,1170 2641,1170 2686,1170 2731,1170 2776,1164 2821,1161 2832,1164"/>
                <TextEquiv>
                    <Unicode>dann) Allerlei, wie ge¬</Unicode>
                </TextEquiv>
            </TextLine>
            <TextLine id="tr_1_tl_6" custom="readingOrder {index:5;}">
                <Coords points="590,1280 1632,1289 1655,1120 1428,1155 1280,1126 1137,1166 593,1149"/>
                <Baseline points="608,1235 629,1232 674,1229 719,1229 764,1226 809,1226 853,1226 898,1223 943,1220 988,1220 1032,1220 1077,1214 1122,1214 1167,1214 1212,1214 1256,1212 1301,1212 1346,1212 1391,1214 1435,1206 1480,1203 1525,1200 1570,1203 1615,1203 1659,1206"/>
                <TextEquiv>
                    <Unicode>len und besänne sich</Unicode>
                </TextEquiv>
            </TextLine>
            <TextLine id="tr_1_tl_7" custom="readingOrder {index:6;}">
                <Coords points="1850,1289 1865,1289 1885,1277 1905,1289 1923,1274 1931,1280 1940,1274 1960,1291 2016,1291 2013,1204 1995,1210 1955,1204 1946,1195 1934,1198 1926,1210 1897,1201 1888,1207 1879,1198 1847,1204"/>
                <Baseline points="1862,1262 1907,1262 1952,1262 1997,1268 2023,1268"/>
                <TextEquiv>
                    <Unicode>ang</Unicode>
                </TextEquiv>
            </TextLine>
            <TextLine id="tr_1_tl_8" custom="readingOrder {index:7;}">
                <Coords points="596,1434 1952,1419 2298,1495 2528,1446 2534,1259 602,1280"/>
                <Baseline points="614,1382 656,1382 701,1379 746,1379 791,1379 835,1376 880,1376 925,1376 970,1373 1014,1373 1059,1373 1104,1373 1149,1373 1194,1370 1238,1367 1283,1364 1328,1364 1373,1364 1417,1364 1462,1361 1507,1361 1552,1361 1597,1361 1641,1358 1686,1355 1731,1355 1776,1352 1820,1349 1865,1349 1910,1349 1955,1346 2000,1343 2044,1343 2089,1343 2134,1343 2179,1334 2224,1334 2268,1334 2313,1331 2358,1331 2403,1328 2447,1328 2492,1328 2537,1325"/>
                <TextEquiv>
                    <Unicode>wöhnlich.) Stehst du schon am Fenster?</Unicode>
                </TextEquiv>
            </TextLine>
        </TextRegion>
        <TextRegion id="tr_2" custom="readingOrder {index:1;}">
            <Coords points="522,1466 2922,1466 2922,2932 522,2932"/>
            <TextLine id="tr_2_tl_1" custom="readingOrder {index:0;}">
                <Coords points="608,1594 861,1611 1015,1553 1376,1597 1545,1579 1547,1440 1518,1425 614,1431"/>
                <Baseline points="626,1558 656,1552 701,1549 746,1543 791,1537 835,1534 880,1537 925,1537 970,1537 1014,1534 1059,1531 1104,1525 1149,1525 1194,1522 1238,1522 1283,1519 1328,1519 1373,1519 1417,1519 1462,1516 1507,1519 1552,1519"/>
                <TextEquiv>
                    <Unicode>Agnes: Eine Weile.</Unicode>
                </TextEquiv>
            </TextLine>
            <TextLine id="tr_2_tl_2" custom="readingOrder {index:1;}">
                <Coords points="588,1760 1908,1737 1914,1574 1649,1565 1469,1626 1326,1574 1065,1623 593,1594"/>
                <Baseline points="606,1692 620,1692 665,1689 710,1689 755,1689 800,1686 844,1686 889,1683 934,1683 979,1680 1023,1680 1068,1680 1113,1677 1158,1674 1203,1674 1247,1671 1292,1671 1337,1668 1382,1668 1426,1668 1471,1668 1516,1665 1561,1662 1606,1662 1650,1659 1695,1659 1740,1656 1785,1656 1829,1656 1874,1656 1919,1653"/>
                <TextEquiv>
                    <Unicode>Adelbert: Meiner wartend?</Unicode>
                </TextEquiv>
            </TextLine>
            <TextLine id="tr_2_tl_3" custom="readingOrder {index:2;}">
                <Coords points="602,1905 1318,1920 1969,1806 2470,1873 2851,1803 2853,1687 608,1748"/>
                <Baseline points="620,1850 665,1856 710,1853 755,1847 800,1844 844,1844 889,1844 934,1841 979,1838 1023,1835 1068,1838 1113,1838 1158,1835 1203,1832 1247,1829 1292,1826 1337,1829 1382,1823 1426,1820 1471,1820 1516,1818 1561,1818 1606,1818 1650,1818 1695,1815 1740,1812 1785,1812 1829,1809 1874,1809 1919,1806 1964,1806 2009,1806 2053,1806 2098,1806 2143,1803 2188,1803 2232,1800 2277,1800 2322,1800 2367,1794 2412,1794 2456,1791 2501,1788 2546,1785 2591,1782 2635,1782 2680,1782 2725,1779 2770,1779 2815,1776 2859,1776"/>
                <TextEquiv>
                    <Unicode>Agnes: (ungeheuchelt ) Wessen sonst,Adelbert?</Unicode>
                </TextEquiv>
            </TextLine>
            <TextLine id="tr_2_tl_4" custom="readingOrder {index:3;}">
                <Coords points="1411,1923 1917,1905 1923,1821 1865,1821 1798,1856 1734,1830 1649,1865 1597,1827 1414,1830"/>
                <Baseline points="1426,1916 1432,1919 1477,1916 1522,1913 1567,1913 1612,1910 1656,1907 1701,1904 1746,1904 1791,1901 1835,1898 1880,1895 1925,1889"/>
                <TextEquiv>
                    <Unicode>maker der O</Unicode>
                </TextEquiv>
            </TextLine>
            <TextLine id="tr_2_tl_5" custom="readingOrder {index:4;}">
                <Coords points="605,2059 2647,2030 2900,1955 2903,1853 611,1917"/>
                <Baseline points="623,2003 668,2000 713,1997 758,1997 803,1994 847,1991 892,1991 937,1991 982,1988 1026,1991 1071,1991 1116,1988 1161,1985 1206,1982 1250,1982 1295,1979 1340,1979 1385,1976 1429,1976 1474,1976 1519,1973 1564,1973 1609,1970 1653,1967 1698,1967 1743,1967 1788,1964 1832,1964 1877,1964 1922,1964 1967,1958 2012,1958 2056,1955 2101,1955 2146,1955 2191,1952 2235,1949 2280,1949 2325,1946 2370,1946 2415,1946 2459,1943 2504,1943 2549,1940 2594,1940 2638,1940 2683,1940 2728,1937 2773,1934 2818,1934 2862,1934 2907,1934"/>
                <TextEquiv>
                    <Unicode>Adelbert: Ich kam xxx über die</Unicode>
                </TextEquiv>
            </TextLine>
            <TextLine id="tr_2_tl_6" custom="readingOrder {index:5;}">
                <Coords points="608,2199 1533,2211 1568,2176 1670,2190 1675,2042 1329,2042 1152,2100 992,2027 611,2091"/>
                <Baseline points="623,2155 650,2161 695,2155 740,2155 785,2152 829,2146 874,2146 919,2149 964,2149 1009,2143 1053,2140 1098,2140 1143,2137 1188,2137 1232,2134 1277,2134 1322,2131 1367,2131 1412,2128 1456,2128 1501,2128 1546,2128 1591,2128 1635,2131 1680,2131"/>
                <TextEquiv>
                    <Unicode>wiesen(wie meistens.</Unicode>
                </TextEquiv>
            </TextLine>
            <TextLine id="tr_2_tl_7" custom="readingOrder {index:6;}">
                <Coords points="608,2379 1059,2365 1164,2289 2347,2283 2490,2266 2493,2167 614,2208"/>
                <Baseline points="623,2319 662,2310 707,2313 752,2307 797,2301 841,2304 886,2301 931,2304 976,2301 1020,2301 1065,2298 1110,2295 1155,2292 1200,2289 1244,2286 1289,2286 1334,2286 1379,2283 1423,2280 1468,2280 1513,2277 1558,2277 1603,2277 1647,2277 1692,2277 1737,2274 1782,2274 1826,2271 1871,2271 1916,2268 1961,2265 2006,2265 2050,2262 2095,2262 2140,2259 2185,2259 2229,2256 2274,2256 2319,2256 2364,2253 2409,2250 2453,2250 2498,2247"/>
                <TextEquiv>
                    <Unicode>Agnes: Ist das Gras nicht zu feucht?</Unicode>
                </TextEquiv>
            </TextLine>
            <TextLine id="tr_2_tl_8" custom="readingOrder {index:7;}">
                <Coords points="1117,2371 2080,2362 2333,2310 2088,2257 1929,2263 1876,2310 1777,2275 1655,2318 1373,2280 1257,2324 1120,2304"/>
                <Baseline points="1134,2367 1176,2364 1220,2364 1265,2361 1310,2361 1355,2361 1400,2358 1444,2358 1489,2358 1534,2352 1579,2346 1623,2346 1668,2346 1713,2346 1758,2343 1803,2340 1847,2340 1892,2337 1937,2334 1982,2334 2026,2334 2071,2334 2116,2334 2161,2331 2206,2328 2250,2331 2295,2328 2340,2328"/>
                <TextEquiv>
                    <Unicode>Ein wenig... xxx immerksi.</Unicode>
                </TextEquiv>
            </TextLine>
            <TextLine id="tr_2_tl_9" custom="readingOrder {index:8;}">
                <Coords points="602,2536 1044,2531 1195,2443 2888,2435 2920,2301 608,2365"/>
                <Baseline points="620,2456 638,2459 683,2456 728,2456 773,2453 817,2453 862,2453 907,2453 952,2450 997,2450 1041,2450 1086,2450 1131,2444 1176,2441 1220,2441 1265,2444 1310,2441 1355,2438 1400,2435 1444,2435 1489,2435 1534,2432 1579,2432 1623,2432 1668,2429 1713,2427 1758,2429 1803,2427 1847,2427 1892,2424 1937,2421 1982,2421 2026,2421 2071,2418 2116,2418 2161,2418 2206,2418 2250,2415 2295,2415 2340,2412 2385,2412 2429,2409 2474,2406 2519,2406 2564,2406 2609,2403 2653,2400 2698,2397 2743,2397 2788,2394 2832,2394 2877,2391 2922,2394"/>
                <TextEquiv>
                    <Unicode>Adelbert: Ja, Herbst. Und du stehst am offenen</Unicode>
                </TextEquiv>
            </TextLine>
            <TextLine id="tr_2_tl_10" custom="readingOrder {index:9;}">
                <Coords points="1105,2528 1673,2528 1742,2507 1745,2438 1670,2464 1579,2435 1358,2440 1280,2481 1248,2443 1198,2440 1105,2472"/>
                <Baseline points="1122,2525 1164,2522 1209,2522 1253,2519 1298,2519 1343,2516 1388,2513 1432,2513 1477,2510 1522,2513 1567,2510 1612,2513 1656,2510 1701,2504 1746,2501"/>
                <TextEquiv>
                    <Unicode>in Trincilleid!</Unicode>
                </TextEquiv>
            </TextLine>
            <TextLine id="tr_2_tl_11" custom="readingOrder {index:10;}">
                <Coords points="599,2667 2397,2624 2603,2685 2752,2627 2755,2504 605,2536"/>
                <Baseline points="617,2618 653,2615 698,2612 743,2609 788,2609 832,2609 877,2606 922,2603 967,2600 1011,2600 1056,2600 1101,2603 1146,2600 1191,2600 1235,2600 1280,2600 1325,2597 1370,2594 1415,2591 1459,2588 1504,2585 1549,2585 1594,2588 1638,2585 1683,2585 1728,2579 1773,2576 1818,2573 1862,2573 1907,2573 1952,2573 1997,2573 2041,2573 2086,2570 2131,2570 2176,2567 2221,2567 2265,2567 2310,2567 2355,2567 2400,2567 2444,2567 2489,2564 2534,2561 2579,2558 2624,2558 2668,2555 2713,2558 2758,2558"/>
                <TextEquiv>
                    <Unicode>Fenster-ohne durch. Unvorsichtiges Kind.</Unicode>
                </TextEquiv>
            </TextLine>
            <TextLine id="tr_2_tl_12" custom="readingOrder {index:11;}">
                <Coords points="506,2827 2016,2813 2022,2653 509,2694"/>
                <Baseline points="522,2782 549,2782 594,2779 638,2779 683,2779 728,2776 773,2773 817,2767 862,2767 907,2764 952,2764 997,2761 1041,2758 1086,2758 1131,2755 1176,2752 1220,2749 1265,2749 1310,2749 1355,2746 1400,2743 1444,2743 1489,2740 1534,2740 1579,2740 1623,2737 1668,2734 1713,2737 1758,2734 1803,2731 1847,2731 1892,2731 1937,2728 1982,2728 2026,2725"/>
                <TextEquiv>
                    <Unicode>(Agia s: Es ist noch so warm.</Unicode>
                </TextEquiv>
            </TextLine>
            <TextLine id="tr_2_tl_13" custom="readingOrder {index:12;}">
                <Coords points="608,2990 2673,2949 2679,2804 614,2845"/>
                <Baseline points="626,2922 665,2922 710,2919 755,2919 800,2916 844,2916 889,2913 934,2910 979,2910 1023,2910 1068,2910 1113,2907 1158,2907 1203,2907 1247,2904 1292,2904 1337,2901 1382,2898 1426,2895 1471,2895 1516,2895 1561,2895 1606,2895 1650,2895 1695,2892 1740,2889 1785,2889 1829,2886 1874,2886 1919,2886 1964,2886 2009,2883 2053,2883 2098,2880 2143,2877 2188,2877 2232,2874 2277,2871 2322,2871 2367,2871 2412,2868 2456,2868 2501,2865 2546,2862 2591,2862 2635,2859 2680,2859"/>
                <TextEquiv>
                    <Unicode>Adelbert: (im Zimmer herum, räumt Aktanin</Unicode>
                </TextEquiv>
            </TextLine>
        </TextRegion>
        <TextRegion id="tr_3" custom="readingOrder {index:2;}">
            <Coords points="626,2962 3065,2962 3065,3902 626,3902"/>
            <TextLine id="tr_3_tl_1" custom="readingOrder {index:0;}">
                <Coords points="637,3136 2632,3112 2880,3054 2883,2949 640,2981"/>
                <Baseline points="653,3080 692,3077 737,3077 782,3077 826,3077 871,3074 916,3068 961,3068 1006,3065 1050,3062 1095,3062 1140,3062 1185,3062 1229,3062 1274,3059 1319,3056 1364,3056 1409,3056 1453,3053 1498,3056 1543,3053 1588,3053 1632,3050 1677,3044 1722,3041 1767,3041 1812,3044 1856,3044 1901,3041 1946,3038 1991,3038 2035,3035 2080,3033 2125,3033 2170,3030 2215,3030 2259,3030 2304,3030 2349,3030 2394,3027 2438,3027 2483,3027 2528,3024 2573,3021 2618,3021 2662,3021 2707,3018 2752,3018 2797,3015 2841,3012 2886,3012"/>
                <TextEquiv>
                    <Unicode>den Schrank) Nun, xxx was hast du gemeht den</Unicode>
                </TextEquiv>
            </TextLine>
            <TextLine id="tr_3_tl_2" custom="readingOrder {index:1;}">
                <Coords points="617,3278 2324,3307 2784,3243 2859,3077 620,3139"/>
                <Baseline points="632,3238 668,3238 713,3236 758,3233 803,3230 847,3230 892,3227 937,3224 982,3224 1026,3224 1071,3218 1116,3215 1161,3215 1206,3215 1250,3215 1295,3215 1340,3212 1385,3215 1429,3221 1474,3221 1519,3218 1564,3218 1609,3212 1653,3206 1698,3203 1743,3200 1788,3200 1832,3200 1877,3197 1922,3194 1967,3194 2012,3191 2056,3194 2101,3188 2146,3185 2191,3185 2235,3185 2280,3188 2325,3185 2370,3182 2415,3179 2459,3179 2504,3176 2549,3176 2594,3176 2638,3173 2683,3173 2728,3170 2773,3170 2818,3167 2862,3167"/>
                <TextEquiv>
                    <Unicode>ganzen-Vormittag? Immer nur zum Fenster hi-</Unicode>
                </TextEquiv>
            </TextLine>
            <TextLine id="tr_3_tl_3" custom="readingOrder {index:2;}">
                <Coords points="611,3450 980,3461 1111,3418 1321,3453 1326,3296 1300,3284 1172,3313 1062,3284 948,3331 905,3299 838,3319 797,3287 730,3328 617,3278"/>
                <Baseline points="626,3400 659,3397 704,3397 749,3394 794,3388 838,3385 883,3382 928,3382 973,3379 1017,3379 1062,3376 1107,3376 1152,3373 1197,3373 1241,3373 1286,3373 1331,3376"/>
                <TextEquiv>
                    <Unicode>nausgeschaut.</Unicode>
                </TextEquiv>
            </TextLine>
            <TextLine id="tr_3_tl_4" custom="readingOrder {index:3;}">
                <Coords points="611,3613 1766,3508 2688,3575 2871,3496 2874,3415 617,3470"/>
                <Baseline points="629,3555 638,3552 683,3552 728,3549 773,3546 817,3543 862,3540 907,3540 952,3540 997,3537 1041,3534 1086,3534 1131,3531 1176,3531 1220,3528 1265,3525 1310,3522 1355,3522 1400,3519 1444,3519 1489,3519 1534,3516 1579,3516 1623,3513 1668,3510 1713,3510 1758,3510 1803,3507 1847,3504 1892,3504 1937,3504 1982,3501 2026,3501 2071,3501 2116,3501 2161,3498 2206,3498 2250,3495 2295,3495 2340,3495 2385,3495 2429,3492 2474,3489 2519,3486 2564,3486 2609,3489 2653,3486 2698,3483 2743,3483 2788,3483 2832,3480 2877,3483"/>
                <TextEquiv>
                    <Unicode>Agnes: Eben erst komm ich aus der Küche, nur</Unicode>
                </TextEquiv>
            </TextLine>
            <TextLine id="tr_3_tl_5" custom="readingOrder {index:4;}">
                <Coords points="620,3773 2929,3668 2932,3552 625,3633"/>
                <Baseline points="638,3698 653,3701 698,3701 743,3698 788,3698 832,3698 877,3695 922,3695 967,3695 1011,3695 1056,3692 1101,3689 1146,3686 1191,3686 1235,3686 1280,3683 1325,3683 1370,3677 1415,3677 1459,3674 1504,3671 1549,3671 1594,3668 1638,3668 1683,3668 1728,3665 1773,3665 1818,3665 1862,3662 1907,3659 1952,3659 1997,3656 2041,3656 2086,3656 2131,3653 2176,3653 2221,3650 2265,3650 2310,3647 2355,3650 2400,3650 2444,3647 2489,3644 2534,3644 2579,3644 2624,3639 2668,3639 2713,3639 2758,3636 2803,3636 2847,3633 2892,3633 2937,3636"/>
                <TextEquiv>
                    <Unicode>des Morgens - Weisst du denn auch, wer hautax</Unicode>
                </TextEquiv>
            </TextLine>
            <TextLine id="tr_3_tl_6" custom="readingOrder {index:5;}">
                <Coords points="2659,3755 2702,3755 2755,3714 2775,3732 2833,3714 2868,3729 2897,3717 2915,3732 2967,3732 2964,3653 2915,3668 2883,3645 2851,3642 2656,3659"/>
                <Baseline points="2674,3716 2719,3713 2764,3713 2809,3713 2853,3713 2898,3716 2943,3719 2973,3725"/>
                <TextEquiv>
                    <Unicode>im Amt</Unicode>
                </TextEquiv>
            </TextLine>
            <TextLine id="tr_3_tl_7" custom="readingOrder {index:6;}">
                <Coords points="617,3904 1257,3965 1521,3880 1833,3944 2635,3901 2949,3732 620,3773"/>
                <Baseline points="632,3853 674,3856 719,3853 764,3853 809,3853 853,3853 898,3850 943,3847 988,3844 1032,3842 1077,3839 1122,3839 1167,3839 1212,3836 1256,3836 1301,3833 1346,3833 1391,3827 1435,3830 1480,3824 1525,3824 1570,3824 1615,3821 1659,3821 1704,3818 1749,3815 1794,3815 1838,3812 1883,3812 1928,3815 1973,3815 2018,3815 2062,3809 2107,3809 2152,3809 2197,3806 2241,3806 2286,3803 2331,3803 2376,3800 2421,3800 2465,3797 2510,3794 2555,3794 2600,3791 2644,3791 2689,3791 2734,3791 2779,3788 2824,3788 2868,3785 2913,3785 2958,3782"/>
                <TextEquiv>
                    <Unicode>hier vorbeifuhr heute Früh, kaum dass du fort</Unicode>
                </TextEquiv>
            </TextLine>
            <TextLine id="tr_3_tl_8" custom="readingOrder {index:7;}">
                <Coords points="2737,3915 2775,3924 2830,3906 2865,3938 2891,3938 2938,3906 2999,3938 3054,3921 3069,3773 3019,3767 2949,3808 2874,3790 2813,3822 2784,3816 2772,3828 2746,3816"/>
                <Baseline points="2755,3892 2797,3883 2841,3886 2886,3886 2931,3880 2976,3874 3021,3865 3065,3856"/>
                <TextEquiv>
                    <Unicode>in Jurise</Unicode>
                </TextEquiv>
            </TextLine>
        </TextRegion>
    </Page>
</PcGts>
