6600 4136
2588 390 2798 642 29s
3890 472 5935 679 Vorteile haben könnt, steht Euch frei
917 529 2959 818 als sie ist und da sie aus so ehrlichen
4003 656 6073 849 Agnes: Einen anderen hab ich nicht, gnä-
905 758 2871 999 Augen blickt wird es ihr gewiss nicht
3997 818 6113 1007 digster Herzog, diesen aber wag ich noch¬
922 908 2908 1134 Recht sein, wenn ich mit einer irrigen
3986 979 6181 1137 mals auszusprechen, nicht um meines Gatten
826 1092 2294 1281 Meinung von hier fortgehe.
3955 1083 5683 1296 Sicherheit willen, um die mir nicht
5742 1089 6099 1330 at bange
902 1231 2684 1485 Agnes: Gnädigster Herzog - (stockt)
3689 1264 5963 1462 ist, da er sich zur Not auch selbst zu
902 1409 2888 1618 Herzog: Das klang gar nicht übel. Aber
3822 1417 5782 1610 schützen wüssee, sondern um des Ver¬
5813 1451 6141 1629 urteil.
905 1536 2523 1765 es war doch nur ein Anfang.
3853 1581 5530 1765 ten Tobias Klenk selber wille
902 1677 2984 1875 Agnes: Zum Dank für die Gastfreundschaft
3994 1720 5567 1926 Herzog: Sollte Euch das Urteil
1423 1813 1943 1901 over. Th se
922 1833 2916 2037 schenket dem Tobias Klenk die Freiheit
3983 1892 5629 2088 erfahren, zu hart oder gar unver
922 2011 2690 2209 und erlasst ihm die Stockstreiche.
3972 2028 5366 2158 erscheinen?
894 2068 2948 2322 Herzog: Ihr habt nicht nur eine liebli-
3672 2172 3884 2348 G.C.H.F.P
3946 2130 5906 2385 Agnes: Ich kenne nicht das Gesetz und
908 2331 2832 2495 che Stimme, sondern Ihr seid auch eine
3949 2337 6020 2552 zweifle nicht, dass der Richter Adelbert
891 2469 2984 2651 Euerm Gatten in Treue zugetane Frau.Aber
3969 2472 5853 2687 Wogelein, mein Mann, ihn (getreu nach d
908 2634 3001 2789 ich gebe Euch mein fürstliches Wort, dass
3952 2628 5940 2812 Paragraphen wird behandelt haben; doch
885 2758 3021 2922 Euer Gatte die Drohungen des Tobias Klerk
648 2772 826 2962 1i0
3915 2738 5898 2976 weiss ich auch, dass für grössere Verb
877 2914 2894 3117 nicht zu fürchten hat, dass vielmehr für
3923 2953 5578 3146 chen, das er begangen, schon geri
874 3089 2973 3250 seine völlige Sicherheit so gesorgt ist,
3940 3120 5980 3298 und für geringere grössere Strafen ver¬
860 3208 2948 3423 als Ihr nur wünschen könnt (Somit dürfte
3923 3247 6017 3471 hängt worden sind. Ich weiss auch, so we-
885 3346 2908 3567 dürfte der offenbare Anlass Eures Wun¬
3867 3403 5946 3621 nig ich von der Welt gesehen habe, dass
880 3505 2905 3692 sch es aus dem Weg geräumt sein und ein
3841 3525 5966 3779 Schuldige der Gerechtigkeit entgegen, und
849 3646 2899 3873 anderer, von dessen Erfüllung Ihr mehr
3779 3723 5949 3881 unschuldige leiden. Ich lehne mich nich
