3272 4072
777 384 2966 642 Agnes: Sprachen wir nicht eben vom Herzog?
740 600 2851 749 Adelbert: Man könnte glaubendu wärst in
751 760 2835 928 ihn verliebt. Was kümmert’s dich, wie alt
1632 858 2164 1009 von den Heuer
757 869 2835 1057 er ist. Ob einer d.aissig ist oder sehh-
900 993 1531 1099 dienstgemps
729 1040 2888 1211 zig der Junge wird auch nicht besser sein
726 1194 1637 1396 als der Alte war.
723 1365 1635 1539 Agnes: Meinst du?
715 1520 2919 1688 Adelbert: Mich dünkt Sie sind alle gleich.
715 1668 2941 1794 die von der Vorsehung oder wie du's nennen
701 1828 2714 1996 magst,an einen so hohen Platz gestellt
707 1971 2868 2128 sind. Da sie über den Gesetz der Menschen
704 2125 2854 2285 sind, glauben sie sich auch über den gött-
1138 2226 2439 2324 - es sind seiten in der Welt, das
701 2277 2767 2448 lichen Geboten. Aber man wird sie's bald
656 2378 1259 2476 anders and
656 2422 1368 2593 besser/lehren;
1758 2425 2150 2596 G.C.H.F.P
676 2593 2933 2759 Agnes: Ich hoffe nur immer, du sprichst der-
698 2748 2692 2885 gleichen nicht allzu laut und nicht an
679 2863 2484 3087 Orten, wo's bedenklich sein könnte.
690 3034 2916 3247 Adelbert: Hab keine August um mich. Ich werde
521 3064 628 3196 G.
679 3196 2907 3345 zu warten wissen bis die Zeit gekommen ist.
1035 3297 1996 3407 Wie konnt de 10 reden.
687 3356 2717 3507 Agnes: Dass du dir nur nicht einmal das
673 3505 2896 3684 Maul verbrennst.Ein Mann in Amt und Würden-
701 3653 2428 3830 Was might die dite med in trish the respect to the
749 3749 2386 3928 di näert j n in theul, daß die Sämde hier
