6584 4152
2853 340 3014 495 19
3983 387 5744 670 meines gnädigen Herrn und Herzogs
860 436 1794 702 Agnes: Schritte -
3994 651 5916 844 Herzog: Hübsch geantwortet,Herr Richt
866 681 2232 822 Adelbert: Den Teufel auch.
3994 741 6009 988 Wogelein, aber bei Gott ich wuste bisher
847 830 1734 1032 Agnes: Im Flur -
3994 896 5889 1073 so wenig, dass es Euer Besitz ist als
6104 893 6352 1092 Evitz
863 972 2091 1187 Adelbert: Unserem Flur?
5957 1056 6180 1135 re
4495 1051 5894 1127 beim Wort nehmen wollte, xxx
3983 1048 5244 1285 ernstlich der ken mag, das
5314 1122 5538 1307 es
5695 1119 6180 1290 der meine.
866 1116 1699 1345 Agnes: Er ist’s.
3978 1244 6131 1424 geworden. Doch ich weiss, es ist die Art zu
4985 1359 5557 1470 dud dies in
3978 1369 5715 1604 reden im Lande. Und in dieser sch
5783 1408 6166 1582 nen jun¬
888 1429 2891 1617 (Die Türe rechts wird von Katharina ge-
3980 1582 5562 1737 gen Frau habe ich wohl Euer Eh¬
5796 1587 5970 1734 zu
866 1609 2954 1761 öffnet der Herzog tritt ein in einfacher
3980 1734 5529 1824 erkennen? Heut morgens als ich
871 1740 1898 1933 jagdmässiger Tracht)
4805 1816 4955 1911 ne
5791 1704 6126 2006 täd.
3969 1868 5410 1987 fuhr, hielt ich Euch für ein
5467 1895 5701 2061 jungo
860 1873 2548 2072 Agnes: (bleibt regungslos stehen)
3980 2031 5796 2192 ohen. Wie ist Ihr Name, schöne Frau?
879 2045 2810 2216 Adelbert: (tritt näher an die Türe und
3969 2159 6009 2385 Adelbert: (antwortet für sie) Agnes,mein
877 2189 1892 2396 verbeugt sich tief)
3953 2309 4917 2456 gnädigst er Herzog.
860 2352 2902 2505 Herzog: (ihn erkennend) Wie - so bin ich
5984 2347 6292 2551 Evil
860 2467 1348 2567 hier beim
3964 2407 6131 2660 Herzog: Ich merke, dass mein Eintreten)das
874 2458 2943 2668 im Hause des Richter: Adelbert Wogelein?
4811 2578 5205 2682 restant
3945 2627 6134 2853 Mittagessen unterbrochen hat. Das war nicht
866 2624 2597 2834 Adelbert: (verbeugt sich nochmals)
3959 2763 5181 2970 die Absicht. Eptleite
871 2807 2913 2997 Herzog: (in ganz einfachem Ton) Kurioser
3945 2948 5960 3136 Adelbert: Wir sind mit unserem bescheid
860 2913 2962 3142 Zufall, dass mir das Rad gerade vor éuerm
3934 3123 5546 3251 Mahl zu Ende,gnädigster Herzog.
855 3068 2859 3297 Hause aus der Achse lief. Gebt Ihr mir
5203 3188 5886 3313 avec un résultat en clerc
866 3213 2948 3436 so lange M Obdach bis der kleine Schaden
3942 3251 6093 3439 Herzog: Aber nicht mit dem Trunk. Und soll
3931 3373 6071 3596 te noch ein Glas im Hause und ein Tropfer
849 3395 1696 3583 gerichte te ist?
855 3496 2859 3752 Adelbert: Dieses Haus wie mein ganzter
3934 3509 5886 3757 in der Flasche sein), so möchte ich ihn
3939 3722 5883 3899 gano verkosten.  schreibt dem ungebotene
852 3703 2916 3967 geringer Besitz ist zugleich der Besitz
6003 3713 6183 3850 votre
4040 3852 4424 3959 und 2m in
