6680 4264
632 411 1411 681 Welp-belwist
667 583 1551 800 Ruyldu Händé
656 579 2625 860 be - at e dat vereilheilt : J. & en
646 825 1860 1028 Gattin = met - Tardian
684 923 2236 1169 zu nicht nicht u u. u. geschehen.”
734 969 2506 1225 I will have. All just in one
723 1060 2731 1415 at the in in Cinty Tuhs.. Betuig..
734 1183 2717 1527 Auch sie Leiderowen... Syross Hamlet.
758 1400 2095 1632 at Tribunal. At
814 1443 2780 1773 dres könig. End meint. Sie mich
786 1615 2657 1952 and a jedenh.. mit Bertre in de Tor.
1221 1773 2148 2043 en & c'est-à-voir-être
744 1899 1039 2099 ret.
786 1990 1523 2218 (hr selbst..)
881 2001 2766 2327 -sume. - Turtiead : - he heremen :-
797 2239 2376 2468 Es ist wie in Hain - Lampe Erecht...
807 2334 2871 2625 I hast in the... for cet trif-  B of Beerrei
256 2271 642 2545 Tit redé
256 2510 656 2661 sind dan.
856 2583 1400 2745 & ct terre...
235 2618 695 2776 de du Nom
1011 2611 1976 2836 Sie ich nicht nicht hin¬
849 2661 2752 3005 B. ersehlt in e Comte. mit ein Hotelstr. u.
274 2727 639 2889 in Vert.
906 2801 2952 3082 mit Gort, dass schon um in erregen. - Sie alles
239 2850 639 3054 mit hess
260 2991 562 3177 Md - in
892 3008 1660 3247 Kleidian
1172 3089 1857 3285 in it over.”
818 3117 2640 3401 mit e. verh. Freund. Eufa in Nachrichte.
291 3117 551 3387 till
997 3257 2801 3482 yeg... nacht. den Werts.... sein viel
972 3422 2067 3671 del schuldie n. depuis.
3559 383 4689 614 Ichivile über den Park. -
3545 537 5276 751 Sie hatte bei tr. zu Milles jespeirt...
3545 681 5448 892 Hugo war fort. ant einem Ausflug -
3570 814 5251 1000 nelleur uitliit. uit Frutinete.
4795 972 4984 1109 den
3570 1032 5686 1236 Oder: né Kam allein in Hih der Smine
5328 1169 5686 1369 at the
5774 1211 6374 1355 Man halte gewust
3552 1197 4819 1386 nachwalt mit Heim-
5770 1313 6307 1481 daß so wärz
3591 1344 4893 1527 &c Ries brennte... (Aufa)
5883 1422 6402 1583 s'estre le point.
3598 1411 5553 1709 Gleed uert Tisch 10 ui m ht s fort -
3552 1569 5641 1853 es was ihr unternehmter und den hören
3580 1759 5697 2015 allein er bleiben... was sie es heuscht -
3563 1980 4742 2162 he tran atiueeiyker
3559 2043 5834 2341 hund er (tr) hätte ich dort verst: e ce
3499 2232 5233 2482 bereit sie sofort & heirates...
5956 2366 6430 2541 Ein-Cilivon
3584 2345 5753 2622 Aehule er etwa von Seelen, ia fürsche
6006 2489 6402 2675 in Scheinen
3608 2531 5960 2833 seine Fai- und ihren Tachung insgepäs¬
3570 2797 3966 2969 no -
3633 2797 5981 3103 Al- u verplündet uhr sein! - Credi ein.
3566 2962 6395 3299 Gehlatsch. Früh halle sich gesagt... dazu me de lang
5749 3022 6290 3127 anden... huijs...
5774 3096 6357 3208 was a liferen.
5834 3145 6434 3278 oulde cort les
5918 3240 6441 3356 Si hall it sell
3671 3233 4486 3461 -gave Hill -
5971 3320 6469 3440 fort achi etc..
3636 3205 5725 3577 Kup- wo fort, auf einen Ausflüs
5928 3401 6388 3517 no one of the
5883 3478 6427 3608 en Hon terreur
3615 3461 4914 3707 bilien?
4251 3682 4405 3780 — —
3693 3633 4198 3833 and Fitz
3714 3657 6171 3973 (We sent leberd menp on cent keer quelle)
