3448 4232
2815 372 2967 576 28
1159 568 2961 732 Ich kenn' ihn kaum, und was ich von
784 571 1115 781 Agnes:
1305 682 2912 939 glockt mich nicht ihn kennen zu
790 743 1273 895 ihm weiss
793 881 1121 1021 lernen
790 913 3093 1223 Herzog: Woher also Euer Mitgefühl? Erscheint
784 1141 3111 1399 Euch das Urteil, das über ihn gesprochen ward,
787 1308 2364 1484 zu hart oder sogar unverdient?
775 1448 3046 1700 Agnes: Ich kenne zwar das Gesetz nicht, aber
799 1607 3070 1808 ich zweifle nicht, dass der Richter Wogelein,
781 1756 3052 1961 mein Gatte, getreu nach dem Paragraphen sein
784 1920 3064 2083 Urteil wird gesprochen haben. Doch ich weiss,
781 2069 3026 2285 dass für grössere Verbrechen schon geringe.
784 2227 3131 2423 re und für geringere grössere Strafen verhänst
781 2382 3081 2575 worden sind. Ich weiss auch, dass manche Shul-
781 2537 3075 2748 dige der Gerechtigkeit entgehen und Unschul¬
781 2692 2976 2912 dige leiden. Ich lehne mich nicht auf weder
784 2850 2941 3064 gegen die göttliche Weltordnung noch gegen
758 2994 2868 3193 meines Fürsten Weisheit, noch gegen eines
775 3207 1586 3353 Richters Spruch
790 3242 2909 3558 Herzog: Was also ist Euere Absicht? Blabt
980 3468 2312 3652 dennoch bei Euerm Wunsch?
860 3550 3084 3842 gnes: Ja, Denn da es nach meines gnädigsten
781 3789 3011 4006 Herzogs eigenem Anbot in meine Hände gelegt
