3224 3992
421 378 2117 599 hen und zuzuhören, wie er inquiri
453 570 1834 776 ne faulen Ausflüchte gelten
458 713 2203 882 lich sein Urteil sprach nach beste
2358 845 2687 1029 chtern
458 882 2200 1103 senstreng, doch gerecht.Bei solcher
461 997 2249 1215 wie Ihr einer seid,Herr Wogelein, sich
2112 1186 2195 1338 L.
456 1215 2006 1387 Gesetze des Lande in guter Hut
456 1344 2596 1510 Adelbert: (zuerst unsicher, jetzt beruhigt)
456 1504 2547 1659 Allegnädigster Herzog, nur mit Beschämung
461 1659 2642 1816 nehme ich so unverdientes Lob für erfüllte
1773 1793 2048 1960 G.C.H.F.F:F.P
473 1793 1547 1994 Pflicht entgegen.
461 1922 2558 2140 Herzog: Wenn zu solcher Pflichterfüllung
885 2077 1286 2189 imnoller
470 2080 2707 2283 auch Mut gehört, dann darf man sich das Lob
476 2246 2570 2452 gerne gefallen lassen.Denn Ihr hättet ja
473 2375 2773 2567 auch können Milde walten lassen,ohne Euch ge-
484 2587 2742 2753 gen den Buchstaben des Gesetzes zu vergehen.
470 2739 2504 2922 Aber ich kann mir wohl denken, warum Ihr
476 2865 2705 3057 besonders streng gewesen seid. Um den Leuten
476 3034 2710 3232 zu zeigen, dass Ihr Euch nicht einschüchtern
484 3154 2762 3335 lässt. Es war auch zweifellos zu Ohren gekom-
2524 3358 2659 3461 nu
499 3312 2295 3498 men, dass der freche Bursch - wie his
2346 3355 2461 3470 8
2616 3441 2765 3653 22
478 3470 2346 3704 Adelbert: Tobias,Klenk, allergnädigst
