3192 3992
463 418 2824 583 eingestehen wollte, ward ihm noch übler zumut.
460 605 2722 764 Seine Frau konnte sich seine üble Laune gar
457 707 2695 935 nicht recht erklären. Er vermied es von To-
457 884 2788 1068 bias Kleng zu sprechen und liess sich nur in
454 1059 2782 1257 allgemeine Bemerkungen ein und niemals hatte
457 1173 2830 1368 er Böseres über die regierenden Herren gsagt,
454 1350 2842 1507 als gerade diesmal, als wollte eer sein Gewissen
457 1501 1269 1678 damit befreien.
460 1645 2614 1817 Seine Laune besserte sich nicht, als Agahe
463 1832 2779 1994 ihm erzählte, dass der Herzog an ihrm Fenster
466 1982 2632 2165 vorbeigefahren und als er leicht bemerken
454 2162 2620 2274 konnte, dass der junge Fürst ihr besonders
457 2256 2322 2475 wohlgefallen. Es ist schienen werden kann
463 2412 2827 2598 Er sagte allerlei Schlimmes über den Fürsten,
457 2553 2680 2761 berichtete endlich, dass der Fürst auch bei
454 2710 2734 2941 Gerich erschienen war, verwirzte sich immer
454 2914 2719 3083 mehr, log, was sonst gar nicht seine Art war,
469 3053 2773 3221 und plötzlich war es der würst gewesen, nicht
463 3218 2833 3395 etwa der nichter Adam Wogelein, der den Tonias
451 3320 2731 3546 Kleng zu strenger strafe verurteilt hat.Ja,
460 3510 2878 3711 er übertrieb sogar und sprach von drei Monaten
463 3693 974 3856 Gefängnis
