3384 4168
2726 316 2833 435 16
548 438 2913 655 welche Güte. Allerdings wage ich nicht zu ent-
554 617 2952 861 scheiden, ob in diesem Falle-Aber die Einsicht
539 795 1894 974 Euer fürstlichen Gnaden...
554 926 2901 1141 Erzherzog: Freilich,Sie wären ganz in Rechte,
557 1108 2854 1266 wenn Sie nun die Anklage gegen mich erhöben.
554 1239 2866 1445 Er war doch rechtmässig verurteilt und meine
560 1397 2818 1638 Macht geht doch nicht soweit, dass ich eine
566 1558 2925 1737 richterliche Ehtscheidung einfach annullieren
575 1716 2821 1874 könnte.Gerechtigkeit ist eine heikle Sache.
581 1856 2675 2076 Dieb bleibt Dieb.Denke u sie, wenn ich mir
593 2037 2979 2210 nächstens beifallen liesse, es obenso mit einem
590 2151 2937 2359 Kerl zumachen, der etwa bei Ihnen einbräche,
590 2335 1996 2502 oder gar mit einem Mörder -
587 2443 2958 2645 Richter: Die Einsicht Euer fürstlichen Gnaden
602 2603 2425 2818 würde mit Sicherheit voraussehen -
590 2782 947 2880 Arshersos
605 2732 2806 2997 Richter: Es wäre gefährlich sich darauf zu
596 2910 2991 3113 verlassen. Wer kann so sehr für sich einstehen?
599 3098 2854 3277 Selbst Sie können es nicht. So streng gegen
602 3235 2815 3426 den einen, so milde gegen mich. Vier Wochen
608 3390 2770 3598 Arrest für ein paar Aeste dürres Holz und
2344 3497 2755 3592 Aufhebung
617 3577 2872 3744 nichts oder gar noch Lob für die Verhöhnung
634 3712 2133 3896 eines richterlichen Spruches.
