6760 4280
972 358 3033 720 get jeste bat vie sie werth - wil
1068 577 2906 812 des Filletz Ultilum im
993 781 1924 1027 deu treîne -
1064 884 3135 1218 Also ist die dort gekommen -
1017 1095 2913 1388 Receu Augst nicht um ihn - -
1112 1245 2947 1556 In vierell trebbel ist Hufs...
982 1494 3056 1702 Exist Er ist verleger, immer - 2
986 1641 2364 1934 Orais it in sage -
1078 1924 1593 2081 was : -
1013 1985 2422 2251 dat we..s verstelt -!
1095 2132 3046 2415 In seur ficemes nächte nach
1051 2323 2125 2603 den Pachim. -
1102 2507 2105 2732 dit ne besser -
1057 2518 2883 2859 Riedt es nicht beitet oben.
1051 2790 1859 3033 nat ibr : -
1095 2896 2763 3179 bei mir trit de merle
2299 2951 3200 3142 de tet ces jours toutes.
2381 3074 2951 3183 Sie lichtet vieh
1105 3138 3104 3323 re cet une ou de ne m'estientait!
1129 3203 3009 3517 re - fort - de leur allé
1023 3384 2814 3711 just pis ne - tene to
1064 3674 1272 3899 e
1088 3705 3012 3981 sie wird mede u psellidet
1136 3896 3125 4145 gebe - espellrette heute.. Die
3674 280 5352 549 Alte gerep... Kenat.j.¬
3746 450 5369 689 Waren nicht helpen - : -
3688 594 6014 849 nau - vor ihre partie - u ist en durch
3633 819 4298 1061 bensch...
3667 873 5673 1221 that tuchou intlut and ihr –
5536 999 6243 1211 Sie bört, ulves
3694 1075 6311 1388 dar oud uit ouders... / wok tuchon
5369 1231 6287 1412 anden Tillense.
3694 1317 5151 1586 Sie Hüller nicht....
5359 1361 6369 1532 d il copiit. Sec
5676 1460 6314 1658 not & taxe do.
5932 1559 6461 1672 vot - alllet...
3677 1511 4690 1770 cil fort en hier -
5949 1634 6427 1743 on & this, so
3701 1562 5792 1941 ge, né nur cent Hege fortreise -
6014 1723 6386 1818 on art - a
3711 1760 6461 2125 Et und dabei sein! Der Italien is samt!
3698 1914 5942 2299 his man ne will p sere pliell
3691 2207 5264 2494 halte   "    Grauenheft..
3694 2292 5959 2668 Sie inder in Rue wenen jetz und
3650 2521 6086 2940 Udi wie in vergangen trind trés mei-
5011 2698 6284 2927 Sidertt a ein ble Auflug in
5011 2811 6168 2988 1 Jahr -.. woll u tote...
3739 2825 5021 3060 wie einhaalles -
5942 2886 6311 3036 tremen.
3749 2951 6468 3217 Une as he me mede neede - De Aufletaner
5946 3002 6475 3169 erst deutscher
3694 3132 6065 3432 Lud ne den nächsten trit ilstebr. -
3677 3346 5707 3653 Wm Frit in it arahl : - he is,
3694 3578 5151 3916 is in [illegible]...
