3320 4008
470 320 2843 562 troffen. Der Verwalter liess ihn ins Gefängnis
470 521 2462 722 abführen, das im Städtchen gelegen war.
473 678 2539 828 Adam Woge lein schwor selbigen Abends im
2021 775 2367 888 fendent.
476 864 2849 1044 Wirtshaus,er würde Tobias Kleng freisprechen.
476 973 2636 1178 An diesem Abend war er besonders wild, er
476 1145 2684 1284 hielt Reden.wie man sie nie von ihm gehört
1651 1204 2749 1340 je je n'ai pas dernier
497 1260 2852 1459 und je der Widerspruch, machte ihn nur noch ver
494 1423 2793 1615 bitterter. Er erklärte, dass die Verhältnis se
497 1574 2761 1752 den mobias Kleng dahin gebracht hätten, auch
692 1722 1394 1820 dirret nicht binnen.
494 1766 2716 1953 war ke in Beweis, dass er die Absicht gehabt
497 1911 2716 2050 hätte zu wildern. Er wollte vielleicht nur
1775 2009 1953 2104 all
494 2024 2651 2269 Holz sammeln, damit seine kranke Mutter im
497 2213 1941 2408 Winter ni H frieren solleö
503 2352 2849 2589 Auch zu seiner Frau äusserte er sich in glei
1417 2533 1701 2654 Gerale.
506 2559 1056 2713 cher Weise
905 2542 2977 2734 Com Morgen dlaut ihre Rom...  von Aers bekant.
512 2687 2888 2870 Da fügte es sich, dass der Prinz zurückkam. Das
2210 2755 2920 2876 in den August evid
509 2852 2571 3053 Begräbnis des alten Herzogs war vorbei.
515 2994 2811 3181 Der Erbprinz,jetzige Herzog,wollte sein gan-
521 3119 2879 3352 zes Ländchen besehen. Er ging in die Schulen,
524 3305 2799 3500 in die Spitäler und plötzlich stand er,ohne
527 3441 2870 3648 dass man seines Kommens gewärtigt gewesen wä-
527 3586 2876 3826 re, im Gerichtshaus und trat in die Amtsstube
