3448 4232
2814 382 2954 584 28
1223 508 2960 791 ass er geschworen hatte, es sollte
1004 733 2998 914 teuer zustehen kommen, wenn Ihr ihn nur
864 776 966 931 oh,
838 861 3184 1077 auf einen Tag einsperrtet und jeder Stockstreich
925 1045 2685 1235 de Buch zehnfach vergolten werden.
744 1191 2939 1401 Adelbert: (wird blass, fasst sich wieder) Ei
753 1354 3059 1553 freilich. Und wär es mir auch nicht berichtet
773 1524 3071 1702 worden,mir ist wohl bekannt, wes man sich von
765 1699 2636 1839 solchem Lumpenpack zu versehen hat.
750 1780 2971 1999 Herzog: Und hattet trotzdemdie courage ihn
771 1970 2977 2163 für zu einem Viertlejahr Gefängnis zu ver
768 2102 2866 2344 urteilen und ausserdem zu fünfundzwanzig
806 2274 1877 2469 tockstreichen.
762 2408 3111 2650 Agnes: (in ihrem Blick spricht sich erstaunen
1579 2630 1923 2782 G.C.F.P.F:S
791 2621 1141 2825 raus)
1915 2749 2177 2945 G.H.F.P.
776 2729 1918 2963 Herzog: (sieht sie an)
776 2843 3047 3108 Adelbert: (bemerkt es) Durft ich milder sein?
794 3047 2980 3228 Ein Kerl, der in des Herzogs Revier mit der
797 3179 2936 3383 Flinte herumläuft...(zu Agnes) Ich erzählte
823 3362 3021 3570 dir doch eben. Zehn Schritte weit vom Jagd-
1068 3470 3094 3730 ss.. gegen das strengste Verbot.Und Sei-
1474 3631 3088 3850 Herzog selbst waren es, die ihn
890 3721 1127 3870 Gna
