<?xml version="1.0" encoding="UTF-8" standalone="yes"?>
<PcGts xmlns="http://schema.primaresearch.org/PAGE/gts/pagecontent/2013-07-15" xmlns:xsi="http://www.w3.org/2001/XMLSchema-instance" xsi:schemaLocation="http://schema.primaresearch.org/PAGE/gts/pagecontent/2013-07-15 http://schema.primaresearch.org/PAGE/gts/pagecontent/2013-07-15/pagecontent.xsd">
    <Metadata>
        <Creator>prov=READ-COOP:name=TrHtr:version=2.1.0:model_id=51170:date=14_08_2023_11:29</Creator>
        <Created>2023-05-10T14:17:21.993+02:00</Created>
        <LastChange>2023-08-14T11:29:15.911+02:00</LastChange>
        <TranskribusMetadata docId="1428609" pageId="55418288" pageNr="89" tsid="132796602" status="IN_PROGRESS" userId="64420" imgUrl="https://files.transkribus.eu/Get?id=WBMMQSTHSAXYMWSRWLDCTOLC&amp;fileType=view" xmlUrl="https://files.transkribus.eu/Get?id=HYYXAGIXSYNSCEUSWXUXPBQH" imageId="44692392"/>
    </Metadata>
    <Page imageFilename="1428609_0089.jpg" imageWidth="3432" imageHeight="4232">
        <ReadingOrder>
            <OrderedGroup id="ro_1711787780725" caption="Regions reading order">
                <RegionRefIndexed index="0" regionRef="tr_2"/>
                <RegionRefIndexed index="1" regionRef="tr_1"/>
            </OrderedGroup>
        </ReadingOrder>
        <TextRegion id="tr_2" custom="readingOrder {index:0;}">
            <Coords points="596,457 3115,457 3115,2284 596,2284"/>
            <TextLine id="tr_2_tl_1" custom="readingOrder {index:0;}">
                <Coords points="2797,560 2836,554 2892,587 2919,581 2940,593 3009,584 3023,596 3068,566 3107,572 3110,375 3065,378 3035,357 3023,366 2982,351 2949,363 2913,349 2800,354"/>
                <Baseline points="2814,522 2847,516 2891,513 2936,510 2981,507 3026,510 3071,513 3115,516"/>
                <TextEquiv>
                    <Unicode>17</Unicode>
                </TextEquiv>
            </TextLine>
            <TextLine id="tr_2_tl_2" custom="readingOrder {index:1;}">
                <Coords points="578,789 2755,760 2824,527 2517,554 2368,480 1352,640 584,620"/>
                <Baseline points="596,743 635,740 680,737 725,737 769,737 814,734 859,734 904,731 949,731 993,734 1038,731 1083,731 1128,725 1172,725 1217,725 1262,725 1307,722 1351,722 1396,722 1441,719 1486,719 1531,716 1575,716 1620,713 1665,713 1710,710 1754,710 1799,710 1844,707 1889,704 1933,704 1978,701 2023,701 2068,701 2113,698 2157,698 2202,698 2247,698 2292,698 2336,695 2381,692 2426,689 2471,689 2515,686 2560,686 2605,683 2650,680 2694,680 2739,677 2784,677 2829,671"/>
                <TextEquiv>
                    <Unicode>Adelbert: Hast du's mir früher nicht selbst</Unicode>
                </TextEquiv>
            </TextLine>
            <TextLine id="tr_2_tl_3" custom="readingOrder {index:2;}">
                <Coords points="2100,929 2142,929 2198,897 2267,903 2288,885 2312,885 2329,903 2386,894 2392,742 2371,739 2329,763 2314,751 2261,771 2234,757 2210,777 2192,766 2106,786"/>
                <Baseline points="2118,838 2124,838 2169,838 2214,835 2259,835 2304,832 2348,829 2393,829"/>
                <TextEquiv>
                    <Unicode>G.C.H.F.F:F.P</Unicode>
                </TextEquiv>
            </TextLine>
            <TextLine id="tr_2_tl_4" custom="readingOrder {index:3;}">
                <Coords points="590,917 670,926 709,953 766,932 786,953 810,941 870,959 923,929 1096,900 1099,801 1049,816 1022,798 995,816 870,789 801,822 718,804 670,837 593,819"/>
                <Baseline points="605,895 611,892 656,892 701,892 746,889 790,889 835,886 880,886 925,883 969,883 1014,880 1059,880 1104,883"/>
                <TextEquiv>
                    <Unicode>erzählt —</Unicode>
                </TextEquiv>
            </TextLine>
            <TextLine id="tr_2_tl_5" custom="readingOrder {index:4;}">
                <Coords points="599,1063 2740,1057 2970,1010 2973,929 605,914"/>
                <Baseline points="617,1050 653,1050 698,1053 743,1047 787,1047 832,1047 877,1047 922,1044 966,1038 1011,1038 1056,1038 1101,1035 1146,1035 1190,1035 1235,1035 1280,1032 1325,1032 1369,1029 1414,1029 1459,1026 1504,1026 1548,1023 1593,1023 1638,1023 1683,1023 1728,1020 1772,1020 1817,1017 1862,1014 1907,1014 1951,1014 1996,1011 2041,1011 2086,1008 2130,1008 2175,1008 2220,1005 2265,1005 2309,1005 2354,999 2399,996 2444,996 2489,996 2533,993 2578,993 2623,993 2668,993 2712,990 2757,987 2802,987 2847,984 2891,984 2936,981 2981,981"/>
                <TextEquiv>
                    <Unicode>Agnes: Er dankb auf meinen Gruss mit freundli-</Unicode>
                </TextEquiv>
            </TextLine>
            <TextLine id="tr_2_tl_6" custom="readingOrder {index:5;}">
                <Coords points="593,1281 2699,1189 2729,1054 599,1111"/>
                <Baseline points="611,1199 629,1199 674,1199 719,1199 764,1196 808,1196 853,1196 898,1193 943,1190 987,1190 1032,1187 1077,1190 1122,1190 1166,1190 1211,1190 1256,1187 1301,1187 1346,1187 1390,1184 1435,1184 1480,1184 1525,1181 1569,1181 1614,1178 1659,1181 1704,1178 1748,1178 1793,1175 1838,1172 1883,1169 1927,1169 1972,1166 2017,1166 2062,1163 2107,1163 2151,1163 2196,1160 2241,1160 2286,1157 2330,1154 2375,1154 2420,1152 2465,1152 2509,1152 2554,1149 2599,1149 2644,1146 2689,1143 2733,1137"/>
                <TextEquiv>
                    <Unicode>chem Nicken nicht mehr. Und sah sich kaum</Unicode>
                </TextEquiv>
            </TextLine>
            <TextLine id="tr_2_tl_7" custom="readingOrder {index:6;}">
                <Coords points="584,1370 911,1418 1469,1358 1600,1412 1716,1400 1802,1388 1808,1233 1334,1278 1105,1227 587,1293"/>
                <Baseline points="599,1357 605,1357 650,1357 695,1357 740,1357 784,1354 829,1351 874,1351 919,1348 963,1346 1008,1346 1053,1343 1098,1343 1143,1343 1187,1343 1232,1343 1277,1343 1322,1343 1366,1340 1411,1340 1456,1337 1501,1337 1545,1334 1590,1334 1635,1334 1680,1331 1725,1322 1769,1319 1814,1316"/>
                <TextEquiv>
                    <Unicode>um, als er vorbei war.</Unicode>
                </TextEquiv>
            </TextLine>
            <TextLine id="tr_2_tl_8" custom="readingOrder {index:7;}">
                <Coords points="587,1612 2076,1495 2490,1549 2794,1501 2797,1370 593,1424"/>
                <Baseline points="605,1513 608,1513 653,1510 698,1507 743,1507 787,1507 832,1507 877,1504 922,1504 966,1501 1011,1501 1056,1501 1101,1498 1146,1498 1190,1495 1235,1495 1280,1495 1325,1495 1369,1495 1414,1492 1459,1492 1504,1489 1548,1489 1593,1489 1638,1486 1683,1486 1728,1483 1772,1480 1817,1480 1862,1480 1907,1480 1951,1477 1996,1474 2041,1474 2086,1471 2130,1468 2175,1468 2220,1468 2265,1471 2309,1468 2354,1471 2399,1474 2444,1471 2489,1465 2533,1462 2578,1459 2623,1456 2668,1453 2712,1450 2757,1447 2802,1444"/>
                <TextEquiv>
                    <Unicode>Adelbert: Kaum. Also doch.Ein wenig, gestoh-</Unicode>
                </TextEquiv>
            </TextLine>
            <TextLine id="tr_2_tl_9" custom="readingOrder {index:8;}">
                <Coords points="599,1686 691,1671 754,1728 855,1686 932,1737 1141,1704 1260,1737 1361,1689 1510,1725 1594,1701 1600,1537 1510,1570 1442,1540 1317,1582 1233,1543 1180,1579 602,1603"/>
                <Baseline points="617,1662 662,1662 707,1662 752,1659 796,1659 841,1659 886,1659 931,1656 975,1653 1020,1650 1065,1647 1110,1647 1154,1647 1199,1644 1244,1644 1289,1641 1334,1641 1378,1638 1423,1635 1468,1635 1513,1632 1557,1626 1602,1620"/>
                <TextEquiv>
                    <Unicode>les nur.</Unicode>
                </TextEquiv>
            </TextLine>
            <TextLine id="tr_2_tl_10" custom="readingOrder {index:9;}">
                <Coords points="590,1859 858,1894 1400,1814 1623,1862 2049,1823 2052,1686 1933,1668 1063,1740 596,1692"/>
                <Baseline points="608,1814 623,1817 668,1817 713,1817 758,1814 802,1814 847,1814 892,1814 937,1811 981,1808 1026,1805 1071,1805 1116,1802 1160,1799 1205,1799 1250,1799 1295,1799 1340,1799 1384,1796 1429,1796 1474,1793 1519,1793 1563,1793 1608,1793 1653,1790 1698,1790 1742,1787 1787,1784 1832,1784 1877,1784 1922,1781 1966,1784 2011,1784 2056,1784"/>
                <TextEquiv>
                    <Unicode>Agnasä: ich weise nicht mehr.</Unicode>
                </TextEquiv>
            </TextLine>
            <TextLine id="tr_2_tl_11" custom="readingOrder {index:10;}">
                <Coords points="599,2046 2353,2005 2806,1948 2842,1832 605,1874"/>
                <Baseline points="617,1972 653,1972 698,1969 743,1966 787,1966 832,1963 877,1966 922,1963 966,1963 1011,1963 1056,1960 1101,1960 1146,1960 1190,1957 1235,1957 1280,1957 1325,1954 1369,1954 1414,1951 1459,1951 1504,1951 1548,1951 1593,1948 1638,1945 1683,1942 1728,1942 1772,1945 1817,1942 1862,1939 1907,1939 1951,1939 1996,1936 2041,1933 2086,1930 2130,1927 2175,1927 2220,1927 2265,1927 2309,1927 2354,1927 2399,1924 2444,1924 2489,1924 2533,1924 2578,1922 2623,1919 2668,1916 2712,1916 2757,1913 2802,1910 2847,1907"/>
                <TextEquiv>
                    <Unicode>Adelbert: (uijbeherrscht) Ihr Weiber - ja, das</Unicode>
                </TextEquiv>
            </TextLine>
            <TextLine id="tr_2_tl_12" custom="readingOrder {index:11;}">
                <Coords points="602,2163 2577,2157 2943,2073 2946,1996 605,2043"/>
                <Baseline points="617,2127 623,2124 668,2124 713,2121 758,2121 802,2118 847,2116 892,2118 937,2116 981,2116 1026,2116 1071,2116 1116,2116 1160,2113 1205,2113 1250,2113 1295,2113 1340,2110 1384,2110 1429,2107 1474,2104 1519,2101 1563,2098 1608,2098 1653,2095 1698,2095 1742,2095 1787,2095 1832,2092 1877,2089 1922,2089 1966,2086 2011,2086 2056,2083 2101,2083 2145,2080 2190,2080 2235,2080 2280,2077 2324,2074 2369,2074 2414,2074 2459,2074 2503,2074 2548,2071 2593,2071 2638,2068 2683,2068 2727,2065 2772,2062 2817,2062 2862,2062 2906,2062 2951,2059"/>
                <TextEquiv>
                    <Unicode>ist das Unglück, Ihr seid ihre Verbündeten von</Unicode>
                </TextEquiv>
            </TextLine>
            <TextLine id="tr_2_tl_13" custom="readingOrder {index:12;}">
                <Coords points="587,2314 2767,2279 2931,2237 2934,2133 593,2177"/>
                <Baseline points="605,2274 614,2274 659,2274 704,2274 749,2274 793,2271 838,2271 883,2271 928,2271 972,2268 1017,2271 1062,2268 1107,2271 1152,2268 1196,2265 1241,2265 1286,2262 1331,2259 1375,2259 1420,2256 1465,2253 1510,2253 1554,2253 1599,2250 1644,2250 1689,2250 1733,2250 1778,2247 1823,2244 1868,2241 1913,2241 1957,2241 2002,2238 2047,2241 2092,2238 2136,2238 2181,2235 2226,2235 2271,2235 2315,2232 2360,2232 2405,2229 2450,2229 2495,2226 2539,2223 2584,2223 2629,2220 2674,2220 2718,2217 2763,2217 2808,2217 2853,2217 2897,2214 2942,2217"/>
                <TextEquiv>
                    <Unicode>Gehurt an. Der strahlinglanz der Diademe ver-</Unicode>
                </TextEquiv>
            </TextLine>
        </TextRegion>
        <TextRegion id="tr_1" custom="readingOrder {index:1;}">
            <Coords points="543,2257 3008,2257 3008,3827 543,3827"/>
            <TextLine id="tr_1_tl_1" custom="readingOrder {index:0;}">
                <Coords points="1859,2312 1945,2317 1981,2338 2011,2326 2034,2341 2139,2312 2234,2332 2234,2255 2172,2273 2097,2243 2064,2264 2037,2249 1972,2249 1960,2261 1939,2246 1859,2258"/>
                <Baseline points="1874,2309 1883,2309 1927,2315 1972,2315 2017,2312 2062,2309 2107,2309 2151,2309 2196,2309 2241,2307"/>
                <TextEquiv>
                    <Unicode>eid in</Unicode>
                </TextEquiv>
            </TextLine>
            <TextLine id="tr_1_tl_2" custom="readingOrder {index:1;}">
                <Coords points="599,2457 1343,2413 1543,2490 2002,2407 2249,2466 2487,2383 2824,2457 2854,2303 602,2344"/>
                <Baseline points="614,2426 620,2426 665,2426 710,2426 755,2423 799,2423 844,2423 889,2423 934,2420 978,2420 1023,2420 1068,2420 1113,2420 1157,2420 1202,2420 1247,2414 1292,2414 1337,2414 1381,2411 1426,2408 1471,2408 1516,2408 1560,2408 1605,2405 1650,2405 1695,2402 1739,2402 1784,2399 1829,2399 1874,2399 1919,2396 1963,2396 2008,2393 2053,2393 2098,2390 2142,2390 2187,2390 2232,2387 2277,2384 2321,2384 2366,2381 2411,2381 2456,2381 2500,2381 2545,2381 2590,2378 2635,2378 2680,2375 2724,2372 2769,2372 2814,2369 2859,2369"/>
                <TextEquiv>
                    <Unicode>wirrt Euch. End gar, wenn er auf einem jungen</Unicode>
                </TextEquiv>
            </TextLine>
            <TextLine id="tr_1_tl_3" custom="readingOrder {index:2;}">
                <Coords points="831,2505 977,2496 1004,2523 1046,2502 1084,2532 1141,2496 1177,2511 1346,2487 1403,2505 1439,2493 1442,2437 1388,2416 1275,2437 1242,2419 1186,2449 1156,2428 1040,2449 989,2431 831,2469"/>
                <Baseline points="847,2492 865,2495 910,2495 955,2495 999,2492 1044,2495 1089,2495 1134,2492 1178,2492 1223,2489 1268,2486 1313,2483 1357,2480 1402,2480 1447,2471"/>
                <TextEquiv>
                    <Unicode>entgegenstellt</Unicode>
                </TextEquiv>
            </TextLine>
            <TextLine id="tr_1_tl_4" custom="readingOrder {index:3;}">
                <Coords points="617,2603 1480,2636 1710,2565 1802,2627 2008,2559 2642,2618 2705,2446 1749,2440 1084,2529 623,2452"/>
                <Baseline points="632,2584 650,2584 695,2584 740,2581 784,2581 829,2578 874,2578 919,2575 963,2575 1008,2575 1053,2572 1098,2572 1143,2572 1187,2572 1232,2572 1277,2572 1322,2569 1366,2566 1411,2563 1456,2566 1501,2563 1545,2560 1590,2560 1635,2560 1680,2557 1725,2554 1769,2551 1814,2551 1859,2551 1904,2551 1948,2548 1993,2548 2038,2548 2083,2548 2127,2545 2172,2545 2217,2542 2262,2542 2307,2542 2351,2539 2396,2539 2441,2536 2486,2536 2530,2533 2575,2530 2620,2530 2665,2527 2709,2524"/>
                <TextEquiv>
                    <Unicode>Haupt leuchtet. Ihr seid dazu geboren im</Unicode>
                </TextEquiv>
            </TextLine>
            <TextLine id="tr_1_tl_5" custom="readingOrder {index:4;}">
                <Coords points="527,2612 545,2615 563,2609 578,2594 593,2603 599,2600 611,2612 637,2612 637,2437 605,2434 596,2425 584,2428 572,2416 551,2419 545,2413 527,2413"/>
                <Baseline points="543,2530 555,2527 599,2527 644,2527"/>
                <TextEquiv>
                    <Unicode>Sir</Unicode>
                </TextEquiv>
            </TextLine>
            <TextLine id="tr_1_tl_6" custom="readingOrder {index:5;}">
                <Coords points="605,2761 2803,2737 2946,2699 2949,2603 608,2654"/>
                <Baseline points="620,2739 629,2739 674,2739 719,2736 764,2736 808,2736 853,2736 898,2736 943,2733 987,2733 1032,2733 1077,2730 1122,2727 1166,2727 1211,2727 1256,2727 1301,2721 1346,2724 1390,2724 1435,2721 1480,2718 1525,2718 1569,2715 1614,2715 1659,2712 1704,2712 1748,2709 1793,2709 1838,2709 1883,2706 1927,2706 1972,2706 2017,2703 2062,2703 2107,2700 2151,2697 2196,2697 2241,2697 2286,2694 2330,2694 2375,2692 2420,2692 2465,2692 2509,2689 2554,2689 2599,2689 2644,2686 2689,2686 2733,2683 2778,2680 2823,2680 2868,2680 2912,2680 2957,2686"/>
                <TextEquiv>
                    <Unicode>Staub zu liegen und anzubeten, vor wem es sei.</Unicode>
                </TextEquiv>
            </TextLine>
            <TextLine id="tr_1_tl_7" custom="readingOrder {index:6;}">
                <Coords points="637,2925 2949,2910 2955,2743 640,2806"/>
                <Baseline points="653,2891 677,2891 722,2888 767,2888 811,2888 856,2888 901,2888 946,2885 990,2885 1035,2885 1080,2885 1125,2885 1169,2883 1214,2883 1259,2880 1304,2880 1348,2880 1393,2877 1438,2877 1483,2874 1528,2874 1572,2871 1617,2871 1662,2868 1707,2865 1751,2865 1796,2865 1841,2865 1886,2865 1930,2865 1975,2862 2020,2859 2065,2862 2110,2859 2154,2859 2199,2856 2244,2856 2289,2853 2333,2853 2378,2850 2423,2847 2468,2850 2512,2850 2557,2847 2602,2844 2647,2844 2692,2841 2736,2841 2781,2838 2826,2838 2871,2838 2915,2841 2960,2844"/>
                <TextEquiv>
                    <Unicode>Närrinnen, unverbesserliche, du wie die Andern.</Unicode>
                </TextEquiv>
            </TextLine>
            <TextLine id="tr_1_tl_8" custom="readingOrder {index:7;}">
                <Coords points="2440,3068 2511,3062 2547,3080 2612,3056 2693,3065 2729,3041 2770,3062 2818,3047 2857,3062 2860,2907 2824,2889 2776,2895 2711,2866 2630,2916 2571,2901 2496,2931 2472,2910 2446,2913"/>
                <Baseline points="2459,2990 2462,2987 2506,2984 2551,2987 2596,2990 2641,2987 2686,2984 2730,2981 2775,2981 2820,2975 2865,2969"/>
                <TextEquiv>
                    <Unicode>Monsieur de</Unicode>
                </TextEquiv>
            </TextLine>
            <TextLine id="tr_1_tl_9" custom="readingOrder {index:8;}">
                <Coords points="605,3119 721,3140 1203,3059 1260,3098 1332,3068 1427,3107 1612,3056 1614,2964 1516,2934 1433,2973 1120,2913 1046,2946 995,2913 736,2994 611,2943"/>
                <Baseline points="623,3056 638,3053 683,3050 728,3050 772,3047 817,3044 862,3044 907,3044 952,3044 996,3044 1041,3044 1086,3041 1131,3044 1175,3041 1220,3041 1265,3038 1310,3038 1354,3035 1399,3032 1444,3029 1489,3029 1534,3026 1578,3020 1623,3011"/>
                <TextEquiv>
                    <Unicode>Was ist dir, Agnes?</Unicode>
                </TextEquiv>
            </TextLine>
            <TextLine id="tr_1_tl_10" custom="readingOrder {index:9;}">
                <Coords points="1749,3032 1766,3032 1775,3023 1790,3023 1796,3017 1853,3017 1847,2880 1829,2880 1820,2892 1808,2892 1796,2883 1775,2883 1763,2892 1746,2889"/>
                <Baseline points="1766,3011 1811,3017 1856,3014 1859,3014"/>
                <TextEquiv>
                    <Unicode>d</Unicode>
                </TextEquiv>
            </TextLine>
            <TextLine id="tr_1_tl_11" custom="readingOrder {index:10;}">
                <Coords points="617,3256 2898,3166 2904,3050 620,3119"/>
                <Baseline points="632,3214 671,3211 716,3208 761,3205 805,3208 850,3205 895,3205 940,3202 984,3196 1029,3196 1074,3193 1119,3196 1163,3193 1208,3193 1253,3193 1298,3193 1343,3190 1387,3190 1432,3187 1477,3184 1522,3184 1566,3181 1611,3178 1656,3178 1701,3178 1745,3175 1790,3175 1835,3172 1880,3172 1924,3172 1969,3172 2014,3169 2059,3169 2104,3166 2148,3163 2193,3166 2238,3163 2283,3163 2327,3160 2372,3160 2417,3160 2462,3157 2506,3154 2551,3151 2596,3142 2641,3142 2686,3139 2730,3136 2775,3136 2820,3136 2865,3133 2909,3127"/>
                <TextEquiv>
                    <Unicode>Agnes: Hörst du nicht? Ein Wagen? -</Unicode>
                </TextEquiv>
            </TextLine>
            <TextLine id="tr_1_tl_12" custom="readingOrder {index:11;}">
                <Coords points="608,3443 2997,3363 3000,3226 614,3253"/>
                <Baseline points="626,3363 635,3363 680,3360 725,3360 769,3360 814,3360 859,3357 904,3354 949,3354 993,3354 1038,3351 1083,3351 1128,3348 1172,3348 1217,3345 1262,3348 1307,3345 1351,3345 1396,3342 1441,3342 1486,3339 1531,3339 1575,3336 1620,3336 1665,3333 1710,3333 1754,3333 1799,3327 1844,3327 1889,3324 1933,3324 1978,3324 2023,3324 2068,3324 2113,3321 2157,3321 2202,3318 2247,3318 2292,3318 2336,3315 2381,3312 2426,3315 2471,3312 2515,3309 2560,3306 2605,3303 2650,3303 2694,3303 2739,3300 2784,3297 2829,3297 2874,3297 2918,3297 2963,3294 3008,3297"/>
                <TextEquiv>
                    <Unicode>Adelbert: Warum nicht? Was ist daran Wunderba-</Unicode>
                </TextEquiv>
            </TextLine>
            <TextLine id="tr_1_tl_13" custom="readingOrder {index:12;}">
                <Coords points="2544,3521 2577,3518 2589,3533 2627,3539 2642,3524 2714,3539 2755,3515 2785,3533 2818,3524 2827,3375 2729,3360 2678,3384 2636,3363 2615,3378 2553,3366"/>
                <Baseline points="2563,3456 2605,3456 2650,3459 2694,3456 2739,3447 2784,3447 2829,3447"/>
                <TextEquiv>
                    <Unicode>G.C.H.F.M</Unicode>
                </TextEquiv>
            </TextLine>
            <TextLine id="tr_1_tl_14" custom="readingOrder {index:13;}">
                <Coords points="909,3545 953,3545 974,3530 1001,3545 1016,3533 1090,3560 1108,3545 1120,3551 1209,3527 1209,3443 1192,3446 1153,3423 1126,3440 1057,3414 1013,3429 956,3423 944,3411 911,3417"/>
                <Baseline points="925,3503 946,3503 990,3497 1035,3500 1080,3500 1125,3500 1169,3497 1216,3491"/>
                <TextEquiv>
                    <Unicode>Jeder</Unicode>
                </TextEquiv>
            </TextLine>
            <TextLine id="tr_1_tl_15" custom="readingOrder {index:14;}">
                <Coords points="614,3548 643,3536 688,3569 706,3557 771,3607 819,3577 849,3580 852,3429 813,3426 780,3455 721,3452 700,3437 682,3446 655,3434 617,3440"/>
                <Baseline points="629,3515 632,3518 677,3515 722,3515 767,3515 811,3512 856,3506"/>
                <TextEquiv>
                    <Unicode>res?</Unicode>
                </TextEquiv>
            </TextLine>
            <TextLine id="tr_1_tl_16" custom="readingOrder {index:15;}">
                <Coords points="623,3747 1367,3670 2913,3691 2943,3497 1918,3589 629,3551"/>
                <Baseline points="641,3676 665,3676 710,3673 755,3673 799,3673 844,3673 889,3670 934,3667 978,3664 1023,3664 1068,3664 1113,3661 1157,3664 1202,3658 1247,3658 1292,3661 1337,3658 1381,3655 1426,3653 1471,3653 1516,3650 1560,3650 1605,3650 1650,3647 1695,3644 1739,3644 1784,3641 1829,3644 1874,3641 1919,3641 1963,3638 2008,3635 2053,3635 2098,3632 2142,3632 2187,3632 2232,3629 2277,3629 2321,3626 2366,3623 2411,3623 2456,3620 2500,3620 2545,3620 2590,3620 2635,3623 2680,3620 2724,3617 2769,3614 2814,3614 2859,3617 2903,3614 2948,3620"/>
                <TextEquiv>
                    <Unicode>Agnes: Von der Stadt her. Draussen ein Krach,</Unicode>
                </TextEquiv>
            </TextLine>
            <TextLine id="tr_1_tl_17" custom="readingOrder {index:16;}">
                <Coords points="810,3881 2732,3849 2737,3688 1695,3738 1367,3670 1102,3756 813,3747"/>
                <Baseline points="826,3814 862,3817 907,3817 952,3817 996,3817 1041,3814 1086,3817 1131,3817 1175,3814 1220,3817 1265,3814 1310,3805 1354,3802 1399,3799 1444,3802 1489,3805 1534,3808 1578,3805 1623,3802 1668,3799 1713,3799 1757,3799 1802,3796 1847,3796 1892,3793 1936,3793 1981,3793 2026,3793 2071,3793 2116,3787 2160,3787 2205,3784 2250,3781 2295,3781 2339,3784 2384,3781 2429,3778 2474,3775 2518,3772 2563,3766 2608,3763 2653,3760 2697,3757 2742,3751"/>
                <TextEquiv>
                    <Unicode>wenn ein Rad bricht.) Was war das?</Unicode>
                </TextEquiv>
            </TextLine>
        </TextRegion>
    </Page>
</PcGts>
