<?xml version="1.0" encoding="UTF-8" standalone="yes"?>
<PcGts xmlns="http://schema.primaresearch.org/PAGE/gts/pagecontent/2013-07-15" xmlns:xsi="http://www.w3.org/2001/XMLSchema-instance" xsi:schemaLocation="http://schema.primaresearch.org/PAGE/gts/pagecontent/2013-07-15 http://schema.primaresearch.org/PAGE/gts/pagecontent/2013-07-15/pagecontent.xsd">
    <Metadata>
        <Creator>prov=READ-COOP:name=TrHtr:version=2.1.0:model_id=51170:date=14_08_2023_11:28</Creator>
        <Created>2023-05-10T14:17:06.446+02:00</Created>
        <LastChange>2023-08-14T11:28:49.049+02:00</LastChange>
        <TranskribusMetadata docId="1428609" pageId="55417830" pageNr="7" tsid="132796509" status="IN_PROGRESS" userId="64420" imgUrl="https://files.transkribus.eu/Get?id=FMGQPWKUBQNBSPWMJJAXVKEZ&amp;fileType=view" xmlUrl="https://files.transkribus.eu/Get?id=WWSKWEEVYLLXWGGEWEKZPASD" imageId="44691934"/>
    </Metadata>
    <Page imageFilename="1428609_0007.jpg" imageWidth="3352" imageHeight="4152">
        <ReadingOrder>
            <OrderedGroup id="ro_1711787662439" caption="Regions reading order">
                <RegionRefIndexed index="0" regionRef="tr_1"/>
                <RegionRefIndexed index="1" regionRef="tr_2"/>
            </OrderedGroup>
        </ReadingOrder>
        <TextRegion id="tr_1" custom="readingOrder {index:0;}">
            <Coords points="650,385 3023,385 3023,2478 650,2478"/>
            <TextLine id="tr_1_tl_1" custom="readingOrder {index:0;}">
                <Coords points="2803,500 2821,503 2833,491 2845,494 2868,485 2889,468 2904,468 2904,317 2877,317 2871,323 2845,320 2836,326 2824,323 2818,329 2803,329"/>
                <Baseline points="2820,435 2865,435 2910,435"/>
                <TextEquiv>
                    <Unicode>2</Unicode>
                </TextEquiv>
            </TextLine>
            <TextLine id="tr_1_tl_2" custom="readingOrder {index:1;}">
                <Coords points="639,625 2498,642 2563,633 2563,459 1018,465 879,536 639,488"/>
                <Baseline points="656,614 689,617 734,617 779,617 823,617 868,617 913,617 958,617 1002,617 1047,620 1092,620 1137,620 1182,620 1226,620 1271,620 1316,617 1361,617 1405,614 1450,617 1495,614 1540,614 1584,614 1629,614 1674,611 1719,608 1764,608 1808,608 1853,608 1898,614 1943,614 1987,614 2032,614 2077,611 2122,608 2167,605 2211,602 2256,602 2301,599 2346,596 2390,596 2435,596 2480,599 2525,602 2570,602"/>
                <TextEquiv>
                    <Unicode>Die Vorigen, Der Erzherzog. (Gutsherr?)</Unicode>
                </TextEquiv>
            </TextLine>
            <TextLine id="tr_1_tl_3" custom="readingOrder {index:2;}">
                <Coords points="630,799 1903,781 1903,716 1658,675 1249,728 1160,678 1101,728 947,719 861,663 633,687"/>
                <Baseline points="650,767 695,773 740,773 785,773 829,776 874,773 919,773 964,773 1008,773 1053,773 1098,773 1143,773 1187,773 1232,773 1277,770 1322,770 1367,770 1411,767 1456,767 1501,767 1546,767 1590,767 1635,761 1680,761 1725,764 1770,764 1814,761 1859,767 1904,770 1910,770"/>
                <TextEquiv>
                    <Unicode>Richter: Oh.welche Ehre.</Unicode>
                </TextEquiv>
            </TextLine>
            <TextLine id="tr_1_tl_4" custom="readingOrder {index:3;}">
                <Coords points="636,932 2886,950 2960,855 2128,761 639,793"/>
                <Baseline points="653,928 677,931 722,931 767,931 811,931 856,928 901,928 946,928 990,928 1035,928 1080,931 1125,931 1170,928 1214,928 1259,925 1304,922 1349,925 1393,922 1438,922 1483,922 1528,922 1573,919 1617,919 1662,919 1707,916 1752,919 1796,916 1841,916 1886,916 1931,916 1976,916 2020,916 2065,913 2110,910 2155,910 2199,910 2244,913 2289,910 2334,910 2378,907 2423,907 2468,904 2513,901 2558,904 2602,901 2647,901 2692,901 2737,901 2781,901 2826,898 2871,898 2916,898 2961,901"/>
                <TextEquiv>
                    <Unicode>Erzherzog: Ich komme persönlich Ihnen meinen</Unicode>
                </TextEquiv>
            </TextLine>
            <TextLine id="tr_1_tl_5" custom="readingOrder {index:4;}">
                <Coords points="639,1101 2578,1116 2901,1060 2904,950 642,932"/>
                <Baseline points="656,1089 668,1086 713,1086 758,1086 802,1083 847,1083 892,1083 937,1083 982,1083 1026,1080 1071,1083 1116,1083 1161,1083 1205,1083 1250,1080 1295,1080 1340,1080 1384,1080 1429,1080 1474,1080 1519,1074 1564,1074 1608,1074 1653,1074 1698,1077 1743,1077 1787,1074 1832,1071 1877,1068 1922,1068 1967,1068 2011,1065 2056,1065 2101,1065 2146,1062 2190,1062 2235,1062 2280,1062 2325,1062 2370,1062 2414,1062 2459,1059 2504,1059 2549,1059 2593,1059 2638,1056 2683,1056 2728,1053 2772,1053 2817,1053 2862,1050 2907,1050"/>
                <TextEquiv>
                    <Unicode>Dank aussprochen. Herr Richter. Oberflächlich</Unicode>
                </TextEquiv>
            </TextLine>
            <TextLine id="tr_1_tl_6" custom="readingOrder {index:5;}">
                <Coords points="642,1243 2948,1246 2948,1151 2676,1110 1690,1169 1264,1086 642,1107"/>
                <Baseline points="659,1241 671,1241 716,1235 761,1235 805,1235 850,1235 895,1235 940,1235 985,1235 1029,1235 1074,1235 1119,1235 1164,1238 1208,1238 1253,1235 1298,1235 1343,1232 1387,1232 1432,1232 1477,1232 1522,1229 1567,1229 1611,1229 1656,1226 1701,1226 1746,1229 1790,1229 1835,1226 1880,1229 1925,1229 1970,1226 2014,1226 2059,1223 2104,1223 2149,1220 2193,1217 2238,1217 2283,1217 2328,1214 2372,1214 2417,1214 2462,1211 2507,1214 2552,1214 2596,1211 2641,1211 2686,1211 2731,1208 2775,1208 2820,1208 2865,1208 2910,1205 2955,1211"/>
                <TextEquiv>
                    <Unicode>freisinnige Anschauungen, denen man in dieser</Unicode>
                </TextEquiv>
            </TextLine>
            <TextLine id="tr_1_tl_7" custom="readingOrder {index:6;}">
                <Coords points="639,1403 3019,1406 3022,1246 642,1282"/>
                <Baseline points="656,1396 695,1393 740,1393 785,1390 829,1390 874,1390 919,1387 964,1390 1008,1390 1053,1387 1098,1387 1143,1384 1187,1387 1232,1387 1277,1387 1322,1387 1367,1387 1411,1384 1456,1384 1501,1382 1546,1382 1590,1382 1635,1382 1680,1379 1725,1379 1770,1379 1814,1382 1859,1382 1904,1382 1949,1382 1993,1379 2038,1376 2083,1376 2128,1373 2173,1370 2217,1370 2262,1370 2307,1370 2352,1370 2396,1367 2441,1367 2486,1367 2531,1367 2575,1367 2620,1364 2665,1367 2710,1364 2755,1364 2799,1361 2844,1361 2889,1358 2934,1355 2978,1358 3023,1361"/>
                <TextEquiv>
                    <Unicode>Zeit so leicht sich beugt, haben über Sie keine</Unicode>
                </TextEquiv>
            </TextLine>
            <TextLine id="tr_1_tl_8" custom="readingOrder {index:7;}">
                <Coords points="639,1566 2936,1560 2939,1418 2563,1468 2377,1373 2028,1495 1643,1415 642,1427"/>
                <Baseline points="656,1549 659,1549 704,1546 749,1546 793,1543 838,1546 883,1546 928,1546 973,1543 1017,1543 1062,1540 1107,1543 1152,1540 1196,1540 1241,1540 1286,1540 1331,1540 1376,1543 1420,1543 1465,1543 1510,1540 1555,1537 1599,1537 1644,1537 1689,1534 1734,1534 1779,1534 1823,1534 1868,1534 1913,1534 1958,1531 2002,1531 2047,1528 2092,1528 2137,1525 2181,1525 2226,1525 2271,1525 2316,1522 2361,1522 2405,1522 2450,1522 2495,1522 2540,1522 2584,1519 2629,1522 2674,1519 2719,1519 2764,1519 2808,1519 2853,1522 2898,1525 2943,1531"/>
                <TextEquiv>
                    <Unicode>Macht. Ich war gespannt. Es ist sehr richtig,</Unicode>
                </TextEquiv>
            </TextLine>
            <TextLine id="tr_1_tl_9" custom="readingOrder {index:8;}">
                <Coords points="654,1738 2557,1732 2578,1545 657,1619"/>
                <Baseline points="671,1701 701,1701 746,1701 790,1701 835,1701 880,1701 925,1698 970,1698 1014,1695 1059,1695 1104,1689 1149,1692 1193,1692 1238,1692 1283,1692 1328,1692 1373,1692 1417,1692 1462,1692 1507,1689 1552,1689 1596,1689 1641,1686 1686,1686 1731,1686 1776,1686 1820,1683 1865,1683 1910,1683 1955,1683 1999,1680 2044,1680 2089,1680 2134,1680 2178,1680 2223,1680 2268,1677 2313,1674 2358,1674 2402,1674 2447,1674 2492,1671 2537,1674 2581,1674"/>
                <TextEquiv>
                    <Unicode>dass Sie den Lampen verurteilt haben.</Unicode>
                </TextEquiv>
            </TextLine>
            <TextLine id="tr_1_tl_10" custom="readingOrder {index:9;}">
                <Coords points="648,1859 1566,1865 1566,1749 1471,1699 1335,1743 1249,1717 1098,1746 1006,1723 956,1761 926,1735 648,1740"/>
                <Baseline points="665,1856 677,1853 722,1850 767,1853 811,1853 856,1853 901,1853 946,1850 990,1850 1035,1847 1080,1850 1125,1847 1170,1847 1214,1844 1259,1844 1304,1841 1349,1841 1393,1841 1438,1841 1483,1841 1528,1841 1573,1844"/>
                <TextEquiv>
                    <Unicode>Frau: Verurteilt?</Unicode>
                </TextEquiv>
            </TextLine>
            <TextLine id="tr_1_tl_11" custom="readingOrder {index:10;}">
                <Coords points="636,2048 2809,2013 2842,1880 2350,1814 2001,1874 1871,1794 1220,1909 639,1868"/>
                <Baseline points="653,2008 698,2008 743,2008 788,2005 832,2005 877,2005 922,2005 967,2005 1011,2002 1056,2002 1101,2002 1146,2002 1190,2002 1235,2002 1280,1999 1325,1999 1370,1996 1414,1999 1459,1999 1504,1996 1549,1996 1593,1996 1638,1996 1683,1993 1728,1993 1773,1990 1817,1987 1862,1987 1907,1987 1952,1987 1996,1987 2041,1987 2086,1987 2131,1984 2175,1987 2220,1984 2265,1984 2310,1981 2355,1981 2399,1981 2444,1981 2489,1981 2534,1981 2578,1978 2623,1978 2668,1978 2713,1976 2758,1976 2802,1973 2847,1973"/>
                <TextEquiv>
                    <Unicode>Erzherzog: Janohl, schöne Frau. Ein Kerl, der</Unicode>
                </TextEquiv>
            </TextLine>
            <TextLine id="tr_1_tl_12" custom="readingOrder {index:11;}">
                <Coords points="651,2170 2865,2170 2889,2004 651,2072"/>
                <Baseline points="668,2161 698,2161 743,2158 788,2158 832,2158 877,2155 922,2155 967,2155 1011,2155 1056,2155 1101,2158 1146,2155 1190,2155 1235,2155 1280,2155 1325,2152 1370,2152 1414,2152 1459,2152 1504,2152 1549,2149 1593,2149 1638,2146 1683,2146 1728,2146 1773,2146 1817,2143 1862,2143 1907,2140 1952,2140 1996,2140 2041,2140 2086,2140 2131,2137 2175,2137 2220,2137 2265,2134 2310,2134 2355,2134 2399,2134 2444,2134 2489,2131 2534,2131 2578,2131 2623,2131 2668,2131 2713,2125 2758,2125 2802,2125 2847,2125 2892,2122"/>
                <TextEquiv>
                    <Unicode>mir das Holz aus dem walde stiehlt.Der Wert</Unicode>
                </TextEquiv>
            </TextLine>
            <TextLine id="tr_1_tl_13" custom="readingOrder {index:12;}">
                <Coords points="660,2315 2794,2347 2797,2143 2096,2155 1643,2258 1350,2173 663,2208"/>
                <Baseline points="677,2313 701,2313 746,2313 790,2313 835,2313 880,2310 925,2310 970,2307 1014,2307 1059,2307 1104,2307 1149,2307 1193,2304 1238,2304 1283,2304 1328,2304 1373,2307 1417,2304 1462,2304 1507,2301 1552,2301 1596,2301 1641,2301 1686,2301 1731,2301 1776,2301 1820,2301 1865,2301 1910,2298 1955,2295 1999,2295 2044,2292 2089,2292 2134,2292 2178,2292 2223,2289 2268,2286 2313,2283 2358,2286 2402,2283 2447,2280 2492,2280 2537,2280 2581,2280 2626,2280 2671,2280 2716,2277 2761,2277 2805,2280"/>
                <TextEquiv>
                    <Unicode>ist freilich nicht gross. Aber Dieb bleibt</Unicode>
                </TextEquiv>
            </TextLine>
            <TextLine id="tr_1_tl_14" custom="readingOrder {index:13;}">
                <Coords points="657,2472 2611,2483 2895,2448 2898,2335 660,2365"/>
                <Baseline points="674,2468 707,2465 752,2462 796,2465 841,2465 886,2465 931,2462 976,2462 1020,2462 1065,2459 1110,2462 1155,2459 1199,2456 1244,2456 1289,2456 1334,2453 1379,2453 1423,2456 1468,2456 1513,2456 1558,2453 1602,2453 1647,2453 1692,2453 1737,2450 1781,2453 1826,2450 1871,2450 1916,2447 1961,2447 2005,2444 2050,2444 2095,2444 2140,2444 2184,2444 2229,2441 2274,2441 2319,2441 2364,2441 2408,2438 2453,2438 2498,2438 2543,2438 2587,2441 2632,2438 2677,2435 2722,2432 2767,2432 2811,2429 2856,2432 2901,2435"/>
                <TextEquiv>
                    <Unicode>Dieb. Lassen wir nur irgendwo Unordnung ein-</Unicode>
                </TextEquiv>
            </TextLine>
        </TextRegion>
        <TextRegion id="tr_2" custom="readingOrder {index:1;}">
            <Coords points="674,2534 3023,2534 3023,3717 674,3717"/>
            <TextLine id="tr_2_tl_1" custom="readingOrder {index:0;}">
                <Coords points="657,2626 2720,2617 2768,2537 2235,2448 1193,2480 1107,2549 858,2489 660,2575"/>
                <Baseline points="674,2623 716,2617 761,2617 805,2617 850,2617 895,2617 940,2617 985,2617 1029,2620 1074,2617 1119,2617 1164,2614 1208,2611 1253,2611 1298,2611 1343,2611 1387,2608 1432,2608 1477,2608 1522,2608 1567,2605 1611,2605 1656,2605 1701,2605 1746,2605 1790,2605 1835,2605 1880,2605 1925,2602 1970,2599 2014,2599 2059,2596 2104,2596 2149,2596 2193,2593 2238,2593 2283,2593 2328,2590 2372,2590 2417,2590 2462,2590 2507,2590 2552,2590 2596,2590 2641,2587 2686,2584 2731,2584 2775,2584"/>
                <TextEquiv>
                    <Unicode>reissen, so bricht die Krankheit an allen</Unicode>
                </TextEquiv>
            </TextLine>
            <TextLine id="tr_2_tl_2" custom="readingOrder {index:1;}">
                <Coords points="666,2779 2705,2785 2901,2759 2904,2587 2217,2611 1998,2714 1729,2617 666,2676"/>
                <Baseline points="683,2775 713,2775 758,2775 802,2772 847,2769 892,2769 937,2772 982,2769 1026,2769 1071,2769 1116,2769 1161,2767 1205,2767 1250,2767 1295,2767 1340,2767 1384,2767 1429,2767 1474,2761 1519,2761 1564,2761 1608,2761 1653,2761 1698,2758 1743,2758 1787,2758 1832,2758 1877,2755 1922,2755 1967,2755 2011,2755 2056,2755 2101,2752 2146,2752 2190,2752 2235,2752 2280,2749 2325,2749 2370,2752 2414,2749 2459,2752 2504,2752 2549,2752 2593,2749 2638,2749 2683,2749 2728,2746 2772,2746 2817,2740 2862,2743 2907,2740"/>
                <TextEquiv>
                    <Unicode>Orten h rvor.Besonders in unserer Gegend,wo</Unicode>
                </TextEquiv>
            </TextLine>
            <TextLine id="tr_2_tl_3" custom="readingOrder {index:2;}">
                <Coords points="660,2936 2942,2933 3013,2818 2634,2848 2238,2759 663,2821"/>
                <Baseline points="677,2931 689,2931 734,2928 779,2928 823,2928 868,2925 913,2925 958,2925 1002,2925 1047,2922 1092,2922 1137,2922 1182,2922 1226,2922 1271,2922 1316,2919 1361,2919 1405,2919 1450,2919 1495,2919 1540,2916 1584,2913 1629,2913 1674,2913 1719,2913 1764,2910 1808,2910 1853,2910 1898,2910 1943,2910 1987,2907 2032,2907 2077,2907 2122,2904 2167,2904 2211,2904 2256,2904 2301,2904 2346,2901 2390,2901 2435,2901 2480,2898 2525,2898 2570,2898 2614,2898 2659,2898 2704,2898 2749,2898 2793,2898 2838,2895 2883,2895 2928,2892 2972,2892 3017,2895"/>
                <TextEquiv>
                    <Unicode>die Hotzer schon am Werk sind und wie man mir</Unicode>
                </TextEquiv>
            </TextLine>
            <TextLine id="tr_2_tl_4" custom="readingOrder {index:3;}">
                <Coords points="672,3111 2936,3117 2960,2966 2081,3013 1631,2945 1092,3037 675,2975"/>
                <Baseline points="689,3083 728,3083 773,3083 817,3083 862,3083 907,3080 952,3080 996,3080 1041,3080 1086,3083 1131,3080 1176,3077 1220,3077 1265,3077 1310,3074 1355,3074 1399,3071 1444,3071 1489,3071 1534,3071 1579,3071 1623,3071 1668,3068 1713,3068 1758,3068 1802,3065 1847,3065 1892,3065 1937,3065 1981,3065 2026,3062 2071,3062 2116,3062 2161,3062 2205,3059 2250,3059 2295,3059 2340,3059 2384,3059 2429,3056 2474,3056 2519,3056 2564,3053 2608,3053 2653,3050 2698,3050 2743,3050 2787,3050 2832,3050 2877,3047 2922,3044 2966,3050"/>
                <TextEquiv>
                    <Unicode>erzählte, auch in dem besseren Bürgertum ihre</Unicode>
                </TextEquiv>
            </TextLine>
            <TextLine id="tr_2_tl_5" custom="readingOrder {index:4;}">
                <Coords points="660,3256 2936,3253 2990,3129 2617,3078 2412,3170 2102,3096 1134,3197 663,3105"/>
                <Baseline points="677,3244 713,3241 758,3241 802,3241 847,3241 892,3241 937,3241 982,3238 1026,3235 1071,3238 1116,3238 1161,3238 1205,3238 1250,3232 1295,3232 1340,3229 1384,3229 1429,3226 1474,3226 1519,3226 1564,3226 1608,3223 1653,3223 1698,3220 1743,3220 1787,3220 1832,3223 1877,3223 1922,3220 1967,3220 2011,3217 2056,3217 2101,3217 2146,3217 2190,3217 2235,3217 2280,3214 2325,3214 2370,3211 2414,3214 2459,3211 2504,3208 2549,3208 2593,3208 2638,3208 2683,3205 2728,3208 2772,3208 2817,3208 2862,3205 2907,3202 2952,3202 2996,3199"/>
                <TextEquiv>
                    <Unicode>Anhänger gefunden haben, heisst es auf der Hut</Unicode>
                </TextEquiv>
            </TextLine>
            <TextLine id="tr_2_tl_6" custom="readingOrder {index:5;}">
                <Coords points="666,3431 2830,3383 2771,3218 669,3283"/>
                <Baseline points="683,3396 689,3393 734,3393 779,3396 823,3393 868,3393 913,3393 958,3393 1002,3390 1047,3390 1092,3387 1137,3387 1182,3387 1226,3384 1271,3384 1316,3384 1361,3381 1405,3381 1450,3381 1495,3378 1540,3378 1584,3378 1629,3378 1674,3378 1719,3378 1764,3378 1808,3378 1853,3378 1898,3378 1943,3375 1987,3372 2032,3372 2077,3372 2122,3372 2167,3369 2211,3369 2256,3369 2301,3366 2346,3366 2390,3366 2435,3363 2480,3363 2525,3361 2570,3361 2614,3361 2659,3361 2704,3361 2749,3361 2793,3361 2838,3361"/>
                <TextEquiv>
                    <Unicode>sein. Nochmals dank ich Ihnen, Herr Richter,</Unicode>
                </TextEquiv>
            </TextLine>
            <TextLine id="tr_2_tl_7" custom="readingOrder {index:6;}">
                <Coords points="666,3564 2747,3576 2771,3377 669,3434"/>
                <Baseline points="683,3552 713,3552 758,3549 802,3549 847,3549 892,3549 937,3549 982,3549 1026,3546 1071,3546 1116,3543 1161,3540 1205,3540 1250,3540 1295,3540 1340,3540 1384,3540 1429,3537 1474,3537 1519,3534 1564,3534 1608,3534 1653,3534 1698,3531 1743,3531 1787,3531 1832,3531 1877,3531 1922,3531 1967,3528 2011,3528 2056,3528 2101,3525 2146,3525 2190,3525 2235,3525 2280,3522 2325,3522 2370,3519 2414,3522 2459,3522 2504,3519 2549,3519 2593,3519 2638,3516 2683,3513 2728,3513 2772,3513"/>
                <TextEquiv>
                    <Unicode>Richter: Keine Ursache. Ich tat nur meine</Unicode>
                </TextEquiv>
            </TextLine>
            <TextLine id="tr_2_tl_8" custom="readingOrder {index:7;}">
                <Coords points="666,3715 3016,3700 3019,3573 669,3596"/>
                <Baseline points="683,3707 695,3707 740,3707 785,3704 829,3704 874,3704 919,3704 964,3704 1008,3704 1053,3704 1098,3701 1143,3698 1187,3698 1232,3698 1277,3698 1322,3695 1367,3695 1411,3692 1456,3692 1501,3692 1546,3692 1590,3689 1635,3689 1680,3689 1725,3686 1770,3686 1814,3683 1859,3686 1904,3683 1949,3683 1993,3683 2038,3683 2083,3680 2128,3683 2173,3680 2217,3683 2262,3683 2307,3677 2352,3680 2396,3677 2441,3677 2486,3677 2531,3674 2575,3674 2620,3674 2665,3671 2710,3671 2755,3671 2799,3668 2844,3665 2889,3668 2934,3668 2978,3671 3023,3677"/>
                <TextEquiv>
                    <Unicode>Pflicht. Wie hätt ich ihn freisprochen dürfen.</Unicode>
                </TextEquiv>
            </TextLine>
        </TextRegion>
    </Page>
</PcGts>
