6728 4344
3915 555 6295 763 mählich aber wurde ihr der Zusammenhang klar.
3903 738 6203 955 Und sie erkannte das eigentliche Wesen ihrs
3921 894 6154 1111 Manns in einer Minute tiefer, als es ihr in
3915 1037 6252 1217 diesen drei Jahren der Ehe gelungen war.Adam
3927 1245 6240 1391 Wogelein spürte das und verwirrte sich immer
3921 1364 6255 1574 mehr, zeigte sich demütig und feig und geriet
3915 1556 6368 1715 immer tiefer in sein Unglück hinein.Sies selbst
3933 1693 6084 1883 verspürend und nichts dagegen vermögend.
3927 1855 6283 2014 Und als der Herzog sch empfahl und die junge
3930 1986 6142 2154 Frau,die beinahe stumm dagesessen war, auf-
3921 2182 6078 2353 forderte, sich eine Gade zu erbitten, bat
3915 2316 6298 2514 sie ihn dem Tobias Kleing die Freiheit wieder
3915 2499 4415 2655 zu geben.
4195 2566 4961 2706 du deux antwortels et
3915 2569 6173 2761 Da erfuhr sie denn, dass Tobias Kleug schon
3933 2761 6261 2948 frei war, was auch Wogelein nicht wusste. Der
3915 2932 6325 3085 Herzog selbst,so musste sie glauben,hatte ihn
3927 3045 6118 3301 entlassen. (Zugleich erklärte der Herzog, er
3927 3228 6176 3390 würde dem vortrefflichen Pichter aus diesen
3927 3356 6295 3573 ke inen Verhältnissen in höhere versetzen und
4058 3503 5752 3600 (bei seiner Verbindungen mit den Konterhofe
3945 3573 6270 3759 dafür sorgen, dass er an das Kammergericht zu
3927 3692 5297 3921 Wetzlar angestellt werde.
