3352 3992
639 445 3058 658 nicht meines Amts entsetzt. wie
293 559 1112 735 him way at due the
633 584 2832 815 Agnes: War er lang bei Gericht? Hat er das
639 726 2727 958 Wort an dich gerichtet? Was sprach er zu
627 902 2681 1100 dir? Und mit Henablassung? Oh, verzeihr, ich
618 1069 1696 1254 meinte es nicht so.
1121 1180 1504 1273 Allerlei...
624 1183 2940 1402 Adelbert: Er sprach zu mir, was solche Herren
1189 1328 2595 1421 schlüsse... Ce hin damit an, daß er.
627 1341 3018 1544 eben sprechen, fragte nach meinem Namen fest
627 1504 1211 1724 Agnes: Nun?
602 1656 2894 1835 Adelbert: Nunder liess ihn gelten. Ich heis
1285 1785 1705 1890 Adelbert
615 1829 2761 2002 se nun einmal xxx Wogelein,was sollte er
621 1964 2820 2153 gegen den Namen einzuwenden haben? Ihn hat
1442 2094 2045 2193 Landestriften
608 2150 2798 2283 der Herr Gott zum Harseg Gottfried Bernhard
615 2317 2749 2459 gemacht und mich zum Landrichter Adelbert
605 2425 2659 2641 Wogelein. Die Lose der Menschen fallen
599 2564 1677 2771 verschieden. (Tante)
948 2629 2310 2801 So is chides ich, wenn liebe keine
605 2743 3089 2934 Agnes: Es geht uns nicht übel, Adelbert....
1467 2863 1727 2944 it - it
2693 2854 2993 2947 ein ich
2922 2879 3061 3030 in
608 2882 2913 3067 Adelbert: Ich beklage mich nicht. Bin wohlbe-
599 3070 2891 3206 stallter Richter mit einem leidlichen Gehalt
1544 3166 2363 3271 die Nacht ist doch woll¬
2774 3181 2916 3345 in me
596 3169 2570 3410 habe eine junge, brave, treue Hausfrau,
590 3364 2687 3540 Vater, der Bürgermeister, ist ein wackerer
599 3490 2768 3710 Mann, der seinem einzigen Kind es an. nicht
596 3651 1143 3845 fehlen läs
