3304 3960
565 394 2856 614 Vorteil zu verkaufen pflegte,wie ja auch wir
538 590 1430 764 sehr gutissen
532 703 2881 898 Adelbert: Das grosse Verbrechen. Hat der alte
529 880 2918 1085 Herzog sich den Wein so sauer verdient? Stammt
532 1054 2930 1210 nicht vielmehr alles, was er besass, und was nun
525 1213 2792 1375 des jungen Erb und Eigen ist, Wein so gut wie
519 1332 2811 1531 Speise und Felder und Jagden und Schlösser
507 1512 2911 1714 und Gärten aus der Bürger und Bauern, aus unse-
504 1628 1369 1830 ren Taschen?
1396 1668 1570 1827 T.H.P.
2508 1674 2606 1802 G.F.P.
504 1769 2716 1952 Agnes: Aus unseren?
492 1946 2725 2151 Adelbert: So gut wie aus denen der Andern.
498 2117 2795 2279 Versteh doch nur,Agnes, (lehrhaft) als Zehent
492 2267 2591 2423 und Steuer und Zoll und Wegmaut und Zins
489 2429 2881 2588 fliesst des Volkes in harter Arbeit erworbener
474 2588 2795 2786 Besitz in tausend Bächlein und Flüsslein dem
483 2737 2832 2890 Adel und dem Hofe zu.Dort oben aber baden und
480 2887 2817 3076 schwelgen sie in strömen von Gold. Ich wollte,
440 3049 2893 3229 du fühltest das Unrecht. Und du hast es auch ge-
474 3162 2783 3360 fühlt, nur heute, weil er dich angelächelt hat
477 3339 1436 3532 im Vorüberfahren -
1494 3330 1696 3504 . 3 en
489 3467 2065 3721 Agnes: Er lachte mich nicht an.
