3352 4024
534 463 2893 669 diesen neue ren Ideen. Er war ein strehger und
540 631 2707 858 gerechter Pichter und hielt sich nach dem
522 823 1097 988 Buchstaben
731 902 1336 1035 hrössere Turin
519 952 2872 1177 Er selbst hatte sich freilich nicht zu bekla-
531 1088 2760 1297 gen, es ging ihm in jeder Weise gut. Was ihn
534 1209 2810 1486 nicht hinderte, zuweilen reht übellaunig zu
534 1451 811 1648 sein.
531 1548 2866 1728 Es geschah genug Unrecht in der Welt, auch in
543 1731 2698 1917 dem kleinen Ländchen, selbst in der Stadt.
543 1899 2851 2088 Insbesondere der Verwalter des Jagdschles ses
543 2043 2710 2244 war ein böser Herr, mit dem stand sich der
1746 2179 2899 2388 noch vom aller Toutes her.
537 2209 1451 2400 Richter schlecht.
531 2347 2866 2509 Ueberall gab es Verbote. Der Park des Schlos
1504 2439 2259 2554 wohl wegen der Orz
546 2509 2828 2683 ses war abgesperrt, auch war das Holzsammeln
1681 2616 1808 2689 an
548 2648 2916 2825 verboten in dem Wäldchen nah dem Jagdschloss,
560 2798 2595 3005 das gls ichfalls herzogliches Revier war.
548 2975 2848 3140 Auf das Wildern aber standen die strengsten
560 3123 2890 3294 Strafen. Ja, einmal hatte der Verwalter einen
1595 3208 2477 3350 The at Kirispel neuniging
1103 3247 1283 3329 unse
554 3294 1710 3453 Will erer erschossen.
1834 3252 2813 3471 quale du non du semble
678 3403 1017 3509 nach dem
551 3426 2739 3624 Eines Abends wurde mobias Kleug mit einer
563 3556 2784 3774 Flinte im Parke des Schlössche na selbst be
