6696 4312
2645 85 2886 222 7.
2913 503 3069 631 32
3962 530 6159 750 test seinen Blick sehen sollen, als ich das
744 631 3060 832 Der Gehalt dort ist freilich besser.Und was
3968 683 6232 923 Urteil sprach. Ich will zuerst allein in die
759 789 2965 997 heute Abend noch alles geschehen kann. (er
3983 801 6305 1061 Residenz fahren. Ja...du bleibst hier zurück,
783 948 3008 1167 ruft) Katharina! Dass du heute keinen Men-
3998 966 6211 1228 Agnes.Es müssen ja hier auch noch allerlei
753 1128 3057 1304 schen mehr hereinlässt. Wohl verstanden! Wer
4001 1143 6229 1365 Angelegenheiten in Ordnung gebracht werden.
777 1304 3093 1441 immer kommt, ich wäre ausgegangen. Ein Schuft,
3998 1301 6159 1542 Sollten wir nicht deinen Vater...Wie,wenn
777 1441 3139 1579 der Tobias. Was meinst du,Agnes... ich war eben
3983 1454 6266 1691 man den Tobias wissen liesse,vielmehr glau-
4004 1576 6168 1838 ben machte, dass ich selbst seine Freiheit
765 1588 3108 1765 daran es dir zu erzählen, als der Herzog kam.
765 1780 3008 1889 Mein Urteil war gerecht. So ein Fürst hat’s
4004 1749 6272 1999 erwirkt, dass ich selbst beim Herzog für ihn
759 1896 2807 2051 freilich leicht. Auch wenn er nicht bei
5805 1892 6266 2057 stimmen.
4023 1914 5799 2161 gebeten. Das müsste ihn doch milder
4026 2072 6327 2328 Nicht milde meine ich, aber zur Venunft müss-
759 2069 2965 2197 Gericht gewesen wäre, hätte ich den Tobias
4026 2197 6275 2411 te er kommen. Du könntest wohl auch ein Wort
771 2200 3133 2389 zu drei Monaten Herker verurteilt, gerade weil
765 2383 2971 2511 er mein Freund war.. oder vielmehr, weil es
4029 2395 6129 2596 reden,Agnes. Ja, nun hast du deinen Herzog
4056 2487 6345 2743 gar im Hause gehabt. Nein, du sollst mir nicht
747 2517 3111 2685 die Leute sagten, dass er mein Freund war.Bis
4047 2688 6196 2916 so bald in die Residenz nachkommen.Fr sah
741 2682 3115 2819 morgen Früh hätte er ihn wohl noch im Arrest
4050 2828 5976 3020 dich recht sonderbar an.Das wäre nich
747 2849 3099 2993 lassen können. Hast du mich wohl verstahden,
753 2987 3005 3145 Katharina,wir wollen einpacken.Heute Nacht
4047 2977 5857 3243 Art,auf die ein redlicher Mann höh
5973 3124 6132 3300 ich
747 3130 2923 3313 noch fahren wir in die Residenz. Nun, was
4059 3148 5784 3374 gen möchte.Nein,Agnes,da kennst d
4059 3303 6339 3535 schlecht, da blieb ich lieber ein armer Dorf
753 3297 3008 3474 siehst du mich so an, gnes? Was hättest du
4071 3419 6336 3694 richter. Du bleibst hier „Agnes,Sonntags will
741 3447 3008 3614 schon von einem Gatten, der zum Krüppel ge¬
4059 3596 6415 3883 ich dich besuchen. Ich werde auch viel zu tun
741 3633 3191 3764 schlagen ist? Oder gar von einem toten Gattene,
734 3742 3096 3928 Du kennst ihn nicht, den Tobias Klenk.Du hät-
