6600 4152
2556 350 2728 466 37
808 461 2866 699 die Zeit dafür noch nicht gekommen ist.
808 612 2800 811 Freilich weiss sie's. Es war nichts als
832 760 2805 967 Vorwand. Dirne fahre hin! Ich machenich
826 924 2805 1112 sofort auf die Reise. Ob da nicht auch
487 1065 702 1221 saas
832 1081 2800 1248 wieder was dahinter steckt? Heute noch
2013 1216 2201 1316 nommée la
424 1192 723 1412 Tisey
829 1242 2850 1417 wird eingepackt und der Wagen bestellt.
593 1377 765 1526 G.C.F.P.
821 1377 2908 1576 Man kann nicht wissen,ob so ein Kerl wie
821 1536 2707 1785 der Tobias sein Wort nicht doch noch
832 1693 2800 1889 wahr macht, obwohl ihm die Freiheit ge-
826 1838 2802 2021 schenkt ist. Ich will gut abschliessen
818 1997 2752 2169 heute. Und morgen Früh fort.Es ist ja
832 2145 2704 2347 gut so. He Kathrin! Wo ist sie denn?
832 2299 2649 2485 Sollte die auch fort sein? Kathrin!
479 2432 723 2659 idem
845 2442 2898 2718 zur Türe, in dem Augenblick steht Tobias
842 2641 2802 2845 vor ihm: zu Tode erschrocken) Was ist
837 2786 2850 2953 das? Hilfe! Fort! Was wollt Ihr da? Ich
254 2800 715 3028 bequint r
832 2932 1899 3112 bin nicht allein. He!
262 2969 697 3216 parten.
840 3030 2752 3322 Tobias: Was habt Ihr denn? Ich bin’s.
832 3224 2818 3480 Kennt Ihr mich denn nicht? Ich, der To-
1822 3367 2098 3496 dol s.
1256 3369 1417 3496 Sir,
821 3446 1417 3565 bias Klenk.
1131 3473 2469 3663 xxxn Jnoim doim noch aasb mehr.
821 3536 1046 3711 Rirk
813 3626 2765 3859 Adelbert: Das seh ich wohl. Was wollt
5968 291 6142 546 38
4111 419 6087 660 Ihr? Ihr seid frei. Die Stockstreiche
4098 633 6161 890 sind Euch erlassen. Seid Ihr noch nicht
4106 808 4747 983 zufrieden.
4807 813 5443 988 alcaleg nebst
5581 808 5745 964 G.C.F.P.
4098 938 6111 1134 Tobias: Dafür komm ich Euch danken. Ich
4068 1126 6201 1293 hätt Euch, müsst mir's nicht übel nehmen,
4071 1253 5655 1454 die courage nicht zugetraut.
4092 1406 5976 1579 Adelbert: Was? Wieso? Was wollt Ihr?
4076 1565 5565 1756 Courage, das will ich meinen.
3851 1698 4018 1878 G.C.F.P.
4076 1714 6007 1915 Tobias: Kaum dass der Herzog den Fuss
4071 1873 6111 2040 aus dem Gericht gesetzt mir die Kerker-
4074 1997 6015 2188 tür öffnen lassen. Ich bitt Euch man¬
4061 2175 5997 2341 ches ab Drum sei es Euch weiter nicht
4053 2326 5960 2540 nachgetragen, dass Ihr in des Herzogs
4039 2492 6156 2681 Anwesenheit -eine so harte strafe mir zu-
4053 2657 6150 2858 erkannt habt. Ihr ward wohl schon in dem
4053 2789 6137 3017 Augenblick entschlossen mich wieder lau-
4039 2937 4802 3136 fen zu lassen.
4921 2948 5078 3118 741
4037 3115 6068 3295 Adelbert: Gewiss- war ich, natürlich war
4029 3279 6037 3446 ich. Habt Ihr mir's denn nicht angese-
4023 3404 6137 3610 hen?) Hab ich Euch nicht zugeblintzeit,
4026 3578 5909 3780 Tobias? Seid mir willkommen, Tobias
