3288 3960
571 374 2798 593 Agnes: Was xxx strehgstens
558 561 2941 773 boten ist.) Was wollte er dort mit seiner Flin-
555 730 867 895 te?/.
549 855 2972 1035 Adelbert: Nun, was mochte er ehl gewollt haben?
552 1017 1977 1191 Ein Stück Wild abschiessen.
555 1179 2012 1369 Agnes: im fürstlichen Revier?
2136 1210 2648 1360 at 5/10
558 1325 2779 1525 Adelbert: Es gibt ja kean anders. Daonntück
864 1435 2532 1522 Horth in Renet.  Alain valeur te totiam
549 1500 2966 1678 Unglück wollte nun, dass der Herzog, der ganz un-
552 1631 2757 1815 versehens angekommen war, den Klenk betraf,
555 1778 1943 1962 Agnes: Mit der Flinte -
2183 1793 2763 1977 erde! I r e
552 1971 2798 2127 Adelbert: Ich sagte es doch schon. Traf ihn
552 2090 1946 2274 und liess ihn sofort in Arr
1971 2083 2514 2280 sest setzen.
2610 2118 2713 2277 G.P.
911 2202 1921 2292 was ist dezer to beindien
533 2249 2785 2439 Agnes: Jeder andere Jadherr an seiner
879 2361 1316 2479 cette ébrire
543 2392 2950 2582 stelle getan.Du auch, wenn du eine Jagd hättest.
1622 2507 1881 2604 La Priesse
1001 2507 1538 2607 ni in muchi!“
540 2557 2841 2720 Adelbert: Vielleicht. Aber nibht, wenn ich ein
533 2676 3041 2907 Fürst wäre, dem's doch wahrhaftig auf ein Stück
546 2869 2729 3050 nicht ankommt. Was wäre schon darah gelegen
536 3041 2798 3234 hätte er ihn nicht laufen lassen können, den
2554 3128 2835 3287 time.
536 3150 1238 3371 armen Teufel?
2507 3244 2648 3343 in the
2149 3200 2420 3368 Tolium
2333 3334 2729 3505 im Wir
543 3337 2274 3512 Agnes: So redest du, weil du mit i-
618 3456 1946 3702 aus zusammen sitzt,-
