3368 4168
2726 354 2827 490 4
654 505 1442 722 Gna den selbst —
651 684 2824 877 Erzherzog: Ich xxx bin auf dem Wege nach
648 809 2975 1002 meinem kleinen Jagdhaus. Ein kleiner Aufent-
654 981 3023 1147 halt, der reich genug belohnt ist, dadurch, dass
660 1127 3041 1311 ich auch das Glück hatte, Ihre schöne Frau wie
666 1281 3053 1462 der einmal zu sehen. Aber warum so schweigsam?
651 1468 2928 1671 Als ich das letzte Mal das Vergnügen hatte,
669 1596 2500 1775 plauderten und lachten sie so viel.
663 1751 2550 1917 Frau: Es warm andere Zeiten,Hoheit.
669 1891 3059 2105 Erzherzog: Freiligh,ein Fest, ein Sommerwiesen
678 2093 3029 2229 fest.Da hätte man's dem Volke gar nicht ange-
684 2217 2978 2378 sehen, dass es so aufgebracht gegen mich ist.
678 2354 1073 2485 Richter
666 2348 2937 2562 Ja, die Gegenwart einer hohen Persönlichkeit
684 2539 2738 2708 Ich glaube,wenn Eure fürstliche Gnaden
693 2640 2565 2851 sich öfter dem Volke zeigen würden -
684 2851 2970 3014 Erzherzog: Man ist dazu nicht immer gelaunt,
675 2964 3041 3163 Auch wird es einem schlecht gedankt. Und immer
684 3148 3053 3323 mehr lieb ich es mich aus den Trübseligkeiten
702 3308 2851 3475 der Regierungsgeschäfte in die Einsamkeit
690 3415 2809 3609 zurückzuziehen. Sie konnen mein Jagdhaus
684 3573 2946 3861 Frau: Ich kenne es. Erst neulich habe ich es
