3448 4184
2722 339 2823 514 8
544 550 918 752 Gnaden.
544 683 2930 933 Erzherzog: Ich muss um Vergebung bitten.Schöm
547 862 2864 1064 Frau - Wie schade, dass Ihr Ant so strenge An-
559 998 2870 1215 forderungen an Sie stellt. Aber ich kann mich
565 1156 2915 1370 nicht eines neuen Eingriffe in die Verwaltung
570 1295 2962 1542 schuldig machen. Doch bald hätt ich vergessen.
621 1453 2838 1679 (erheftet ihm den Orden an) Mein Wagen wird
582 1599 2968 1824 die gnädige Frau zurückbringen.Leben Sie wohl,
582 1804 1254 1985 Herr Richter.
588 1902 2855 2130 Richter: Und du,Margarethe, nicht einmal leb
591 2145 894 2294 wohl?
591 2222 2769 2430 Frau: (schüttelt den Kopf und geht mit dem
600 2422 1349 2588 Erzherzog ab).
606 2496 2992 2745 Richter: (in fassungsloser Wut zurückbleibend),
612 2674 2968 2906 weiss nicht was tun, will zuerst dem Wagen nah-
636 2849 2998 3078 laufen, aus dem Zimmer hinaus, dann wider zurück
633 3049 1777 3206 allerlei zertrümmern).
660 3155 2763 3369 (Nach einigerZeit klopft es an die Türe).
639 3292 2945 3533 Richter: Wer ist's? Ich binnicht da.zum Teu¬
639 3518 1640 3667 fol wer? (or öffnet)
642 3655 1735 3898 Ein Bauer: (tritt ein)
