3352 4168
2777 258 2869 421 3
539 415 2706 619 Frau: Vorurteilt? Du hast ihn verurtoilt?
528 581 2813 815 Richter: sagt ich’s dir nicht? Eben war ich
545 774 1864 910 daran es dir zu erzählen.
554 916 2377 1126 Erzherzog: Und streng, aber gerecht.
557 1091 1589 1227 Richter: Ja, gerecht.
545 1120 2896 1446 Erzherzog: Vier Wochen wird der Kerl brummen.
554 1334 2872 1597 Richter: Diebstahl bleibt Diebwahl. Und wenn
566 1482 2762 1695 es nur ein Aestchen gewesen wäre.pabei war
566 1675 2937 1829 es eine Butte voll Holz. Und wer weiss,wie oft
566 1840 2807 1983 er das schon getan hat.Und nicht er allein.
557 1941 2718 2155 Sie haben ja alle hier ihre wohlgeheizten
581 2104 2768 2359 Oefen. Woher? Und dies war es, was mich be-
569 2279 1132 2487 stimmt hat.
569 2359 2946 2623 Erzherzog: Ja,Sie sind ein weitdenkender Rich
572 2561 2881 2744 tor. Sie haben nicht mir „Sie haben der Sache
575 2709 2919 2973 der Gerechtigkeit einen grossen Dienst erwie-
569 2949 806 3073 sen.
575 3020 1224 3290 Richter: Oh.
575 3198 2904 3405 Erzherzog: Und das er gereicht es mir zum Ver-
578 3358 2792 3559 gnügen Ihnen hier persönlich einen Orden zu
581 3562 1230 3711 überreichen.
578 3604 2967 3868 Richter: Welche Gnade. Und dass Euer fürstliche
