6680 4248
1005 373 3171 612 clerre fahrt hil fort.. Soll seitert.
974 584 2652 769 tische auf es niemand...
575 634 828 775 Kizé.
429 746 746 862 mit.
1010 704 3115 977 was esöniss aus sein.. Tis même...
326 808 822 951 de talande.
365 898 783 1083 or the
1050 920 1894 1075 -alles - : -
1044 1005 3115 1224 Nein. das rusch ne- nicht alle..  Il
1072 1201 2287 1420 kleit cas cre acht.
1106 1322 3278 1527 Abe urs andres - aas ihrer meilge.
1207 1493 2166 1703 etre lepluie.
1120 1622 3272 1905 décidéese tout n'ai nuit pu vie.
601 1765 946 1925 tiers cles
488 1894 985 2009 Hauses
1190 1847 3177 2127 So ist und - sie hat d glurter
536 1945 1021 2144 Hürofert.
1148 1973 3123 2301 anrecemener, sich nochmals
362 2105 1036 2265 lui tort - aurebl
432 2203 1069 2360 Trit. Ausblisant
1184 2152 3179 2439 aussi steech - in stett in legen -
404 2315 1055 2503 J.C.M.
1218 2391 3137 2607 y schlafen schwer, wie ein Bewißete -
359 2433 1066 2629 Auil de la dite!
1243 2559 2778 2742 Quittant - her in mn de -  We
516 2545 979 2792 sintes! -
1243 2629 3191 2829 du haut... Er muis ne une liebe... Et
1257 2809 2697 3050 hürst mit ein, einricht - -
1282 2933 3149 3146 Überhaupt diese rahusieres Efernung
1395 3084 2812 3309 Sichelt - legt mit Lin...
1339 3275 2220 3440 crollust. Ckel.
1358 3345 2871 3614 Erfernet auf Teichsmari...
1347 3511 2683 3741 de viedet dînerlt hatte.
1350 3640 2885 3915 Waren on a e 20 in
1383 3861 1776 4072 pr.
3572 331 5708 601 nim, et ce je pis une tas vu de¬
3564 536 5792 727 nein, me kuvisch sek er aus, in seiner
5360 665 6337 814 Aberth de Allta mit.
3558 702 5220 960 elegant Getirzscothinne -? -
5354 758 6471 918 die Trubenbert de Lascus.
5388 867 6210 993 bes tis & cap er nehe de
3550 887 4953 1120 Es na ereger Sterben. -.
5458 949 6401 1125 Junyer me en Heilen
3483 1066 5051 1313 Halle et nul restt...
3603 1212 5346 1487 Va Tres abnt nemen i-
3570 1389 5643 1642 sastrent war ihr viell zu - da
3600 1546 5722 1779 Uu in a la entrand verboten
5722 1628 6314 1816 Sie schondert.
3578 1717 5562 1990 Und sie in ihm in eine Wohnern
3651 1919 4790 2186 nen aen. Mein -
3662 2088 5669 2368 Neulen Eleurt in Park - so hat in
3609 2287 4891 2554 unfant - rebust.
3766 2492 4897 2666 Herrpost - w ist sie!
3755 2610 5026 2801 die meint weinen!...
3749 2663 6008 2952 Sie eines schlechl Kufbekennen.
3791 2789 5890 3140 - he was not in him - go, and keep.
3735 3045 5234 3286 Er nicht heraus - erst l.
3755 3216 5506 3449 Sind mit ihn sprechen!
5366 3261 6126 3471 He dined [illegible]
3724 3370 5927 3584 Abule dat in yeip? sterbend.
3715 3547 5857 3786 2. - Tortunal half und gar zurück -
3760 3671 5840 3889 und nicht weh u de Ausbl. -
