6584 4120
5976 279 6136 469 15
2640 347 2817 520 14
1390 411 1604 618 to
3730 394 3907 622 ilh
3968 292 6214 639 das du bist. Weil er dich heute Morganaan-
734 472 2949 727 Doch hätt es freilich von Gottes Gerechtig-
3958 598 5674 768 gelacht hat im Vorüberfahren
1060 649 1369 744 weide
734 666 2895 870 keit kommen sollen und nicht von des Her¬
3978 754 5762 931 Agnes: Er lachte mich nicht an.
1580 849 2178 1023 Monsieur des mêmes
764 846 1345 1053 zogs Grimm.
3978 883 6221 1114 Adelbert: Haat du mir's früher nicht selbst
764 999 2905 1193 Agnes: So hat Gottes Gerechtigkeit sich
2558 1050 2942 1193 in münen.
3717 1053 3877 1189 G.H.F.P.
3931 1040 5436 1240 erzählt?
217 1067 2946 1335 dann Till wohl desherzoglichen Grimms bedient, da sie
3965 1165 5545 1369 Agnes: Er dankte auf meinen Gr
754 1298 2976 1481 ja kaum jemals ohne menschliche Vermittlung
3934 1345 5552 1536 freundlichem Nicken, nicht mehr
5813 1383 5980 1563 sah
751 1437 2912 1661 etwa durch "Blitzschlag oder Sintflut sich
3853 1505 5552 1682 sich kaum um als er vorbei war.
761 1617 1597 1804 bemerkbar macht.
1342 1621 2473 1794 Klug lequarte. Apl.
3955 1655 5473 1869 Adelbert: Kaum - also doch, ei
761 1709 2898 1974 Adelbert: Und so, mein kluges Weibchen, des
3938 1811 4685 2008 steh es nur.
778 1906 2898 2072 kannst du sicher sein,wird Gottes Gerech-
3938 1957 6160 2164 Agnes: Was du nur hast. Ich weiss gar nicht
775 2025 2817 2229 tigke it auch eines Tags über den Herzog
3944 2106 4390 2310 mehr —
5171 2140 5337 2307 G.C.H.F.P.
4430 2113 5096 2327 unbetenscht
775 2154 2823 2416 hereinbrechen, in irgend einer Weise, die
3931 2300 5817 2426 Adelbert: Ihr Weiber, ja, das ist das
775 2327 2918 2545 wir heute noch nicht vorauszusehen vermö-
4349 2388 4943 2501 & Mr. Gerriton ihre
3924 2422 5830 2626 glück, Ihr seid die Verbündeten der
5952 2395 6279 2613 tigen.
781 2477 2932 2691 gen, oberwie manche zeichen kundtun schon
3911 2602 6044 2786 Euch lookt der Strahlenglanz der Diademe
764 2640 2997 2851 auf dem Wege sein mag,um den Uebermut gros-
3921 2749 5915 2925 und gar, wenn auf einem jungen Haupte
795 2783 2895 3000 ser Herren aller Orten nach xxx Verdinst
3642 2874 3863 3014 décème
3934 2857 5820 3037 leuchtet.Ihr seid doch geboren im Staub zu
5898 2895 6116 3122 lie.
4896 3017 5480 3112 vorgemesde
771 2986 1393 3170 zu strafen.
2494 2973 2660 3139 G.C.H.F.P.
3928 3044 6071 3262 gen und anzubeten. (in Zorn) Närrinnen, un-
792 3095 3003 3309 Agnes: Ob Gottfried Bernhard zu den sonder-
3931 3214 5789 3394 verbesserliche! Du wie die Andern!
802 3241 2905 3493 lich Uebermütigen zähit - er sieht nicht
3928 3343 6136 3578 Agnes: Nur freund ich meinem Gruss gedankt
792 3435 1977 3629 so aus,meinerseel.
3900 3479 5922 3700 und solche Worte. Hätt ich doch lieber
788 3567 3017 3785 Adelbert: (kann seinen Aerger immer schwerer
3873 3646 5942 3883 nuobts erzählt. dass und dort erforderungen in
792 3710 2997 3944 beherrschen) Sieht nicht so aus -Gänschen,
3938 3768 4478 3914 den Hurz
