<?xml version="1.0" encoding="UTF-8" standalone="yes"?>
<PcGts xmlns="http://schema.primaresearch.org/PAGE/gts/pagecontent/2013-07-15" xmlns:xsi="http://www.w3.org/2001/XMLSchema-instance" xsi:schemaLocation="http://schema.primaresearch.org/PAGE/gts/pagecontent/2013-07-15 http://schema.primaresearch.org/PAGE/gts/pagecontent/2013-07-15/pagecontent.xsd">
    <Metadata>
        <Creator>prov=READ-COOP:name=TrHtr:version=2.1.0:model_id=51170:date=14_08_2023_11:28</Creator>
        <Created>2023-05-10T14:17:11.049+02:00</Created>
        <LastChange>2023-08-14T11:28:57.044+02:00</LastChange>
        <TranskribusMetadata docId="1428609" pageId="55417990" pageNr="33" tsid="132796541" status="IN_PROGRESS" userId="64420" imgUrl="https://files.transkribus.eu/Get?id=ISMVZQKNXBMXACPGKECTWNTV&amp;fileType=view" xmlUrl="https://files.transkribus.eu/Get?id=ZGDPIDQEPPEQXJRUIZGMYDAY" imageId="44692094"/>
    </Metadata>
    <Page imageFilename="1428609_0033.jpg" imageWidth="6504" imageHeight="4136">
        <ReadingOrder>
            <OrderedGroup id="ro_1711787693409" caption="Regions reading order">
                <RegionRefIndexed index="0" regionRef="tr_2"/>
                <RegionRefIndexed index="1" regionRef="tr_3"/>
                <RegionRefIndexed index="2" regionRef="tr_1"/>
            </OrderedGroup>
        </ReadingOrder>
        <TextRegion id="tr_2" custom="readingOrder {index:0;}">
            <Coords points="208,284 2924,284 2924,2379 208,2379"/>
            <TextLine id="tr_2_tl_1" custom="readingOrder {index:0;}">
                <Coords points="2621,381 2666,378 2703,361 2751,395 2782,389 2787,231 2745,240 2723,223 2714,231 2703,226 2672,237 2660,229 2649,240 2627,240"/>
                <Baseline points="2637,340 2703,346 2793,334"/>
                <TextEquiv>
                    <Unicode>21</Unicode>
                </TextEquiv>
            </TextLine>
            <TextLine id="tr_2_tl_2" custom="readingOrder {index:1;}">
                <Coords points="748,592 2491,601 2782,533 2785,434 2124,344 1870,446 1586,378 1205,463 750,454"/>
                <Baseline points="763,537 823,531 913,531 1002,531 1092,525 1181,519 1271,519 1360,513 1450,513 1539,513 1629,513 1718,513 1808,513 1897,507 1987,507 2076,507 2166,501 2256,501 2345,501 2435,495 2524,495 2614,501 2703,495 2793,489"/>
                <TextEquiv>
                    <Unicode>Agnes: (bringt aus dem Schrank ein Glas)</Unicode>
                </TextEquiv>
            </TextLine>
            <TextLine id="tr_2_tl_3" custom="readingOrder {index:2;}">
                <Coords points="765,736 1126,674 2844,671 2782,553 1145,635 767,587"/>
                <Baseline points="781,680 793,686 883,674 972,674 1062,674 1151,674 1241,674 1330,674 1420,668 1509,662 1599,662 1689,662 1778,662 1868,662 1957,662 2047,656 2136,656 2226,656 2315,656 2405,656 2494,656 2584,650 2673,650 2763,650 2852,644"/>
                <TextEquiv>
                    <Unicode>Herzog : (setzt sich) Ihr wohnt hier sehr</Unicode>
                </TextEquiv>
            </TextLine>
            <TextLine id="tr_2_tl_4" custom="readingOrder {index:3;}">
                <Coords points="759,846 2759,858 2838,846 2841,739 762,759"/>
                <Baseline points="775,823 799,823 889,829 978,829 1068,829 1157,823 1247,829 1336,823 1426,823 1515,823 1605,817 1694,805 1784,811 1874,805 1963,817 1963,817 2041,817 2130,811 2220,817 2309,811 2399,811 2488,805 2578,805 2667,805 2757,805 2846,799"/>
                <TextEquiv>
                    <Unicode>behaglich. Auch von der Strasse sieht das</Unicode>
                </TextEquiv>
            </TextLine>
            <TextLine id="tr_2_tl_5" custom="readingOrder {index:4;}">
                <Coords points="1665,894 1721,903 1746,892 1800,923 1837,897 1859,911 1921,900 1989,920 2012,897 2023,906 2071,889 2068,835 2028,829 2012,849 1995,832 1964,841 1916,815 1859,841 1834,818 1777,835 1715,810 1662,841"/>
                <Baseline points="1677,859 1766,865 1856,865 1933,865 1933,865 2023,889 2076,889"/>
                <TextEquiv>
                    <Unicode>taken.</Unicode>
                </TextEquiv>
            </TextLine>
            <TextLine id="tr_2_tl_6" custom="readingOrder {index:5;}">
                <Coords points="316,923 361,906 398,928 463,939 488,917 559,911 547,688 499,705 477,731 463,719 437,731 420,753 387,742 344,765 308,759"/>
                <Baseline points="328,871 417,877 507,883 566,883"/>
                <TextEquiv>
                    <Unicode>the</Unicode>
                </TextEquiv>
            </TextLine>
            <TextLine id="tr_2_tl_7" custom="readingOrder {index:6;}">
                <Coords points="765,1021 2810,1010 2914,996 2917,858 2054,934 1569,829 767,872"/>
                <Baseline points="781,978 865,978 954,978 1044,978 1133,978 1223,978 1313,972 1402,972 1492,972 1581,966 1671,966 1760,966 1850,966 1939,960 2029,966 2118,954 2208,960 2297,960 2387,960 2476,960 2566,960 2655,954 2745,954 2834,954 2924,948"/>
                <TextEquiv>
                    <Unicode>Haus sehr freundlich aus. Man möchte nicht</Unicode>
                </TextEquiv>
            </TextLine>
            <TextLine id="tr_2_tl_8" custom="readingOrder {index:7;}">
                <Coords points="192,1027 220,1035 251,1010 333,1024 423,1004 463,1021 485,1007 511,1024 561,1007 601,1018 604,965 561,971 528,954 482,982 401,945 358,959 251,900 195,906"/>
                <Baseline points="208,1008 250,1002 340,996 429,1002 519,996 608,996"/>
                <TextEquiv>
                    <Unicode>him in</Unicode>
                </TextEquiv>
            </TextLine>
            <TextLine id="tr_2_tl_9" custom="readingOrder {index:8;}">
                <Coords points="753,1160 2212,1112 2548,1222 2550,985 2263,1064 753,1072"/>
                <Baseline points="769,1133 853,1133 942,1133 1032,1133 1122,1128 1211,1122 1301,1122 1390,1116 1480,1122 1569,1122 1659,1116 1748,1116 1838,1116 1927,1116 2017,1116 2106,1116 2196,1110 2285,1110 2375,1110 2464,1110 2554,1104"/>
                <TextEquiv>
                    <Unicode>so gern vor jedem das Rad brechen.</Unicode>
                </TextEquiv>
            </TextLine>
            <TextLine id="tr_2_tl_10" custom="readingOrder {index:9;}">
                <Coords points="245,1145 274,1145 291,1162 364,1143 381,1160 420,1143 494,1162 519,1145 567,1171 612,1151 612,1002 511,1024 485,1007 463,1021 370,1004 333,1024 245,1016"/>
                <Baseline points="262,1133 352,1139 441,1133 531,1133 620,1133"/>
                <TextEquiv>
                    <Unicode>T.d.Rant</Unicode>
                </TextEquiv>
            </TextLine>
            <TextLine id="tr_2_tl_11" custom="readingOrder {index:10;}">
                <Coords points="2082,1270 2116,1278 2172,1241 2215,1244 2257,1267 2302,1264 2387,1224 2390,1143 2367,1145 2342,1126 2313,1134 2299,1123 2282,1134 2246,1117 2167,1123 2105,1165 2085,1162"/>
                <Baseline points="2100,1199 2124,1193 2214,1193 2303,1187 2393,1187"/>
                <TextEquiv>
                    <Unicode>G.H.F.P.</Unicode>
                </TextEquiv>
            </TextLine>
            <TextLine id="tr_2_tl_12" custom="readingOrder {index:11;}">
                <Coords points="245,1306 355,1332 372,1318 415,1312 437,1323 466,1306 499,1318 502,1140 471,1137 429,1160 406,1154 392,1168 358,1160 330,1185 319,1179 302,1191 248,1191"/>
                <Baseline points="262,1253 328,1265 417,1265 507,1247"/>
                <TextEquiv>
                    <Unicode>reçu</Unicode>
                </TextEquiv>
            </TextLine>
            <TextLine id="tr_2_tl_13" custom="readingOrder {index:12;}">
                <Coords points="745,1360 999,1349 1196,1284 1986,1295 1986,1193 1715,1222 1456,1134 911,1148 858,1191 750,1160"/>
                <Baseline points="763,1289 829,1283 919,1283 1008,1283 1098,1283 1187,1283 1277,1277 1366,1277 1456,1277 1545,1277 1635,1271 1724,1271 1814,1271 1903,1265 1993,1259"/>
                <TextEquiv>
                    <Unicode>Agnes: (schenkt Wein ein)</Unicode>
                </TextEquiv>
            </TextLine>
            <TextLine id="tr_2_tl_14" custom="readingOrder {index:13;}">
                <Coords points="838,1377 872,1374 889,1388 928,1377 939,1365 962,1377 979,1371 1004,1382 1024,1368 1061,1363 1061,1337 1021,1340 1010,1332 982,1340 937,1326 914,1337 886,1326 835,1334"/>
                <Baseline points="853,1354 942,1360 1032,1360 1068,1360"/>
                <TextEquiv>
                    <Unicode>G.F.P.P</Unicode>
                </TextEquiv>
            </TextLine>
            <TextLine id="tr_2_tl_15" custom="readingOrder {index:14;}">
                <Coords points="748,1461 2237,1464 2641,1428 2644,1332 2415,1272 2167,1286 2006,1380 750,1360"/>
                <Baseline points="763,1432 769,1432 859,1432 948,1432 1038,1432 1128,1432 1217,1432 1307,1432 1396,1426 1486,1426 1575,1426 1665,1426 1754,1426 1844,1426 1933,1426 2023,1426 2112,1426 2202,1420 2291,1426 2381,1420 2470,1420 2560,1414 2649,1408"/>
                <TextEquiv>
                    <Unicode>Herzog: Schönen Dank. Aber wollt Ihr</Unicode>
                </TextEquiv>
            </TextLine>
            <TextLine id="tr_2_tl_16" custom="readingOrder {index:15;}">
                <Coords points="759,1622 2875,1608 2875,1442 759,1540"/>
                <Baseline points="775,1587 823,1587 913,1587 1002,1587 1092,1587 1181,1587 1271,1587 1360,1581 1450,1581 1539,1581 1629,1581 1718,1581 1808,1581 1897,1575 1987,1575 2076,1575 2166,1575 2256,1575 2345,1569 2435,1575 2524,1575 2614,1569 2703,1569 2793,1563 2882,1563"/>
                <TextEquiv>
                    <Unicode>mir nicht auch Bescheid tun, Und ich muss</Unicode>
                </TextEquiv>
            </TextLine>
            <TextLine id="tr_2_tl_17" custom="readingOrder {index:16;}">
                <Coords points="759,1744 2615,1752 2720,1738 2720,1659 759,1676"/>
                <Baseline points="775,1730 847,1736 937,1736 1026,1736 1116,1736 1205,1730 1295,1736 1384,1730 1474,1730 1563,1736 1653,1730 1742,1724 1832,1724 1921,1724 2011,1724 2100,1724 2190,1724 2279,1724 2369,1724 2458,1724 2548,1718 2637,1718 2727,1718"/>
                <TextEquiv>
                    <Unicode>bitten - oder soll ich befehlen - dass</Unicode>
                </TextEquiv>
            </TextLine>
            <TextLine id="tr_2_tl_18" custom="readingOrder {index:17;}">
                <Coords points="748,1904 2841,1916 2880,1777 2178,1831 1696,1738 748,1839"/>
                <Baseline points="763,1885 829,1891 919,1891 1008,1885 1098,1885 1187,1891 1277,1885 1366,1885 1456,1885 1545,1885 1635,1885 1724,1885 1814,1880 1903,1880 1993,1880 2082,1880 2172,1874 2261,1874 2351,1874 2441,1874 2530,1874 2620,1874 2709,1868 2799,1868 2888,1868"/>
                <TextEquiv>
                    <Unicode>man Platz nimmt (Ich bin nur Gast hier und</Unicode>
                </TextEquiv>
            </TextLine>
            <TextLine id="tr_2_tl_19" custom="readingOrder {index:18;}">
                <Coords points="759,2043 2872,2065 2872,1978 2754,1947 759,1938"/>
                <Baseline points="775,2041 817,2041 907,2041 996,2041 1086,2041 1175,2041 1265,2041 1354,2035 1444,2035 1533,2035 1623,2041 1712,2035 1802,2035 1891,2035 1981,2029 2070,2029 2160,2035 2250,2029 2339,2029 2429,2029 2518,2029 2608,2023 2697,2023 2787,2023 2876,2023"/>
                <TextEquiv>
                    <Unicode>überdies ein ungebetener, xxx ein nicht ge-</Unicode>
                </TextEquiv>
            </TextLine>
            <TextLine id="tr_2_tl_20" custom="readingOrder {index:19;}">
                <Coords points="753,2232 1772,2195 1941,2277 2517,2274 2666,2186 2917,2229 2920,2079 2407,2031 2136,2130 1896,2043 1679,2139 756,2110"/>
                <Baseline points="769,2190 775,2190 865,2190 954,2196 1044,2196 1133,2190 1223,2196 1313,2196 1402,2196 1492,2190 1581,2190 1671,2184 1760,2190 1850,2190 1939,2190 2029,2178 2118,2184 2208,2178 2297,2178 2387,2178 2476,2178 2566,2178 2655,2178 2745,2178 2834,2178 2924,2178"/>
                <TextEquiv>
                    <Unicode>betener zum mindesten. (trinkt) Nicht übel.</Unicode>
                </TextEquiv>
            </TextLine>
            <TextLine id="tr_2_tl_21" custom="readingOrder {index:20;}">
                <Coords points="398,2471 835,2359 2226,2342 2226,2265 1930,2277 1763,2195 607,2189 401,2263"/>
                <Baseline points="417,2369 477,2363 566,2357 656,2345 746,2333 775,2339 799,2345 889,2351 978,2351 1068,2351 1157,2351 1247,2345 1336,2339 1426,2339 1515,2339 1605,2339 1694,2339 1784,2345 1874,2339 1963,2345 2053,2339 2142,2333 2232,2327"/>
                <TextEquiv>
                    <Unicode>(kost) Wohl auch aus meinem Keller?</Unicode>
                </TextEquiv>
            </TextLine>
        </TextRegion>
        <TextRegion id="tr_3" custom="readingOrder {index:1;}">
            <Coords points="763,2355 2942,2355 2942,3746 763,3746"/>
            <TextLine id="tr_3_tl_1" custom="readingOrder {index:0;}">
                <Coords points="1261,2429 1329,2421 1399,2452 1546,2423 1583,2438 1611,2409 1659,2449 1760,2421 1851,2438 1851,2361 1820,2353 1712,2373 1634,2353 1557,2378 1501,2353 1394,2373 1261,2353"/>
                <Baseline points="1277,2411 1366,2417 1456,2417 1545,2411 1635,2405 1724,2411 1814,2411 1856,2411"/>
                <TextEquiv>
                    <Unicode>Möglich wollenden</Unicode>
                </TextEquiv>
            </TextLine>
            <TextLine id="tr_3_tl_2" custom="readingOrder {index:1;}">
                <Coords points="750,2596 1239,2505 2833,2525 2833,2415 2731,2398 1975,2452 753,2407"/>
                <Baseline points="769,2506 781,2500 871,2506 960,2500 1050,2500 1139,2500 1229,2500 1318,2500 1408,2500 1498,2500 1587,2500 1677,2494 1766,2494 1856,2488 1945,2482 2035,2488 2124,2488 2214,2488 2303,2488 2393,2482 2482,2482 2572,2476 2661,2476 2751,2476 2840,2476"/>
                <TextEquiv>
                    <Unicode>ADilbert: Niemand ahnte herzogliche Gna-</Unicode>
                </TextEquiv>
            </TextLine>
            <TextLine id="tr_3_tl_3" custom="readingOrder {index:2;}">
                <Coords points="1834,2579 2054,2601 2201,2550 2359,2587 2652,2562 2751,2584 2748,2497 2652,2522 2573,2483 2277,2525 2091,2494 1969,2531 1904,2497 1834,2511"/>
                <Baseline points="1850,2548 1939,2548 2029,2548 2118,2554 2208,2548 2297,2554 2387,2560 2476,2560 2566,2554 2655,2554 2745,2560 2751,2560"/>
                <TextEquiv>
                    <Unicode>sollen zu wieder, kann,</Unicode>
                </TextEquiv>
            </TextLine>
            <TextLine id="tr_3_tl_4" custom="readingOrder {index:3;}">
                <Coords points="753,2672 2240,2652 2508,2742 2762,2663 2765,2598 1659,2593 1538,2508 753,2593"/>
                <Baseline points="769,2655 799,2655 889,2661 978,2661 1068,2655 1157,2655 1247,2655 1336,2655 1426,2649 1515,2655 1605,2649 1694,2643 1784,2643 1874,2643 1963,2643 2053,2643 2142,2643 2232,2643 2321,2643 2411,2643 2500,2643 2590,2637 2679,2637 2769,2637"/>
                <TextEquiv>
                    <Unicode>den, dass der Kellermeister ein so gott-</Unicode>
                </TextEquiv>
            </TextLine>
            <TextLine id="tr_3_tl_5" custom="readingOrder {index:4;}">
                <Coords points="748,2835 2838,2849 2917,2838 2917,2689 748,2765"/>
                <Baseline points="763,2805 775,2805 865,2811 954,2811 1044,2811 1133,2811 1223,2811 1313,2805 1402,2805 1492,2805 1581,2805 1671,2805 1760,2805 1850,2799 1939,2799 2029,2799 2118,2793 2208,2793 2297,2799 2387,2793 2476,2793 2566,2793 2655,2793 2745,2793 2834,2793 2924,2799"/>
                <TextEquiv>
                    <Unicode>verdammter Schuft, ich bitte um Verzeihung.</Unicode>
                </TextEquiv>
            </TextLine>
            <TextLine id="tr_3_tl_6" custom="readingOrder {index:5;}">
                <Coords points="753,2993 2773,2976 2776,2858 753,2895"/>
                <Baseline points="769,2960 811,2966 901,2966 990,2966 1080,2966 1169,2960 1259,2960 1348,2960 1438,2960 1527,2960 1617,2960 1706,2960 1796,2960 1885,2954 1975,2954 2065,2954 2154,2948 2244,2948 2333,2948 2423,2948 2512,2954 2602,2948 2691,2948 2781,2948"/>
                <TextEquiv>
                    <Unicode>Wir zumindest dachten, nicht wahr,Agnes,</Unicode>
                </TextEquiv>
            </TextLine>
            <TextLine id="tr_3_tl_7" custom="readingOrder {index:6;}">
                <Coords points="748,3154 2821,3143 2866,2968 2288,3053 748,3024"/>
                <Baseline points="763,3121 811,3121 901,3121 990,3121 1080,3121 1169,3121 1259,3121 1348,3109 1438,3115 1527,3109 1617,3103 1706,3103 1796,3103 1885,3103 1975,3109 2065,3103 2154,3103 2244,3097 2333,3097 2423,3097 2512,3091 2602,3097 2691,3091 2781,3091 2870,3091"/>
                <TextEquiv>
                    <Unicode>er hätte auch für sich allein ein kleines</Unicode>
                </TextEquiv>
            </TextLine>
            <TextLine id="tr_3_tl_8" custom="readingOrder {index:7;}">
                <Coords points="1394,3196 1831,3180 2068,3230 2666,3177 2813,3225 2928,3213 2928,3109 2291,3098 2155,3151 1665,3103 1394,3149"/>
                <Baseline points="1408,3181 1414,3181 1504,3181 1593,3175 1683,3175 1772,3175 1862,3175 1951,3181 2041,3181 2130,3181 2220,3175 2309,3169 2399,3169 2488,3169 2578,3169 2667,3163 2757,3163 2846,3169 2936,3175"/>
                <TextEquiv>
                    <Unicode>es wäre sein eignes treu, der er</Unicode>
                </TextEquiv>
            </TextLine>
            <TextLine id="tr_3_tl_9" custom="readingOrder {index:8;}">
                <Coords points="748,3301 1343,3275 1529,3388 1752,3388 2079,3267 2711,3290 2734,3194 1594,3219 1224,3117 906,3199 750,3149"/>
                <Baseline points="763,3264 769,3270 859,3276 948,3270 1038,3270 1128,3270 1217,3270 1307,3270 1396,3264 1486,3270 1575,3270 1665,3264 1754,3264 1844,3264 1933,3264 2023,3258 2112,3258 2202,3258 2291,3258 2381,3258 2470,3252 2560,3252 2649,3246 2739,3246"/>
                <TextEquiv>
                    <Unicode>Weingut im Besitz und verkaufte seinen</Unicode>
                </TextEquiv>
            </TextLine>
            <TextLine id="tr_3_tl_10" custom="readingOrder {index:9;}">
                <Coords points="756,3456 807,3481 883,3450 942,3481 1016,3428 1388,3456 1391,3360 1309,3363 1205,3312 1112,3371 906,3374 855,3346 759,3366"/>
                <Baseline points="775,3413 865,3425 954,3425 1044,3425 1133,3419 1223,3419 1313,3419 1396,3419"/>
                <TextEquiv>
                    <Unicode>eigenen Wein.</Unicode>
                </TextEquiv>
            </TextLine>
            <TextLine id="tr_3_tl_11" custom="readingOrder {index:10;}">
                <Coords points="759,3668 1628,3572 2770,3617 2824,3487 2119,3371 1168,3433 976,3532 759,3498"/>
                <Baseline points="775,3580 859,3574 948,3574 1038,3574 1128,3574 1217,3580 1307,3580 1396,3574 1486,3574 1575,3574 1665,3574 1754,3574 1844,3569 1933,3569 2023,3563 2112,3569 2202,3569 2291,3563 2381,3563 2470,3569 2560,3563 2649,3557 2739,3551 2828,3551"/>
                <TextEquiv>
                    <Unicode>Herzog: Nun, wenn Ihr diese Sorte gewohnt</Unicode>
                </TextEquiv>
            </TextLine>
            <TextLine id="tr_3_tl_12" custom="readingOrder {index:11;}">
                <Coords points="753,3744 2745,3749 2937,3727 2937,3634 1913,3575 1602,3679 1295,3580 1078,3676 753,3679"/>
                <Baseline points="769,3730 793,3730 883,3730 972,3730 1062,3736 1151,3730 1241,3730 1330,3730 1420,3730 1509,3730 1599,3724 1689,3724 1778,3724 1868,3718 1957,3718 2047,3718 2136,3718 2226,3718 2315,3718 2405,3712 2494,3712 2584,3712 2673,3712 2763,3712 2852,3706 2942,3700"/>
                <TextEquiv>
                    <Unicode>seid, so will ich ein paar Dutzend Flaschen</Unicode>
                </TextEquiv>
            </TextLine>
        </TextRegion>
        <TextRegion id="tr_1" custom="readingOrder {index:2;}">
            <Coords points="3795,487 6117,487 6117,3817 3795,3817"/>
            <TextLine id="tr_1_tl_1" custom="readingOrder {index:0;}">
                <Coords points="3893,564 5925,615 5922,485 5798,443 4537,460 3891,378"/>
                <Baseline points="3909,537 3998,543 4088,543 4177,549 4267,549 4356,549 4446,549 4535,555 4625,555 4714,555 4804,561 4893,561 4983,561 5073,561 5162,566 5252,566 5341,566 5431,566 5520,566 5610,566 5699,566 5789,572 5878,572 5926,566"/>
                <TextEquiv>
                    <Unicode>vom gleichen hersenden lassan, Ihr sollt</Unicode>
                </TextEquiv>
            </TextLine>
            <TextLine id="tr_1_tl_2" custom="readingOrder {index:1;}">
                <Coords points="3862,722 5764,798 5942,779 5942,652 5592,587 3859,615"/>
                <Baseline points="3879,686 3968,686 4058,692 4147,698 4237,698 4326,698 4416,704 4506,710 4595,710 4685,710 4774,710 4864,710 4953,716 5043,716 5132,716 5222,716 5311,722 5401,722 5490,722 5580,722 5669,722 5759,722 5848,728 5938,722 5950,716"/>
                <TextEquiv>
                    <Unicode>mir ihn natürlich nicht beahlen, nur auf</Unicode>
                </TextEquiv>
            </TextLine>
            <TextLine id="tr_1_tl_3" custom="readingOrder {index:2;}">
                <Coords points="3862,875 4853,937 5527,872 5865,942 5956,928 5956,776 3859,714"/>
                <Baseline points="3879,841 3968,847 4058,847 4147,847 4237,853 4326,859 4416,859 4506,859 4595,865 4685,865 4774,865 4864,865 4953,871 5043,865 5132,871 5222,871 5311,865 5401,871 5490,871 5580,877 5669,877 5759,877 5848,877 5938,877 5962,877"/>
                <TextEquiv>
                    <Unicode>mein Wohl trinken und recht vom Herzen./</Unicode>
                </TextEquiv>
            </TextLine>
            <TextLine id="tr_1_tl_4" custom="readingOrder {index:3;}">
                <Coords points="3862,1064 6009,1072 6037,954 3859,869"/>
                <Baseline points="3879,996 3968,1008 4058,1002 4147,1002 4237,1008 4326,1008 4416,1008 4506,1014 4595,1014 4685,1014 4774,1014 4864,1020 4953,1014 5043,1020 5132,1020 5222,1026 5311,1026 5401,1026 5490,1026 5580,1032 5669,1032 5759,1038 5848,1038 5938,1038 6027,1038 6045,1038"/>
                <TextEquiv>
                    <Unicode>Adelbert: Das haben wir immer getan, nicht</Unicode>
                </TextEquiv>
            </TextLine>
            <TextLine id="tr_1_tl_5" custom="readingOrder {index:4;}">
                <Coords points="3862,1193 6052,1236 6111,1112 4559,1027 3859,1092"/>
                <Baseline points="3879,1157 3968,1157 4058,1163 4147,1163 4237,1163 4326,1163 4416,1163 4506,1169 4595,1169 4685,1169 4774,1175 4864,1175 4953,1169 5043,1175 5132,1175 5222,1175 5311,1181 5401,1181 5490,1181 5580,1181 5669,1181 5759,1187 5848,1187 5938,1187 6027,1187 6117,1181"/>
                <TextEquiv>
                    <Unicode>wahr,Agnes? Auch mit dem bezahlten, dem teu¬</Unicode>
                </TextEquiv>
            </TextLine>
            <TextLine id="tr_1_tl_6" custom="readingOrder {index:5;}">
                <Coords points="3851,1329 6009,1374 6063,1264 5764,1196 5245,1250 3848,1196"/>
                <Baseline points="3867,1301 3956,1313 4046,1313 4136,1313 4225,1318 4315,1318 4404,1313 4494,1318 4583,1318 4673,1318 4762,1324 4852,1324 4941,1324 5031,1330 5120,1330 5210,1324 5299,1330 5389,1330 5478,1330 5568,1330 5657,1336 5747,1342 5836,1342 5926,1336 6016,1336 6069,1336"/>
                <TextEquiv>
                    <Unicode>er bezahlten. Denn er liess sich ihn bezah-</Unicode>
                </TextEquiv>
            </TextLine>
            <TextLine id="tr_1_tl_7" custom="readingOrder {index:6;}">
                <Coords points="5236,1419 5276,1416 5290,1430 5304,1422 5318,1436 5374,1433 5386,1444 5414,1425 5431,1433 5473,1428 5470,1360 5448,1360 5406,1340 5380,1349 5355,1340 5304,1377 5293,1365 5233,1371"/>
                <Baseline points="5252,1408 5341,1408 5431,1414 5478,1414"/>
                <TextEquiv>
                    <Unicode>with</Unicode>
                </TextEquiv>
            </TextLine>
            <TextLine id="tr_1_tl_8" custom="readingOrder {index:7;}">
                <Coords points="3857,1470 6066,1538 6063,1459 5640,1354 5386,1444 4954,1349 3857,1360"/>
                <Baseline points="3873,1456 3962,1462 4052,1468 4141,1474 4231,1474 4321,1474 4410,1468 4500,1474 4589,1474 4679,1480 4768,1480 4858,1480 4947,1486 5037,1486 5126,1486 5216,1486 5305,1486 5395,1486 5484,1486 5574,1492 5663,1492 5753,1486 5842,1492 5932,1492 6021,1492 6069,1492"/>
                <TextEquiv>
                    <Unicode>len,gnädigster Herzog, der Herr Kellermeis-</Unicode>
                </TextEquiv>
            </TextLine>
            <TextLine id="tr_1_tl_9" custom="readingOrder {index:8;}">
                <Coords points="3868,1693 3899,1696 3916,1676 3930,1681 3958,1670 3989,1642 4029,1656 4077,1653 4057,1515 4023,1521 3981,1509 3953,1529 3905,1512 3896,1523 3845,1529"/>
                <Baseline points="3873,1599 3962,1617 4052,1623 4082,1629"/>
                <TextEquiv>
                    <Unicode>ter.</Unicode>
                </TextEquiv>
            </TextLine>
            <TextLine id="tr_1_tl_10" custom="readingOrder {index:9;}">
                <Coords points="3845,1823 5834,1817 5832,1715 5682,1659 5166,1701 4477,1636 4390,1690 4192,1619 3843,1681"/>
                <Baseline points="3861,1760 3950,1772 4040,1772 4130,1772 4219,1778 4309,1778 4398,1778 4488,1778 4577,1778 4667,1778 4756,1784 4846,1784 4935,1784 5025,1790 5114,1790 5204,1790 5293,1796 5383,1796 5472,1796 5562,1796 5651,1796 5741,1790 5830,1796 5842,1790"/>
                <TextEquiv>
                    <Unicode>Herzog: Und das mit Recht,Herr Richter</Unicode>
                </TextEquiv>
            </TextLine>
            <TextLine id="tr_1_tl_11" custom="readingOrder {index:10;}">
                <Coords points="3840,1947 5786,1995 5930,1975 5930,1882 5318,1797 3837,1803"/>
                <Baseline points="3855,1921 3945,1927 4034,1927 4124,1927 4213,1927 4303,1927 4392,1933 4482,1933 4571,1933 4661,1933 4750,1933 4840,1933 4929,1933 5019,1939 5108,1945 5198,1945 5287,1951 5377,1951 5466,1951 5556,1957 5645,1957 5735,1957 5825,1945 5914,1957 5938,1957"/>
                <TextEquiv>
                    <Unicode>Wogelein, denn er hat wohl geadnt, dass er</Unicode>
                </TextEquiv>
            </TextLine>
            <TextLine id="tr_1_tl_12" custom="readingOrder {index:11;}">
                <Coords points="3840,2136 5840,2119 5837,2000 5631,1961 5005,2017 3837,1947"/>
                <Baseline points="3855,2065 3945,2076 4034,2082 4124,2082 4213,2082 4303,2082 4392,2082 4482,2082 4571,2088 4661,2088 4750,2088 4840,2088 4929,2094 5019,2094 5108,2094 5198,2100 5287,2100 5377,2100 5466,2100 5556,2106 5645,2106 5735,2100 5825,2100 5848,2100"/>
                <TextEquiv>
                    <Unicode>ihm selbst noch teuerer wird zu stehen</Unicode>
                </TextEquiv>
            </TextLine>
            <TextLine id="tr_1_tl_13" custom="readingOrder {index:12;}">
                <Coords points="3826,2291 5888,2274 5885,2164 5738,2124 3823,2161"/>
                <Baseline points="3837,2226 3927,2232 4016,2238 4106,2238 4195,2238 4285,2238 4374,2238 4464,2244 4553,2244 4643,2244 4732,2244 4822,2244 4911,2250 5001,2250 5090,2250 5180,2250 5269,2256 5359,2256 5449,2256 5538,2261 5628,2261 5717,2261 5807,2261 5896,2261"/>
                <TextEquiv>
                    <Unicode>kommen. Und dabei ist es noch ein Glück</Unicode>
                </TextEquiv>
            </TextLine>
            <TextLine id="tr_1_tl_14" custom="readingOrder {index:13;}">
                <Coords points="3828,2440 5942,2474 5922,2243 5521,2322 4788,2249 4520,2319 3826,2282"/>
                <Baseline points="3843,2381 3933,2387 4022,2387 4112,2393 4201,2393 4291,2393 4380,2393 4470,2393 4559,2399 4649,2399 4738,2399 4828,2399 4917,2405 5007,2405 5096,2399 5186,2405 5275,2405 5365,2411 5454,2411 5544,2411 5634,2417 5723,2423 5813,2417 5902,2417 5950,2411"/>
                <TextEquiv>
                    <Unicode>für ihn, dass ich ihn nur davongejagt und</Unicode>
                </TextEquiv>
            </TextLine>
            <TextLine id="tr_1_tl_15" custom="readingOrder {index:14;}">
                <Coords points="3834,2553 6071,2627 6069,2505 5713,2449 3834,2443"/>
                <Baseline points="3849,2536 3939,2542 4028,2542 4118,2548 4207,2548 4297,2548 4386,2548 4476,2554 4565,2548 4655,2548 4744,2554 4834,2554 4923,2554 5013,2554 5102,2560 5192,2560 5281,2560 5371,2560 5460,2566 5550,2566 5640,2572 5729,2572 5819,2572 5908,2572 5998,2572 6075,2572"/>
                <TextEquiv>
                    <Unicode>nicht einem so gestrengen Richter übergeben</Unicode>
                </TextEquiv>
            </TextLine>
            <TextLine id="tr_1_tl_16" custom="readingOrder {index:15;}">
                <Coords points="3803,2754 4001,2703 5327,2782 5710,2737 5707,2587 5222,2635 5115,2576 4726,2627 4565,2562 3800,2590"/>
                <Baseline points="3819,2697 3909,2697 3998,2697 4088,2697 4177,2703 4267,2703 4356,2703 4446,2709 4535,2709 4625,2709 4714,2709 4804,2709 4893,2715 4983,2715 5073,2715 5162,2715 5252,2715 5341,2715 5431,2721 5520,2721 5610,2721 5699,2721 5717,2727"/>
                <TextEquiv>
                    <Unicode>habe, als zum Exempel Ihr einer seid.</Unicode>
                </TextEquiv>
            </TextLine>
            <TextLine id="tr_1_tl_17" custom="readingOrder {index:16;}">
                <Coords points="3814,2912 3992,2926 4048,2897 4144,2928 4424,2906 4491,2937 4531,2926 4531,2748 4429,2737 4348,2762 4280,2728 3992,2717 3907,2723 3814,2773"/>
                <Baseline points="3831,2846 3921,2852 4010,2852 4100,2852 4189,2852 4279,2852 4368,2858 4458,2858 4535,2852"/>
                <TextEquiv>
                    <Unicode>Agnes: (Blick)</Unicode>
                </TextEquiv>
            </TextLine>
            <TextLine id="tr_1_tl_18" custom="readingOrder {index:17;}">
                <Coords points="3814,3081 4418,3019 6012,3072 6009,2875 5772,2954 5152,2872 3812,2914"/>
                <Baseline points="3831,3008 3921,3002 4010,3002 4100,3002 4189,3002 4279,3013 4368,3013 4458,3013 4547,3013 4637,3019 4726,3013 4816,3013 4905,3019 4995,3019 5084,3019 5174,3019 5264,3025 5353,3025 5443,3025 5532,3031 5622,3031 5711,3031 5801,3031 5890,3031 5980,3037 6016,3037"/>
                <TextEquiv>
                    <Unicode>Herzog: Ihr schaut verwundert, schöne Frau.</Unicode>
                </TextEquiv>
            </TextLine>
            <TextLine id="tr_1_tl_19" custom="readingOrder {index:18;}">
                <Coords points="3803,3165 6004,3219 6001,3098 5736,3120 5507,3038 4562,3078 4427,3022 4136,3089 3800,3033"/>
                <Baseline points="3819,3157 3909,3157 3998,3163 4088,3163 4177,3163 4267,3163 4356,3163 4446,3163 4535,3163 4625,3169 4714,3169 4804,3169 4893,3169 4983,3175 5073,3175 5162,3175 5252,3175 5341,3181 5431,3181 5520,3181 5610,3187 5699,3187 5789,3193 5878,3193 5968,3193 6010,3187"/>
                <TextEquiv>
                    <Unicode>Ja daheim, wie's wohl nicht anders möglich,</Unicode>
                </TextEquiv>
            </TextLine>
            <TextLine id="tr_1_tl_20" custom="readingOrder {index:19;}">
                <Coords points="3797,3340 6069,3411 6066,3275 5671,3213 4201,3236 3795,3168"/>
                <Baseline points="3813,3312 3903,3318 3992,3318 4082,3318 4171,3318 4261,3318 4350,3318 4440,3318 4529,3324 4619,3324 4708,3324 4798,3324 4888,3330 4977,3330 5067,3330 5156,3330 5246,3330 5335,3330 5425,3336 5514,3336 5604,3342 5693,3348 5783,3342 5872,3342 5962,3342 6051,3348 6069,3342"/>
                <TextEquiv>
                    <Unicode>als Eheherr mag er von mildrer Art sein und</Unicode>
                </TextEquiv>
            </TextLine>
            <TextLine id="tr_1_tl_21" custom="readingOrder {index:20;}">
                <Coords points="3792,3473 6009,3532 5981,3380 5087,3436 3792,3380"/>
                <Baseline points="3807,3467 3897,3473 3986,3473 4076,3473 4165,3473 4255,3473 4344,3479 4434,3479 4523,3479 4613,3485 4702,3485 4792,3485 4882,3485 4971,3485 5061,3485 5150,3485 5240,3485 5329,3491 5419,3491 5508,3491 5598,3491 5687,3491 5777,3497 5866,3497 5956,3497 6016,3503"/>
                <TextEquiv>
                    <Unicode>sogar nachsichtig,wenn es je vonnöten. Aber</Unicode>
                </TextEquiv>
            </TextLine>
            <TextLine id="tr_1_tl_22" custom="readingOrder {index:21;}">
                <Coords points="3803,3620 4497,3707 4762,3642 5908,3707 5908,3543 3800,3493"/>
                <Baseline points="3819,3616 3909,3622 3998,3628 4088,3622 4177,3628 4267,3634 4356,3634 4446,3634 4535,3634 4625,3634 4714,3634 4804,3634 4893,3634 4983,3634 5073,3634 5162,3640 5252,3640 5341,3640 5431,3640 5520,3646 5610,3646 5699,3646 5789,3646 5878,3652 5914,3652"/>
                <TextEquiv>
                    <Unicode>im Amty, ja, das ist er, wie es sich ziemt.</Unicode>
                </TextEquiv>
            </TextLine>
            <TextLine id="tr_1_tl_23" custom="readingOrder {index:22;}">
                <Coords points="3780,3828 5936,3817 5936,3690 5617,3662 3780,3673"/>
                <Baseline points="3795,3777 3885,3777 3974,3783 4064,3783 4153,3783 4243,3783 4332,3783 4422,3783 4512,3783 4601,3789 4691,3783 4780,3789 4870,3789 4959,3789 5049,3789 5138,3789 5228,3795 5317,3795 5407,3795 5496,3795 5586,3795 5675,3801 5765,3801 5854,3801 5944,3807 5950,3801"/>
                <TextEquiv>
                    <Unicode>Es war mir eine rechte Freude ihm zuzuse-</Unicode>
                </TextEquiv>
            </TextLine>
        </TextRegion>
    </Page>
</PcGts>
