3384 4216
2796 484 2912 637 15
897 502 2864 810 ort: (Mit ihm... Er setzt sich eben auch
1719 756 2347 843 Serpt der „ wit ihn“
891 789 2885 1011 an den Tisch.Soll ich's ihm verbie-
643 957 837 1112 ten?
634 1061 2951 1277 lgnes: Er ist wohl nicht die richtige Gesell-
631 1220 2811 1450 schaft für einen Amtsrichter. Das Sagt auch
604 1423 1100 1585 der Vater
604 1528 2909 1734 Adelbert: Kann ich ihn fortweisen? Wir waren
592 1713 2999 1893 Schulkameraden. Er ist viel in der herumgekom-
586 1848 2969 2042 men, er weiss mancherlei zu erzählen. Weil ich
610 1997 2912 2198 ein Richter bin, hör ich darum auf ein wensch
667 2156 3011 2332 zu sein? Oh, es wird sich noch weisen -bald.Eine
586 2320 2805 2500 andere Zeit wird kommen, alle Menschen sind
595 2461 2808 2673 gleich, auch die, die sich jetzt noch ducken
718 2598 2275 2826 ssen.Oh,wartet nur,wartel nur!
646 2718 2948 2939 gnes: (da sich Adelbert das dritte Glas ein-
795 2957 2984 3107 onken will) Ich denk, es ist genug,Adelbert.
1253 3074 2646 3199 en Reim.. Der ganze Hans... Ein graue
673 3095 2990 3274 delbert: Und weisst du denn auch, (die Flasche
927 3220 3020 3447 Hand haltend) dass er den xellermeister,
795 3277 891 3394 01
948 3409 2855 3585 vorzig Jahre in seines Vaters Diensten
1109 3555 2990 3726 Schimpf und Schande davongejagt hat?
1483 3708 2870 3935 herzoglichen Wein zu eignen.
