3448 4184
543 463 2943 707 Richter: Ich weiss sehr wohl, dass es fürstliche
543 636 2134 854 Gnaden nicht so gemeint haben.
555 812 2669 1024 Erzherzog: Wahrscheinlich niht. Aber man
555 943 2922 1143 könnte es doch so auffassen. Ich selber bekom-
552 1104 2833 1313 me immer neue Bedenkon. Wie wäre os, wenn man
564 1260 2567 1454 die Sache den Reichsgerichte vorlegte?
561 1436 2000 1657 Richter: pom Reichsgericht?
570 1528 2961 1803 Erzherzog: (lachend) Nun,so weit wollen wir es
576 1746 2892 1898 nicht treiben.Sie lassen sich h daran genügen,
573 1872 2928 2101 Herr Richter, dass ich Ihnen meine Entschuldi-
588 2030 2743 2206 gung persönlich vorgebacht habe. Leben Sie
600 2185 2845 2355 wohl, Herr Richter, schönste Frau, wahrhaftig,
597 2349 2892 2513 nochnals muss ich mein Bedauern aus sprechen,
606 2460 2806 2654 dass meine Einladung kein willigeres Gehör
600 2648 2952 2857 fand. Im übrigen wird mein Wagen in zwei Stun-
609 2761 1707 2991 den wieder hier sein
606 2946 2973 3125 Frau: Das ist nicht notwendig. Wenn fürstliche
609 3069 2507 3292 Gnaden mich gleich mitnehmen wollen-
612 3310 1564 3466 Erzherzog: Gewiss.
612 3436 2872 3588 Richter: Welche Kühnheit. Was fällt dir ein,
615 3504 2979 3842 Margarethe? Ich bitte um Vergebung,fürstliche
