6680 4360
3878 563 6043 744 Da nun Tobias Kleing schon frei war, sollte
3872 697 5930 892 Frau Agathe eine andere Gnade erbitten.
3866 878 6072 1032 Sie erbat sich mit dem Herzog in dem Wagen,
3866 1035 6078 1174 der indess in Ordnung gebracht worden war,
3866 1144 6138 1349 ein Stündchen spazieren zu fahren und woll-
3860 1340 6025 1488 te sich auch das Jagdschloss und den Park
3866 1471 6226 1672 besehen, an das sich irgend eine Jugenderinne-
3866 1613 4525 1788 rung knüpfte
3854 1812 6232 1981 Der Herzog erklärte sich gern bereit und ber¬
3854 1963 6226 2120 sprach dem Richter ihm die jungeFrau nach ei¬
3860 2108 5660 2286 ner Stunde wieder zurückzubringen.
3849 2247 6167 2414 Adam Wogelein blieb in ungeheuerem Zorn zu -
3860 2419 6066 2553 rück. Er wusste nicht,was tun. Am nächsten
5029 2508 5619 2609 in die Weite Welt.
3854 2565 6075 2746 lag ihm der Gedanke der Flucht.Denn er war
3866 2713 6206 2852 vollkommen überzeugt,dass mobias Kleug fürch-
3849 2867 6120 3036 terliche Rache an ihm nehmen werde. Zugleich
3843 2986 6072 3181 fühlte er eine namenlose Erbitterung gegen
3852 3181 6078 3345 Agathe und hätte er den rechten Mut gehabt,
3837 3330 6132 3519 so wäre er den Beiden michgeeilt, ins Schloss
5337 3484 6176 3594 Esacte, et naren
3854 3493 6155 3653 und hätte Beide umgebracht.
3837 3650 6019 3866 Ehe er noch zu einem Entschluss gekommen,
