3384 4232
381 391 605 549 2,1918
2710 368 2822 559 13
585 493 2835 763 Agnes: (Was sprichst dudenn se mit mir 3 Wahr.
559 737 2759 891 haftig, man soll nichts erzählen. Ich hätte
1046 848 1411 944 untler
191 858 2828 1079 dir nicht sagen sollen, dass ich ihn gesehen
806 1000 1135 1085 depuis
523 1013 2203 1200 habe Was hat er dir denn getan?
533 1191 2848 1352 Adelbert: Mir? Ich sage ja nicht, dass er mir
559 1316 2720 1493 was getan hatl Willst du mir die Worte im
539 1470 1562 1674 Mund verdrehen?
1641 1496 1980 1704 Schlicne
559 1615 2809 1835 Agnes: Was weisst du Bös-es von ihm? Nichts
1181 1713 3226 1838 sich“ selbst „ Viele müsse „ es un cedert weil. dass die vort und
2993 1809 3216 1950 Ocurnin
559 1825 2980 2013 Adelbert: Nichts, so glaubst du? Gle ich gestern
526 1934 2312 2105 sofort nach seiner Ankunft- -
549 2078 2986 2342 Agnes: Nun? Hat er sich schon Eine aufs Schloss
556 2263 1056 2437 genommen?
549 2394 2851 2565 Adelbert: Ah, denkst du an nichts anderes - -
546 2555 1684 2733 Agnes: Nun also, was?
553 2700 3032 2865 Adelbert: Solltest du's noch nicht gehört haben
549 2888 2986 3095 da du doch auch wusstest, dass er im Jagdschloss
536 3009 1348 3210 übernachtete -?
549 3174 3082 3394 Agnes: Nun, was? Weil es ebe heute in der Schwertigkeit im Todes¬
2818 3279 3184 3483 wondit
529 3315 2789 3506 Adelbert: Nun, es traf sich, dass der Tobias
585 3460 2894 3654 flenk in der Nähe des Seilosses umherstreifte
2312 3631 2871 3874 verbeten is.
605 3634 1440 3874 mit seiner Flinte
1713 3631 2042 3854 trenge
