3416 4152
605 483 2767 722 Richt er: Wer? Sie sind's? Was wollen Sie?
600 689 1891 887 Bauer: Ich komme danken.
611 842 2905 1031 Richter: Mir? Wofür? IJh habe Sie eingesperrt.
611 974 2395 1148 Ich habe Sie nicht herausgelassen.
582 1121 1897 1331 Bauer: Wer denn als Sie?
620 1277 2194 1472 Richter: Der Erzherzog selbst.
611 1457 2926 1616 Bauer: (lacht) Ja, der, der mich wegen ein paar
620 1571 2962 1754 dürren Aesten ins Gefängnis setzen liess. Sie
623 1751 2887 1909 haben mich natürlich verurteilen müssen. Ich
632 1873 3045 2077 verspreche Ihnen, ich werde dem Erzherzog nichts
626 2053 2989 2263 sagen, dass Sie mir gleich wieder die Türe ha-
629 2209 1649 2407 ben öfnen lassen.
638 2368 2791 2572 Richter: Wer hat Ihnen die Türe geöffnet?
629 2464 2836 2728 Bauer: Ich kenn ihn nicht. Es kam einer, der
635 2668 2881 2833 sagte mir, der Richter lässt Sie wieder frei
635 2839 1058 3012 und da —
635 2974 1508 3207 Richter: Was da?
638 3105 3024 3294 Bauer: Und noch ein Goldstück schickt er Ihnen
641 3309 2905 3447 dazu und trinken sie auch ein Glas Wein auf
647 3456 1178 3633 sein Wohl.
647 3507 2950 3807 Richter: Auch das noch. (für sich) Willst du
