6584 4152
3442 168 3817 364 21/3.1917.
2698 267 2865 512 39
4019 387 5469 702 Adelbert: Was mir hingehen?
850 441 2462 708 Hat Euch wer. gesehen?
867 659 2825 881 Tobias: ich hoffe nein. Bin quer durch
4073 679 6208 941 Tobias: Dass Ihr mir die Strafe nachgese-
867 836 2990 1006 die Felder gelaufen. Aber nun hab ich auch
4062 833 4304 981 hen.
4045 921 6285 1217 Adelbert: Was geht’s mich an? Was kümmert's
1364 998 1785 1174 G.C.F.P.
850 995 1276 1202 Durst.
861 1134 2811 1330 Adelbert: Ihr sollt gleich was haben.
4048 1128 5787 1379 Kuch? Lasst das meine Sorge sein.
4056 1254 4645 1492 Tobias: Ha!
890 1279 2572 1501 Tobias: Da stehn ja noch Gläser.
884 1413 2996 1623 Adelbert: Ja, trinkt nur (Aus diesemda. Wem
4053 1444 5287 1634 Adelbert: Was habt Ihr?
881 1580 2899 1777 Ihr ahntet wer aus diesem Glas hier ge-
4053 1566 6100 1802 Tobias: Schon der Reisesack bereit? Ha!
873 1771 2828 1944 trunken hat vor Euch. Wir haben einen
3977 1705 6265 1970 Doch nicht so weit her mit Euerer courage.
884 1902 2922 2081 Gast gehabt,einen fremden, einen vielge-
4031 1859 5074 2047 Es reut Euch schon?
4022 2004 4474 2118 Adelbert
873 2018 2865 2283 reisten. Aber davon später.Trinkt?!
4022 2021 5642 2240 xxx Was sollte mich reuen?
4031 2197 6077 2396 Kobias: Wohin wollt Ihr denn? Freilich,
895 2223 2197 2436 Tobias: Ihr seid allein?
2302 2206 2533 2419 G.H.F.P
4025 2368 6035 2521 Ihr seid nahe an der Grenze. ein halbes
878 2362 2547 2575 Adelbert: Ihr seht wohl..
4014 2453 6222 2771 stündchen und Ihr seid sicher vor des Her-
884 2490 2513 2715 Tobias: Euere Frau -
4306 2621 4736 2743 Vazeltius
890 2669 2985 2874 Adelbert: Ein wenig spazieren. Laue Früh-
4022 2698 4611 2840 zogs Rache.
4016 2769 6168 3022 Edelbert: Ihr seid wohl toll,Tobias?Soll-
878 2806 2436 3005 lingeluft.
1916 2908 2970 3084 in and Leaks the Cents
3997 2982 6174 3149 te mir Euer bischen Freiheit so viel wert
915 2976 2518 3167 Tobias: Und Ihr?
901 3101 2908 3374 Adlbert: Wieso -und Ihr? Wie meint Ihr
4016 3098 6163 3363 sein, dass ich darum hier Ant und Haus und
4005 3286 5153 3496 Frau aufgeben sollte?
870 3317 1524 3479 das?
898 3422 2990 3675 Tobias: Denkt Ihr, er lässt es Euch hin-
3997 3420 6174 3653 Tobias: Meine Freiheit nicht, das denk ich
4011 3599 5176 3843 schon, aber Euer Leben.
895 3607 1438 3837 gehen?
