3368 4040
2607 243 2702 465 6
547 398 2689 686 Agnes: Bei Gericht? Und das sagst du erst
575 562 2977 784 jetzt? Warum war er bei Gericht? Du verschweigst
540 720 2787 973 mir was,Adelbert? Warum war er just bei Ge-
2105 923 2601 1122 gleich, du
544 945 2060 1141 richt? Oh, ich weiss, sag’s nur
547 1106 1874 1258 bist deines Amts entsetzt.
891 1201 1191 1302 (a)
534 1172 2951 1375 Adelbert: Ich? Wieso? Was fällt dir ein?
1795 1340 1924 1441 G.C.F.S
1552 1346 1770 1441 dibh.
891 1359 1255 1498 not to work.
547 1343 2743 1589 Agnes: man hat Klage gegen dich geführt: Es
2487 1479 2661 1564 1 1 e 7
705 1514 2130 1599 — Edelt. wer hebbe wie derk.
2895 1428 3198 1612 was de
253 1555 2790 1732 Om. & kam ihm zu Ohren, wie man dir längst prophe-
2863 1583 3049 1776 sen.
815 1637 2048 1741 Monsieur
556 1691 2474 1899 zaiht, dass du so böse Reden führst...
1280 1801 1811 1902 n vee
2357 1785 2487 1861 14 J
556 1795 2879 2000 Adelbert: Böse Reden ich:- über seine Gnaden,
559 1947 2560 2139 wiese toze Reden.
2417 1997 3049 2168 P.T. de Hurry
1890 2054 2161 2190 it ine
891 2108 1479 2218 Bue Rede.
1583 2082 1716 2203 le
544 2146 2857 2361 Agnes: /Hab-er- ihn, über alle Fürsten und hohen
2455 2234 3132 2367 Abe u. seit
957 2263 1912 2364 that I goede to it.
1741 2307 3217 2484 Sie es nicht? Coll di meunt is
547 2354 1564 2474 Herren. Meinst du, me
550 2443 2904 2654 Adelbert: Das ist mir neu,Agnes,dass du mein
562 2547 2951 2759 ehrliches, freies Wort, mit dem ich vor dir
2095 2695 2635 2825 voge wilde
594 2737 1905 2825 an dem die mir verhand nur
556 2787 2942 2929 natürlich nicht zurückhalte, böse Reden nennst.
562 2879 2771 3141 Agnes: Ach, wär's nur vor mir. Aber auch im
569 3027 2879 3239 Wirtshaus. Gestern esst sprach der Vater wie-
243 3081 468 3214 mete
569 3267 1097 3441 der davon.
553 3321 2616 3574 Adelbert: Nun ja, dem Herrn Burgemeister
600 3476 2737 3798 scheint eines freien Mannes Rede bald böse.
