3368 4168
184 304 638 430 5/2. 1916
584 521 3003 701 Die Frau des Richters allein zu Hause. Der Rich-
641 731 1435 839 ter kommt heim.
626 827 2795 996 Richter: Das ist ein junger Erzherzog. Ein
632 1014 2961 1146 Schurke. Ja, wild und frech liess ich gelten! -
638 1191 1673 1294 und der gefällt dir.
641 1339 2684 1477 Frau: Was ist sein neuestes Verbrechen?
632 1483 2940 1619 Richter: Arme Leute, die ein bischen Holz aus
2232 1571 2822 1679 us sefangen sahe
635 1655 2955 1760 seinem Wald gestohlen, lässt er einsperren.Um
2226 1730 2888 1808 den Ritterwehrer
641 1799 2419 1902 ein paar Groschen handelt es sich.
641 1959 1604 2064 Frau: Ist os wahr?
638 2052 3006 2220 Richter: Denkst du, ich lüge dich an Arme Leu-
641 2205 2994 2368 te um ein paar Groschen. Wir brauchen eine Re-
641 2431 1119 2530 volution.
641 2524 2906 2750 Frau: Mach sie doch.Wer fährt hier vor? Ist
656 2732 1992 2828 es möglich? Der Erzherzog.
644 2861 2410 3024 Richter: Er fährt in sein Schloss.
647 2937 3033 3144 Frau: Der Wagen hält.Er steigt aus. Was hat dem
647 3201 1309 3295 zu bedeuten?
1086 3268 2500 3550 vorhe eine sien: Frau nie.
