3448 4232
2552 322 2701 517 20
744 503 1256 690 ter esset
606 632 897 845 C.M.
960 546 2701 899 Wir sind mit unserem bescheidenen
1946 759 2040 920 G.F.P.
632 845 1253 1035 Mahl zu Ende
612 865 2920 1207 Herzog: Aber noch nicht mit dem Trunkwie ich
609 1129 2750 1310 sehe. Die Gläser sind noch halb gefüllt. Und
609 1273 2756 1486 sollte noch eins im Hause sein,so wär ich
264 1305 566 1552 anden
612 1431 2753 1650 Euch recht dankbar, wenn Ihr mir auch ein
681 1566 773 1650 G.F.P.
626 1609 1494 1802 schenken wolltet.
615 1744 2647 1931 Agnes: (bringt aus dem Schrank ein Glas)
618 1891 2928 2072 Adelbert: (bietet dem Herzog mit übertriebener
626 2046 2584 2247 Ehrfurcht einen Platz an dem Tisch an
1917 2138 2178 2244 wohnt
624 2196 2762 2397 Herzog: (setzt sich) Ihr xxx hier sehr
615 2351 2716 2569 behaglich.Schon von der Strasse sieht
629 2543 2098 2716 das Haus sehr freundl ich aus
624 2675 2923 2851 Adelbert: Es ist nicht mein Besitz, allergnä-
635 2765 2877 3035 digst er Herzog,vielmehr, da mein Eheweib die
638 2994 2310 3184 Tochter des Bürgermeisters ist,.
632 3124 2877 3313 Herzog: Da habt Ihr es in jeder Art gut ge-
635 3282 2492 3517 troffen, mit Frau und Schwiegervater.
644 3448 1854 3667 Agnes: (schenkt Wein ein
693 3512 2969 3799 erzog: Schönen Dank. Aber wollt Ihr mir nicht
