3448 4232
2847 429 2962 579 22
831 517 2962 775 selbert: Sechs Groschen die Flasche.Nicht
772 718 3145 905 wahr,Agnes, du hast es doch wohl aufgeschrieben?
760 872 3083 1115 Ja er liess sich ihn gut bezahlen, der Keller
730 999 1159 1250 meister.
733 1135 2936 1413 Herzog: Mit Recht,Herr Richter Wogelein.Er
727 1316 2956 1576 muss wohl geshnt haben, dass er selbst ein¬
733 1484 2891 1718 mal noch teuerer wird bezahlen müssen. Und
736 1632 3054 1857 dabei ist es noch ein Glück für ihn, dass ich
727 1851 3039 1995 mir daran genügen liess ihn einfach davonzu-
745 1981 2891 2179 jagen und nicht noch zum Ueberfluss einem
718 2096 2835 2356 so gestrengen Richter übergeben habe, als
718 2291 1487 2421 Ihr einer seid
715 2406 1437 2643 Agnes: (Blick)
710 2507 2909 2770 Herzog: Ihr schaut verwundert,schöne Frau.
710 2770 2865 2959 Ja, daheim, ich kann es mir wohl denken, als
698 2903 2844 3080 Sheherr,mag er von milderer Art sein,und
701 3080 2906 3276 sogar nachsichtig, wenn es jemals vonnöten
751 3166 2817 3435 wäre. Aber im Amt- (zu Agnes
721 3364 2838 3542 da ist er wie ein Pichter eben sein soll.
683 3548 2995 3754 Es war mir eine rechte Herzensfreude zuzuse-
