3336 3960
582 552 2926 746 Wüstlinge alle. Ist eine Unschuld im Lande si-
582 713 2981 861 cher vor ihren Lüsten? Woher kamen sie denndie
561 858 2902 1022 hundertsechzig Gartenmägdlein,die bei dem Va.
570 1007 2896 1198 ter unseres Herzogs.bei dem gottseligen Bern.
555 1177 2966 1340 hard Friedrich höchst reizend angetan als Hei-
555 1334 2869 1531 ducken und Husaren ihren Dienst machten? Bei
564 1495 2826 1647 Tafel, Spazierritt und Fahrt? sind sie etwa
158 1528 558 1716 Manchejamp
558 1631 2969 1792 alle mit freiem Willen in das Schloss gezogen?
155 1677 525 1850 du 1 heures
2277 1750 2493 1832 gnes
552 1771 2854 1974 Eine Base von mir war auch drunter! Es sollen
164 1816 470 1983 un tolias.
543 1929 2705 2120 sich manche ganz wohl dort behagt haben.
540 2086 2775 2244 Adelbert: Dirnchen geborene,die gibt aller-
531 2211 1807 2377 orten.
2123 2253 2229 2387 G.F.P.
885 2332 1249 2444 t-t-frage ce
1243 2326 1747 2471 avec Herry
531 2377 2823 2578 Agnes: Ob der Junge auch schon seine Garten-
519 2541 1310 2714 mägdlein hat?
528 2678 2935 2884 Adelbert: Geduld.Willst du dich melden? Willst
1671 2808 1780 2905 4a
516 2829 2948 2996 du die Erste sein? Er hat dich freundlich ange¬
519 3008 2945 3178 lächelt warüm hast du ihm nicht gewinkt?
895 3111 1668 3208 in Tverstis viel, 23d
531 3178 2802 3354 ###gnussz mach dich auf den Weg, lauf dem Wagen
519 3311 2923 3469 nach, er kann noch nicht weit sein. Auch sind es
506 3466 2772 3688 nicht mehr als sechs Stunden in die Residen-
