3400 4120
2767 324 2899 504 10
678 513 3046 654 so triumphieren,-Ihr habt es leicht. Ihr müsst
684 639 3043 857 immer Recht behalten. Was machen sie noch da?
672 795 1679 963 Hol Sie der Teufel.
681 896 3038 1190 Bauer: Meine ewige Dankbarkeit können Sie mir
681 1117 2678 1285 doch nicht verbieten. Aber der Andere -
686 1267 2121 1470 Richter: Von wem reden Sie?
686 1373 3014 1612 Bau er: Der mich ins Gefängnis sperren liess,
686 1541 2987 1774 Der Erzherzog, aber er soll es mir entgelten.
681 1691 2987 1909 Richter: Hendoch mei mThn Sie, was Sie wollen.
689 1889 1945 2112 Entgelten soll er's, ja.
686 2110 2911 2333 Kostüm.Mitte des 18.Jahrhunderts.Fürst von
684 2372 1064 2531 Dessau
686 2431 2961 2731 Eventuell liess es sich auch altitalienisch
698 2634 1688 2876 führen als Novelle.
793 2914 2787 3114 das Herzog würde zu sich – die Wasser zu machen.
810 3032 2663 3256 Oder - Richte mit dem Bonen durch eine
934 3182 2793 3362 in Plunentere Thies hinaus - noch einige Zeit
928 3317 2083 3488 Brunnen, Frau u Heisrs.
1067 3368 2752 3606 Esbakauffsoll u. durch hier: de Richter
916 3536 2507 3721 Brunal... Wie ist mit eben verblieren.”
955 3645 3105 3883 Oder i Richte greift es bejouis auf: - J. a. w.
1087 3824 2787 3960 auf ein Schloss gefahren. Sie glauben, er heu¬
