6600 4136
2615 316 2804 480 31
822 428 2915 702 auf weder gegen die göttliche Weltordnung
4084 441 6044 691 lig aus dem Bereich jeder Möglichkeit
813 614 2829 827 noch gegen meines Fürsten Weisheit, noch
4098 669 6027 872 liegt, als verlangtet Ihr von mir, ich
775 775 2771 1005 gegen eines Richters Spruch. Ich weiss
4084 813 6086 1008 sollte morgen um einen Tag jünger sein
3837 919 4023 1141 7.
783 961 2865 1102 nichts anderes, als dass nach meines gnä¬
4953 969 5605 1102 re Rold indem
4070 961 4584 1155 als heute
4706 1044 5999 1202 in this hand. He was at
4062 1116 4350 1222 eieilen
3484 1102 4003 1283 entreur dans
752 1088 2765 1266 digsten Herzogs eigenem Anbot in meine
4073 1166 6141 1327 Agnes: So ist die Strafe bereits vollzo-
4267 1277 5711 1455 milleurs. et il la
772 1241 2882 1424 Hand gelegt ist in einem einzigen gerin-
3617 1233 3942 1452 B 1a 1 m
4078 1349 4317 1458 gen?
4758 1371 5650 1560 Eur Pile huis, soit
752 1416 2890 1594 gen Fall zwar nicht Unrecht in Recht,aber
4056 1433 6111 1682 Herzog: Nein. / Aber ich habe aus eigener
800 1541 2690 1752 Gefängnis in Freiheit, Erbitterung in
4067 1588 5972 1755 Machtvollkommenheit) den Tobias Klenk
761 1680 2787 1899 Dankbarkeit, Unglück in Glück und viel-
4056 1730 6055 1960 die vom Richter Adelbert Wogelein ver-
672 1841 2901 2068 leicht ein aufrührerisch verwirrtes Gemüt
4720 1891 5125 1999 bereil
4053 1891 6177 2104 hängte strafe/nachgesehen. Habt Ihr dawi-
1380 2002 1671 2082 von dHn
797 2013 2812 2243 in ein beruhigtes treues) zu wandeln.Und
3537 2013 3745 2177 lge
4461 2052 4617 2154 P.S.
4053 2046 6191 2238 der etwas einzuwenden, Richter Wogelein?
788 2140 2829 2368 so denk ich, wär es nicht wohlgetan, wenn
3540 2146 4034 2385 reim Jdo-
4059 2207 6122 2390 so steht Euch der Weg ans Reichsgericht
744 2302 2632 2526 ich von dieser Macht nicht Gebrauch
3506 2351 3992 2510 ie xxx
4375 2379 5605 2524 ra mr ow. seb isw nei now
4037 2357 4345 2524 frei.
1582 2468 2338 2649 gebracht sein. xxx
761 2496 1210 2662 machte.
4042 2457 6166 2765 Adelbert: Meine richterliche Pflicht ist
777 2585 2887 2801 Herzog: Leider aber richtet Ihr den ein-
4473 2665 4653 2760 une
4048 2665 6177 2843 es, eine gesetzliche strafe nach gewissen
777 2768 2860 2984 zigem Wunsch an mich, den zu erfüllen ich
3726 2807 3962 2957 aasb
4028 2815 6194 3032 haftem Ermessen zu verhängen. Aber meinem
763 2910 2768 3140 völlig ausser Stande bin. Einen andern,
3506 2904 3684 3109 leur
4037 2965 6105 3159 gnädigsten Herzog steht es zu Gnade für
752 3076 1918 3282 schöne und edle Frau.
3662 3065 3881 3240 dans cette
4031 3148 6027 3318 Recht zu üben. So haben vor Gott Herzog
766 3229 2507 3440 Agnes: Ich habe keinen andern.
4031 3284 6047 3454 und Richter ihres Amts gewaltet,Tobias
772 3418 2821 3587 Herzog: Auch wenn ich Euch erkläre, dass
4042 3440 6152 3642 Klenk aber mag sich der Freiheit freuen,
772 3579 2735 3737 ich Buch die Erfüllung nicht etwa aus
4023 3592 5772 3848 und über seinem Rachewerk brüten.
761 3695 2904 3923 Laune verweigere, sondern dass sie so völ¬
