<?xml version="1.0" encoding="UTF-8" standalone="yes"?>
<PcGts xmlns="http://schema.primaresearch.org/PAGE/gts/pagecontent/2013-07-15" xmlns:xsi="http://www.w3.org/2001/XMLSchema-instance" xsi:schemaLocation="http://schema.primaresearch.org/PAGE/gts/pagecontent/2013-07-15 http://schema.primaresearch.org/PAGE/gts/pagecontent/2013-07-15/pagecontent.xsd">
    <Metadata>
        <Creator>prov=READ-COOP:name=TrHtr:version=2.1.0:model_id=51170:date=14_08_2023_11:29</Creator>
        <Created>2023-05-10T14:17:29.109+02:00</Created>
        <LastChange>2023-08-14T11:29:27.639+02:00</LastChange>
        <TranskribusMetadata docId="1428609" pageId="55418498" pageNr="131" tsid="132796644" status="IN_PROGRESS" userId="64420" imgUrl="https://files.transkribus.eu/Get?id=LUIRZWKFTBUYQLOMSIPJRMCG&amp;fileType=view" xmlUrl="https://files.transkribus.eu/Get?id=LPJYQHEDZHWISRDNPMZXPNIA" imageId="44692602"/>
    </Metadata>
    <Page imageFilename="1428609_0131.jpg" imageWidth="3208" imageHeight="4024">
        <ReadingOrder>
            <OrderedGroup id="ro_1711787826383" caption="Regions reading order">
                <RegionRefIndexed index="0" regionRef="tr_2"/>
                <RegionRefIndexed index="1" regionRef="tr_1"/>
            </OrderedGroup>
        </ReadingOrder>
        <TextRegion id="tr_2" custom="readingOrder {index:0;}">
            <Coords points="397,302 2829,302 2829,1798 397,1798"/>
            <TextLine id="tr_2_tl_1" custom="readingOrder {index:0;}">
                <Coords points="2516,417 2552,414 2561,423 2576,411 2631,454 2664,460 2661,206 2606,215 2555,187 2513,197"/>
                <Baseline points="2531,352 2576,355 2620,352 2665,355 2668,355"/>
                <TextEquiv>
                    <Unicode>14</Unicode>
                </TextEquiv>
            </TextLine>
            <TextLine id="tr_2_tl_2" custom="readingOrder {index:1;}">
                <Coords points="378,587 2761,559 2764,429 2576,414 789,478 384,405"/>
                <Baseline points="397,558 438,558 483,555 528,555 573,555 617,558 662,555 707,555 752,555 797,552 841,552 886,549 931,549 976,546 1020,546 1065,543 1110,543 1155,543 1200,540 1244,537 1289,537 1334,537 1379,534 1423,534 1468,537 1513,537 1558,534 1603,531 1647,528 1692,528 1737,528 1782,528 1826,525 1871,525 1916,525 1961,522 2006,525 2050,522 2095,519 2140,522 2185,519 2229,519 2274,516 2319,516 2364,513 2409,513 2453,513 2498,510 2543,510 2588,507 2632,504 2677,504 2722,501 2767,498"/>
                <TextEquiv>
                    <Unicode>lohnen, sich davon imponieren zu lassen,kanzelt</Unicode>
                </TextEquiv>
            </TextLine>
            <TextLine id="tr_2_tl_3" custom="readingOrder {index:2;}">
                <Coords points="384,756 2213,674 2634,741 2688,565 1161,644 871,584 384,668"/>
                <Baseline points="400,710 408,710 453,710 498,710 543,713 588,710 632,710 677,710 722,710 767,710 811,707 856,707 901,704 946,701 991,701 1035,701 1080,698 1125,698 1170,695 1214,695 1259,692 1304,692 1349,692 1394,692 1438,689 1483,689 1528,689 1573,686 1617,686 1662,683 1707,680 1752,677 1797,680 1841,677 1886,677 1931,677 1976,677 2020,677 2065,674 2110,674 2155,674 2200,671 2244,671 2289,668 2334,665 2379,665 2423,665 2468,662 2513,662 2558,662 2603,659 2647,659 2692,653"/>
                <TextEquiv>
                    <Unicode>er ihn jetzt herunter, verweist ihn seine Un</Unicode>
                </TextEquiv>
            </TextLine>
            <TextLine id="tr_2_tl_4" custom="readingOrder {index:3;}">
                <Coords points="381,904 2567,877 2746,856 2749,723 1467,789 1246,720 384,816"/>
                <Baseline points="397,868 423,868 468,865 513,865 558,862 603,862 647,862 692,862 737,862 782,859 826,856 871,856 916,853 961,856 1005,853 1050,853 1095,850 1140,850 1185,850 1229,850 1274,847 1319,847 1364,847 1408,844 1453,844 1498,844 1543,841 1588,838 1632,838 1677,838 1722,835 1767,832 1811,832 1856,835 1901,832 1946,832 1991,832 2035,829 2080,829 2125,826 2170,826 2214,826 2259,826 2304,826 2349,823 2394,820 2438,820 2483,820 2528,817 2573,817 2617,814 2662,811 2707,811 2752,811"/>
                <TextEquiv>
                    <Unicode>reife, sein Geschwätz und beschliesst ihn zwar</Unicode>
                </TextEquiv>
            </TextLine>
            <TextLine id="tr_2_tl_5" custom="readingOrder {index:4;}">
                <Coords points="381,1031 2404,1070 2634,992 2625,889 384,907"/>
                <Baseline points="397,1026 402,1023 447,1020 492,1017 537,1020 582,1017 626,1017 671,1017 716,1017 761,1014 805,1011 850,1011 895,1011 940,1011 985,1008 1029,1005 1074,1005 1119,1003 1164,1003 1208,1003 1253,1003 1298,1000 1343,1000 1388,1000 1432,997 1477,994 1522,997 1567,994 1611,994 1656,994 1701,991 1746,991 1791,991 1835,988 1880,988 1925,985 1970,985 2014,985 2059,982 2104,982 2149,979 2194,979 2238,979 2283,979 2328,979 2373,976 2417,976 2462,976 2507,973 2552,970 2597,967 2641,964"/>
                <TextEquiv>
                    <Unicode>nicht als Mörder oder als Revolutionär,son</Unicode>
                </TextEquiv>
            </TextLine>
            <TextLine id="tr_2_tl_6" custom="readingOrder {index:5;}">
                <Coords points="390,1188 2661,1131 2609,1046 2207,1025 393,1086"/>
                <Baseline points="408,1176 429,1176 474,1173 519,1173 564,1173 608,1173 653,1170 698,1170 743,1170 788,1170 832,1170 877,1167 922,1164 967,1164 1011,1161 1056,1164 1101,1161 1146,1161 1191,1161 1235,1161 1280,1158 1325,1155 1370,1155 1414,1155 1459,1155 1504,1152 1549,1152 1594,1149 1638,1149 1683,1146 1728,1143 1773,1143 1817,1140 1862,1137 1907,1137 1952,1137 1997,1137 2041,1134 2086,1134 2131,1134 2176,1131 2220,1128 2265,1128 2310,1131 2355,1131 2400,1128 2444,1128 2489,1125 2534,1125 2579,1122 2623,1122 2668,1122"/>
                <TextEquiv>
                    <Unicode>dern als einen ganz gewöhnlichen Nichtsnutz</Unicode>
                </TextEquiv>
            </TextLine>
            <TextLine id="tr_2_tl_7" custom="readingOrder {index:6;}">
                <Coords points="1959,1228 2044,1210 2189,1237 2213,1213 2334,1228 2407,1206 2464,1225 2552,1200 2646,1222 2649,1134 2479,1152 2452,1176 2213,1140 2126,1164 2080,1140 1959,1158"/>
                <Baseline points="1976,1208 1982,1208 2026,1208 2071,1208 2116,1208 2161,1208 2206,1206 2250,1206 2295,1208 2340,1208 2385,1208 2429,1206 2474,1206 2519,1203 2564,1200 2609,1200 2653,1200"/>
                <TextEquiv>
                    <Unicode>nach nächst zu erheben seyn,</Unicode>
                </TextEquiv>
            </TextLine>
            <TextLine id="tr_2_tl_8" custom="readingOrder {index:7;}">
                <Coords points="387,1330 2522,1336 2730,1309 2733,1185 387,1276"/>
                <Baseline points="405,1325 411,1325 456,1325 501,1325 546,1328 591,1322 635,1325 680,1322 725,1322 770,1322 814,1322 859,1319 904,1316 949,1313 994,1313 1038,1313 1083,1313 1128,1313 1173,1310 1217,1310 1262,1310 1307,1307 1352,1307 1397,1307 1441,1304 1486,1304 1531,1301 1576,1301 1620,1298 1665,1298 1710,1295 1755,1298 1800,1295 1844,1295 1889,1292 1934,1292 1979,1292 2023,1289 2068,1289 2113,1286 2158,1286 2203,1286 2247,1283 2292,1283 2337,1280 2382,1280 2426,1280 2471,1277 2516,1277 2561,1274 2606,1271 2650,1271 2695,1268 2740,1274"/>
                <TextEquiv>
                    <Unicode>in den Arrest setzen zu lassen. Fast bedauerte</Unicode>
                </TextEquiv>
            </TextLine>
            <TextLine id="tr_2_tl_9" custom="readingOrder {index:8;}">
                <Coords points="402,1500 2764,1497 2767,1358 405,1415"/>
                <Baseline points="420,1477 444,1480 489,1480 534,1480 579,1477 623,1477 668,1477 713,1477 758,1474 803,1471 847,1471 892,1468 937,1474 982,1471 1026,1468 1071,1468 1116,1468 1161,1468 1206,1465 1250,1465 1295,1462 1340,1459 1385,1459 1429,1459 1474,1459 1519,1456 1564,1453 1609,1453 1653,1453 1698,1450 1743,1450 1788,1447 1832,1450 1877,1447 1922,1441 1967,1444 2011,1444 2056,1441 2101,1444 2146,1441 2191,1441 2235,1438 2280,1435 2325,1435 2370,1435 2414,1432 2459,1432 2504,1432 2549,1429 2594,1429 2638,1429 2683,1426 2728,1426 2773,1429"/>
                <TextEquiv>
                    <Unicode>er es die junge Frau wieder in das Haus ihres</Unicode>
                </TextEquiv>
            </TextLine>
            <TextLine id="tr_2_tl_10" custom="readingOrder {index:9;}">
                <Coords points="390,1690 2646,1624 2824,1603 2827,1482 393,1554"/>
                <Baseline points="411,1632 456,1629 501,1629 546,1629 591,1629 635,1626 680,1626 725,1626 770,1626 814,1626 859,1623 904,1623 949,1620 994,1620 1038,1617 1083,1617 1128,1617 1173,1614 1217,1617 1262,1614 1307,1614 1352,1614 1397,1611 1441,1611 1486,1611 1531,1609 1576,1609 1620,1609 1665,1606 1710,1606 1755,1606 1800,1603 1844,1600 1889,1597 1934,1597 1979,1597 2023,1597 2068,1594 2113,1594 2158,1591 2203,1594 2247,1594 2292,1591 2337,1588 2382,1588 2426,1588 2471,1585 2516,1585 2561,1585 2606,1582 2650,1582 2695,1579 2740,1579 2785,1579 2829,1579"/>
                <TextEquiv>
                    <Unicode>Gatten zurückgebracht zu haben und sein letzte,</Unicode>
                </TextEquiv>
            </TextLine>
            <TextLine id="tr_2_tl_11" custom="readingOrder {index:10;}">
                <Coords points="396,1796 2736,1787 2764,1639 399,1693"/>
                <Baseline points="414,1788 441,1785 486,1785 531,1785 576,1785 620,1785 665,1782 710,1782 755,1782 800,1779 844,1779 889,1776 934,1773 979,1776 1023,1776 1068,1773 1113,1770 1158,1770 1203,1770 1247,1770 1292,1770 1337,1767 1382,1764 1426,1764 1471,1761 1516,1761 1561,1761 1606,1761 1650,1758 1695,1758 1740,1758 1785,1755 1829,1755 1874,1755 1919,1755 1964,1749 2009,1749 2053,1749 2098,1752 2143,1749 2188,1746 2232,1746 2277,1743 2322,1743 2367,1743 2412,1740 2456,1737 2501,1737 2546,1734 2591,1737 2635,1734 2680,1734 2725,1734 2770,1731"/>
                <TextEquiv>
                    <Unicode>Wort an sie ist: „Wann immer Ihr Euch bei mir</Unicode>
                </TextEquiv>
            </TextLine>
        </TextRegion>
        <TextRegion id="tr_1" custom="readingOrder {index:1;}">
            <Coords points="423,1836 2847,1836 2847,3484 423,3484"/>
            <TextLine id="tr_1_tl_1" custom="readingOrder {index:0;}">
                <Coords points="405,1947 2422,1953 2736,1908 2740,1775 1382,1875 871,1808 405,1893"/>
                <Baseline points="423,1946 462,1943 507,1940 552,1940 597,1943 641,1940 686,1937 731,1934 776,1934 820,1931 865,1931 910,1931 955,1931 1000,1931 1044,1931 1089,1925 1134,1925 1179,1922 1223,1922 1268,1919 1313,1922 1358,1922 1403,1922 1447,1922 1492,1919 1537,1919 1582,1916 1626,1913 1671,1913 1716,1913 1761,1913 1806,1910 1850,1907 1895,1907 1940,1904 1985,1904 2029,1904 2074,1901 2119,1901 2164,1898 2209,1898 2253,1898 2298,1895 2343,1892 2388,1895 2432,1892 2477,1892 2522,1889 2567,1892 2612,1889 2656,1889 2701,1886 2746,1889"/>
                <TextEquiv>
                    <Unicode>zur Audienz melden wollt, Ihr werdet mir will</Unicode>
                </TextEquiv>
            </TextLine>
            <TextLine id="tr_1_tl_2" custom="readingOrder {index:1;}">
                <Coords points="414,2129 2328,2086 2401,2074 2404,1975 417,2017"/>
                <Baseline points="432,2092 438,2095 483,2095 528,2095 573,2092 617,2092 662,2092 707,2092 752,2089 797,2089 841,2089 886,2086 931,2086 976,2083 1020,2083 1065,2083 1110,2080 1155,2074 1200,2068 1244,2065 1289,2065 1334,2065 1379,2065 1423,2065 1468,2068 1513,2068 1558,2062 1603,2062 1647,2059 1692,2056 1737,2056 1782,2053 1826,2050 1871,2050 1916,2050 1961,2047 2006,2044 2050,2047 2095,2044 2140,2044 2185,2041 2229,2041 2274,2041 2319,2038 2364,2035 2409,2038"/>
                <TextEquiv>
                    <Unicode>kommen sein. Adieu estat dei Haar gegen nie</Unicode>
                </TextEquiv>
            </TextLine>
            <TextLine id="tr_1_tl_3" custom="readingOrder {index:2;}">
                <Coords points="481,2247 1533,2280 2047,2177 2510,2298 2779,2235 2785,2071 1470,2165 484,2129"/>
                <Baseline points="498,2229 501,2226 546,2226 591,2229 635,2229 680,2229 725,2229 770,2229 814,2229 859,2226 904,2226 949,2226 994,2223 1038,2223 1083,2223 1128,2220 1173,2217 1217,2217 1262,2212 1307,2212 1352,2212 1397,2212 1441,2212 1486,2212 1531,2206 1576,2203 1620,2197 1665,2194 1710,2188 1755,2188 1800,2185 1844,2182 1889,2176 1934,2176 1979,2173 2023,2173 2068,2173 2113,2173 2158,2170 2203,2170 2247,2164 2292,2161 2337,2158 2382,2155 2426,2158 2471,2155 2516,2152 2561,2152 2606,2149 2650,2149 2695,2146 2740,2143 2785,2143"/>
                <TextEquiv>
                    <Unicode>Es daverte with large,... dis. Agathe..... ne</Unicode>
                </TextEquiv>
            </TextLine>
            <TextLine id="tr_1_tl_4" custom="readingOrder {index:3;}">
                <Coords points="444,2383 475,2395 499,2380 538,2404 596,2380 641,2392 671,2380 686,2392 705,2377 729,2386 762,2374 759,2289 732,2304 677,2304 641,2337 587,2322 553,2331 520,2304 481,2328 444,2325"/>
                <Baseline points="462,2364 507,2364 552,2367 597,2370 641,2370 686,2373 731,2373 770,2373"/>
                <TextEquiv>
                    <Unicode>du reste.</Unicode>
                </TextEquiv>
            </TextLine>
            <TextLine id="tr_1_tl_5" custom="readingOrder {index:4;}">
                <Coords points="541,2489 2839,2498 2842,2374 1736,2422 1584,2346 1240,2455 980,2371 795,2458 544,2386"/>
                <Baseline points="558,2483 564,2486 608,2486 653,2489 698,2492 743,2492 788,2492 832,2495 877,2495 922,2492 967,2492 1011,2492 1056,2492 1101,2492 1146,2492 1191,2486 1235,2486 1280,2480 1325,2480 1370,2477 1414,2474 1459,2474 1504,2471 1549,2468 1594,2468 1638,2468 1683,2465 1728,2462 1773,2459 1817,2456 1862,2456 1907,2453 1952,2453 1997,2453 2041,2450 2086,2450 2131,2453 2176,2453 2220,2450 2265,2450 2310,2444 2355,2447 2400,2444 2444,2441 2489,2441 2534,2438 2579,2438 2623,2441 2668,2441 2713,2438 2758,2435 2803,2435 2847,2441"/>
                <TextEquiv>
                    <Unicode>Oder klerk, an der Arrest entlanes,.. m'd de tout</Unicode>
                </TextEquiv>
            </TextLine>
            <TextLine id="tr_1_tl_6" custom="readingOrder {index:5;}">
                <Coords points="816,2600 853,2616 865,2603 971,2576 1028,2606 1046,2597 1055,2606 1095,2594 1098,2531 1037,2519 998,2543 974,2525 956,2534 925,2516 901,2516 883,2528 868,2522 841,2546 816,2543"/>
                <Baseline points="832,2576 877,2576 922,2576 967,2576 1011,2576 1056,2573 1101,2570"/>
                <TextEquiv>
                    <Unicode>rum</Unicode>
                </TextEquiv>
            </TextLine>
            <TextLine id="tr_1_tl_7" custom="readingOrder {index:6;}">
                <Coords points="523,2755 956,2661 1282,2718 1751,2643 2343,2688 2343,2570 2126,2594 2035,2528 1730,2594 1445,2549 526,2597"/>
                <Baseline points="543,2659 561,2659 605,2659 650,2659 695,2662 740,2662 785,2659 829,2659 874,2659 919,2662 964,2659 1008,2659 1053,2659 1098,2656 1143,2656 1188,2650 1232,2650 1277,2647 1322,2644 1367,2641 1411,2641 1456,2644 1501,2644 1546,2641 1591,2641 1635,2638 1680,2641 1725,2641 1770,2641 1814,2641 1859,2641 1904,2644 1949,2644 1994,2647 2038,2647 2083,2647 2128,2647 2173,2644 2217,2644 2262,2644 2307,2635 2352,2638"/>
                <TextEquiv>
                    <Unicode>Hexlvan Wopelei abis tat ja waken or...</Unicode>
                </TextEquiv>
            </TextLine>
            <TextLine id="tr_1_tl_8" custom="readingOrder {index:7;}">
                <Coords points="602,2857 1669,2876 1838,2803 2507,2785 2625,2854 2679,2682 2247,2679 1935,2770 1349,2694 1046,2773 605,2740"/>
                <Baseline points="617,2823 623,2820 668,2820 713,2823 758,2823 803,2823 847,2820 892,2820 937,2823 982,2826 1026,2826 1071,2826 1116,2823 1161,2820 1206,2820 1250,2817 1295,2817 1340,2815 1385,2815 1429,2815 1474,2812 1519,2812 1564,2815 1609,2812 1653,2809 1698,2809 1743,2809 1788,2803 1832,2803 1877,2803 1922,2800 1967,2800 2011,2800 2056,2800 2101,2800 2146,2794 2191,2791 2235,2788 2280,2785 2325,2785 2370,2782 2414,2782 2459,2782 2504,2779 2549,2782 2594,2782 2638,2782 2683,2791"/>
                <TextEquiv>
                    <Unicode>&amp;c Heer was in kleine tyrom, in Lutien avec</Unicode>
                </TextEquiv>
            </TextLine>
            <TextLine id="tr_1_tl_9" custom="readingOrder {index:8;}">
                <Coords points="565,3027 2622,2984 2458,2876 1321,2948 565,2854"/>
                <Baseline points="582,2976 614,2976 659,2979 704,2979 749,2982 794,2979 838,2982 883,2982 928,2985 973,2988 1017,2991 1062,2991 1107,2991 1152,2991 1197,2994 1241,2991 1286,2988 1331,2985 1376,2985 1420,2982 1465,2982 1510,2982 1555,2982 1600,2979 1644,2979 1689,2976 1734,2976 1779,2976 1823,2973 1868,2973 1913,2970 1958,2967 2003,2970 2047,2973 2092,2973 2137,2970 2182,2973 2226,2973 2271,2973 2316,2973 2361,2973 2406,2970 2450,2967 2495,2964 2540,2964 2585,2964 2629,2973"/>
                <TextEquiv>
                    <Unicode>Ajelle m. mord. ci nach eine sehr wieder; die</Unicode>
                </TextEquiv>
            </TextLine>
            <TextLine id="tr_1_tl_10" custom="readingOrder {index:9;}">
                <Coords points="635,3169 2135,3199 2356,3148 2356,3075 2186,3121 1993,3060 1457,3130 1092,3117 977,3051 635,3099"/>
                <Baseline points="653,3140 698,3146 743,3149 788,3152 832,3152 877,3155 922,3155 967,3158 1011,3158 1056,3161 1101,3164 1146,3164 1191,3167 1235,3170 1280,3167 1325,3167 1370,3167 1414,3167 1459,3167 1504,3167 1549,3161 1594,3161 1638,3155 1683,3155 1728,3152 1773,3149 1817,3149 1862,3149 1907,3152 1952,3149 1997,3152 2041,3149 2086,3143 2131,3146 2176,3146 2220,3146 2265,3143 2310,3143 2355,3140 2361,3143"/>
                <TextEquiv>
                    <Unicode>weil aber in fol. in die, es</Unicode>
                </TextEquiv>
            </TextLine>
            <TextLine id="tr_1_tl_11" custom="readingOrder {index:10;}">
                <Coords points="668,3341 1346,3317 1705,3408 1926,3329 2262,3432 2232,3254 1636,3278 1255,3220 1064,3269 952,3196 825,3257 665,3211"/>
                <Baseline points="683,3316 728,3316 773,3316 817,3316 862,3319 907,3319 952,3316 997,3316 1041,3316 1086,3313 1131,3316 1176,3316 1220,3319 1265,3319 1310,3316 1355,3316 1400,3316 1444,3322 1489,3319 1534,3319 1579,3319 1623,3322 1668,3322 1713,3322 1758,3322 1803,3325 1847,3325 1892,3322 1937,3322 1982,3325 2026,3325 2071,3328 2116,3322 2161,3319 2206,3316 2250,3319 2265,3319"/>
                <TextEquiv>
                    <Unicode>&amp; a/d in augua upuh, in</Unicode>
                </TextEquiv>
            </TextLine>
            <TextLine id="tr_1_tl_12" custom="readingOrder {index:11;}">
                <Coords points="723,3529 768,3535 780,3520 816,3523 850,3492 962,3511 1022,3502 1019,3429 965,3441 937,3420 910,3426 868,3405 847,3420 798,3417 768,3396 756,3408 741,3393 720,3396"/>
                <Baseline points="737,3468 782,3468 826,3468 871,3471 916,3471 961,3474 1005,3474 1026,3474"/>
                <TextEquiv>
                    <Unicode>was</Unicode>
                </TextEquiv>
            </TextLine>
        </TextRegion>
    </Page>
</PcGts>
