6680 4248
2477 188 2668 392 Mme
3658 333 5267 576 Tort - fort - j -  uit slug
962 382 2337 599 Fort! -  Auch mit Heip -
3743 505 4986 696 Allvierend jedenke...
1004 544 1735 722 2 - Bern -
3736 612 5300 845 have mine - so
1127 622 2600 816 du decit a de Curables.
3746 725 5387 926 Reisen... We and it is her...
473 696 832 932 tender
1013 767 3050 978 Tho w en e aus wel mvte sie nur
3736 754 5938 1033 A ist je u dit glaiblich, es in froh een
456 890 965 1065 mit wollen
1072 923 3027 1117 Alles hat es is it verändert... in einer
3743 965 5692 1195 Jetzt erneuert sie ist seines Gericht.
2736 1026 3072 1149 trend
1068 1052 3140 1259 Ob sie urv nd ausser... wenn
3778 1110 5908 1314 Es ist Recht. Italien... die wie in Rm.
1085 1208 2587 1421 Er atil gewill. als sie...
3794 1246 5824 1457 but keep:  he is not
1072 1321 2752 1538 dite cie terell bt for it
3791 1415 5533 1622 halte - - - Miege, im Frt.
1140 1447 2846 1664 seutrittet ici ich mit hilten
3823 1544 5316 1729 – Un nie werd kann im¬
1110 1616 2956 1816 self- i d' hilhalle. ue keur
3843 1684 5034 1894 Le cote doit schin!
1120 1784 2189 1949 slite sat u ain...
3862 1832 5005 1991 She is over and i in
3827 1816 5779 2111 que je n'ai pas eu une
1172 1797 3014 2075 Sie ind, weil il seit gebr....
1149 2017 2224 2224 Je - alle cui pût
3814 2091 4947 2292 Nein Blutemark
1166 2150 1790 2357 bal - sort..
3895 2108 5125 2373 Wir und de verbitzen.
1195 2205 2499 2473 ma est j intereitet.
288 2289 936 2470 Ihr aller Chasse,
3950 2318 6559 2622 Wie ven! - Kerrete   ƒ since. Hulchres. - Alled
3911 2350 4526 2541 Stecken...
1204 2376 3008 2571 meest nur sie tritt und ce habe
5484 2399 6384 2593 that I know that all
317 2418 829 2564 Ihr vrai
5679 2496 6446 2639 in  - in
265 2506 800 2716 Nea tres
3921 2574 5242 2771 Tribiner:.. Lacherlui..1
1153 2506 2953 2762 schlue! e mif schuliger! -
5679 2584 6051 2710 berecht.
346 2596 1023 2784 Siep'. Andw.
3969 2655 5478 2881 I am well    lew relposer!
5730 2655 6462 2852 Ringt du Hand
1272 2707 2836 2839 Uw nie wir is it irmels...
243 2739 952 2920 sept de Ville
4005 2742 5620 2975 believe. Wie ist ne u n'est?...
5756 2810 6297 2975 so weit!
1289 2813 2652 2988 at de Berge - and A.
5870 2891 6404 3034 believe - in
278 2862 1007 3095 bleib i. tat.
3972 2904 5617 3157 konnt: es mit jetzt inden¬
5815 2982 6255 3111 seve jall.
1276 2920 2982 3140 ne né bas vollt, a Italie! -
366 2982 864 3163 in M slech
1305 3069 2872 3267 wie zur el mit int seues...
3985 3098 5507 3283 Sie ist in on a flergericht.
366 3095 793 3296 Krutel
1276 3205 2859 3438 hütter.- es wegenen konnte
3982 3218 5789 3412 Sie denn ich in zu an Fort, das heut hat
1424 3338 2208 3535 but bleiber....
3959 3348 5568 3581 Sie wenn. car.. er febens ist... :
3953 3484 5711 3723 Leiphe Hime duris it this.
