<?xml version="1.0" encoding="UTF-8" standalone="yes"?>
<PcGts xmlns="http://schema.primaresearch.org/PAGE/gts/pagecontent/2013-07-15" xmlns:xsi="http://www.w3.org/2001/XMLSchema-instance" xsi:schemaLocation="http://schema.primaresearch.org/PAGE/gts/pagecontent/2013-07-15 http://schema.primaresearch.org/PAGE/gts/pagecontent/2013-07-15/pagecontent.xsd">
    <Metadata>
        <Creator>prov=READ-COOP:name=TrHtr:version=2.1.0:model_id=51170:date=14_08_2023_11:29</Creator>
        <Created>2023-05-10T14:17:24.901+02:00</Created>
        <LastChange>2023-08-14T11:29:20.763+02:00</LastChange>
        <TranskribusMetadata docId="1428609" pageId="55418370" pageNr="106" tsid="132796619" status="IN_PROGRESS" userId="64420" imgUrl="https://files.transkribus.eu/Get?id=JJUCOPCSAAEZPSALTEDYWWVW&amp;fileType=view" xmlUrl="https://files.transkribus.eu/Get?id=RCISTJJNYARBCONEYZKTRKKT" imageId="44692474"/>
    </Metadata>
    <Page imageFilename="1428609_0106.jpg" imageWidth="6664" imageHeight="4280">
        <ReadingOrder>
            <OrderedGroup id="ro_1711787800121" caption="Regions reading order">
                <RegionRefIndexed index="0" regionRef="tr_1"/>
            </OrderedGroup>
        </ReadingOrder>
        <TextRegion id="tr_1" custom="readingOrder {index:0;}">
            <Coords points="4023,463 6255,463 6255,3770 4023,3770"/>
            <TextLine id="tr_1_tl_1" custom="readingOrder {index:0;}">
                <Coords points="5986,572 6011,569 6016,575 6044,555 6055,564 6069,550 6111,575 6122,566 6138,569 6144,414 6130,414 6108,394 6072,408 6055,391 6030,405 6013,391 5997,391"/>
                <Baseline points="6005,519 6058,519 6148,513"/>
                <TextEquiv>
                    <Unicode>36</Unicode>
                </TextEquiv>
            </TextLine>
            <TextLine id="tr_1_tl_2" custom="readingOrder {index:1;}">
                <Coords points="4067,736 6166,752 6166,586 5994,550 5497,630 4067,577"/>
                <Baseline points="4083,668 4172,674 4262,674 4351,674 4441,674 4530,686 4620,686 4709,686 4799,692 4888,686 4978,692 5067,692 5157,692 5247,692 5336,698 5426,692 5515,692 5605,692 5694,692 5784,692 5873,686 5963,686 6052,686 6142,686 6172,692"/>
                <TextEquiv>
                    <Unicode>Mutter: Besieht sich das ganze Land. Der</Unicode>
                </TextEquiv>
            </TextLine>
            <TextLine id="tr_1_tl_3" custom="readingOrder {index:2;}">
                <Coords points="4056,836 4517,916 4670,855 5081,916 6111,841 6111,777 5905,736 4964,738 4892,794 4056,747"/>
                <Baseline points="4071,817 4160,823 4250,823 4339,817 4429,823 4518,823 4608,829 4697,829 4787,829 4876,823 4966,829 5056,823 5145,823 5235,829 5324,829 5414,829 5503,829 5593,829 5682,829 5772,829 5861,829 5951,829 6040,829 6118,835"/>
                <TextEquiv>
                    <Unicode>alte Herzog vor drei Monaten gestorben.</Unicode>
                </TextEquiv>
            </TextLine>
            <TextLine id="tr_1_tl_4" custom="readingOrder {index:3;}">
                <Coords points="4062,1002 4284,980 4425,1041 4631,1002 4725,1044 4870,1005 5014,1047 5225,1024 5225,922 4994,924 4922,872 4628,927 4547,902 4481,944 4350,894 4175,933 4062,888"/>
                <Baseline points="4077,972 4166,978 4256,972 4345,972 4435,972 4524,972 4614,967 4703,978 4793,978 4882,978 4972,984 5061,978 5151,984 5229,978"/>
                <TextEquiv>
                    <Unicode>Nun war er im Rathaus.</Unicode>
                </TextEquiv>
            </TextLine>
            <TextLine id="tr_1_tl_5" custom="readingOrder {index:4;}">
                <Coords points="4045,1183 5980,1177 6222,1144 6222,1055 4045,1066"/>
                <Baseline points="4059,1134 4148,1128 4238,1134 4327,1134 4417,1128 4506,1134 4596,1134 4685,1134 4775,1134 4864,1134 4954,1134 5044,1134 5133,1134 5223,1134 5312,1128 5402,1134 5491,1134 5581,1134 5670,1134 5760,1140 5849,1140 5939,1140 6029,1134 6118,1140 6208,1140 6225,1134"/>
                <TextEquiv>
                    <Unicode>Agnes: Wenn er nur nicht zu Gericht geht.</Unicode>
                </TextEquiv>
            </TextLine>
            <TextLine id="tr_1_tl_6" custom="readingOrder {index:5;}">
                <Coords points="4056,1308 4792,1297 5164,1366 5983,1319 5872,1219 5108,1233 4975,1174 4417,1241 4056,1183"/>
                <Baseline points="4071,1277 4160,1283 4250,1283 4339,1283 4429,1283 4518,1283 4608,1283 4697,1283 4787,1283 4876,1283 4966,1283 5056,1283 5145,1283 5235,1283 5324,1283 5414,1283 5503,1283 5593,1283 5682,1289 5772,1283 5861,1289 5951,1289 5987,1289"/>
                <TextEquiv>
                    <Unicode>Mein Mann wird ihm böse Dinge sagen.</Unicode>
                </TextEquiv>
            </TextLine>
            <TextLine id="tr_1_tl_7" custom="readingOrder {index:6;}">
                <Coords points="4045,1541 4384,1444 4747,1524 4925,1460 5966,1532 6241,1474 6241,1391 5925,1352 5636,1408 5480,1344 5267,1399 4045,1333"/>
                <Baseline points="4059,1432 4100,1438 4190,1438 4280,1438 4369,1438 4459,1438 4548,1432 4638,1432 4727,1432 4817,1438 4906,1438 4996,1432 5085,1438 5175,1432 5264,1438 5354,1432 5444,1438 5533,1438 5623,1438 5712,1438 5802,1444 5891,1444 5981,1438 6070,1438 6160,1432 6249,1426"/>
                <TextEquiv>
                    <Unicode>Allerlei über den alten Herzog. Die Garten-</Unicode>
                </TextEquiv>
            </TextLine>
            <TextLine id="tr_1_tl_8" custom="readingOrder {index:7;}">
                <Coords points="4037,1635 4103,1607 4139,1630 4217,1616 4250,1638 4423,1602 4484,1630 4542,1627 4539,1530 4486,1535 4406,1505 4314,1508 4298,1524 4225,1494 4081,1544 4034,1535"/>
                <Baseline points="4053,1587 4142,1593 4232,1593 4321,1593 4411,1593 4500,1599 4548,1593"/>
                <TextEquiv>
                    <Unicode>mägdlein.</Unicode>
                </TextEquiv>
            </TextLine>
            <TextLine id="tr_1_tl_9" custom="readingOrder {index:8;}">
                <Coords points="4062,1766 4681,1755 4767,1802 4886,1755 5300,1813 5700,1763 5700,1691 5486,1632 5222,1691 5083,1646 4650,1699 4062,1663"/>
                <Baseline points="4077,1731 4166,1737 4256,1737 4345,1743 4435,1743 4524,1743 4614,1743 4703,1743 4793,1743 4882,1743 4972,1743 5061,1743 5151,1743 5241,1749 5330,1743 5420,1749 5509,1749 5599,1749 5688,1754 5706,1754"/>
                <TextEquiv>
                    <Unicode>Die Schwester von Tobias Klenk</Unicode>
                </TextEquiv>
            </TextLine>
            <TextLine id="tr_1_tl_10" custom="readingOrder {index:9;}">
                <Coords points="4031,1957 4797,1918 5081,1977 5253,1907 5403,1938 5375,1835 4781,1807 4345,1846 4031,1805"/>
                <Baseline points="4047,1898 4136,1898 4226,1898 4315,1904 4405,1898 4494,1898 4584,1898 4673,1898 4763,1898 4853,1898 4942,1892 5032,1904 5121,1898 5211,1904 5300,1904 5390,1904 5408,1904"/>
                <TextEquiv>
                    <Unicode>Agnes,die Mutter, Brigitte.</Unicode>
                </TextEquiv>
            </TextLine>
            <TextLine id="tr_1_tl_11" custom="readingOrder {index:10;}">
                <Coords points="4056,2104 5544,2060 5544,1988 5478,1974 5333,2010 5167,1966 4992,2024 4847,1952 4442,2004 4056,1982"/>
                <Baseline points="4071,2047 4160,2047 4250,2047 4339,2053 4429,2053 4518,2047 4608,2047 4697,2053 4787,2053 4876,2047 4966,2053 5056,2047 5145,2053 5235,2053 5324,2053 5414,2053 5503,2053 5551,2053"/>
                <TextEquiv>
                    <Unicode>Brigitte: Schon das Neueste?</Unicode>
                </TextEquiv>
            </TextLine>
            <TextLine id="tr_1_tl_12" custom="readingOrder {index:11;}">
                <Coords points="4045,2257 4745,2296 5086,2207 5825,2260 5825,2146 5652,2121 5416,2174 4534,2102 4278,2165 4045,2104"/>
                <Baseline points="4059,2220 4130,2208 4220,2208 4309,2196 4399,2202 4488,2196 4578,2202 4668,2208 4757,2208 4847,2202 4936,2208 5026,2202 5115,2208 5205,2202 5294,2208 5384,2202 5473,2208 5563,2208 5652,2208 5742,2208 5832,2208"/>
                <TextEquiv>
                    <Unicode>Agnes: Freilich, der Herzog ist da.</Unicode>
                </TextEquiv>
            </TextLine>
            <TextLine id="tr_1_tl_13" custom="readingOrder {index:12;}">
                <Coords points="4051,2438 6069,2379 6069,2315 5872,2274 4645,2271 4534,2324 4051,2274"/>
                <Baseline points="4065,2345 4154,2351 4244,2357 4333,2351 4423,2357 4512,2357 4602,2357 4691,2357 4781,2357 4870,2357 4960,2357 5050,2357 5139,2351 5229,2351 5318,2357 5408,2357 5497,2363 5587,2363 5676,2363 5766,2363 5855,2363 5945,2363 6034,2363 6076,2363"/>
                <TextEquiv>
                    <Unicode>Brigitte: Und Tobias Klenk ist gestern</Unicode>
                </TextEquiv>
            </TextLine>
            <TextLine id="tr_1_tl_14" custom="readingOrder {index:13;}">
                <Coords points="4031,2549 6188,2560 6230,2460 4031,2463"/>
                <Baseline points="4047,2507 4088,2513 4178,2513 4268,2513 4357,2519 4447,2519 4536,2513 4626,2513 4715,2507 4805,2507 4894,2513 4984,2513 5073,2513 5163,2513 5252,2507 5342,2513 5432,2513 5521,2513 5611,2519 5700,2519 5790,2513 5879,2513 5969,2519 6058,2513 6148,2507 6237,2501"/>
                <TextEquiv>
                    <Unicode>Abend mit der Flinte im fürstlichen Revier</Unicode>
                </TextEquiv>
            </TextLine>
            <TextLine id="tr_1_tl_15" custom="readingOrder {index:14;}">
                <Coords points="4031,2740 4964,2671 6080,2748 6183,2710 6183,2615 4839,2562 4031,2621"/>
                <Baseline points="4047,2662 4136,2662 4226,2668 4315,2668 4405,2668 4494,2668 4584,2668 4673,2668 4763,2668 4853,2668 4942,2662 5032,2674 5121,2668 5211,2668 5300,2668 5390,2668 5479,2668 5569,2668 5658,2668 5748,2674 5837,2674 5927,2668 6017,2668 6106,2668 6190,2668"/>
                <TextEquiv>
                    <Unicode>erwischt worden. Und weisst du auch,dass</Unicode>
                </TextEquiv>
            </TextLine>
            <TextLine id="tr_1_tl_16" custom="readingOrder {index:15;}">
                <Coords points="4037,2868 5711,2829 6102,2890 6102,2740 5514,2796 5342,2737 4037,2751"/>
                <Baseline points="4053,2823 4136,2823 4226,2823 4315,2823 4405,2823 4494,2817 4584,2823 4673,2823 4763,2823 4853,2823 4942,2823 5032,2823 5121,2823 5211,2829 5300,2823 5390,2829 5479,2823 5569,2823 5658,2823 5748,2823 5837,2823 5927,2817 6017,2823 6106,2817"/>
                <TextEquiv>
                    <Unicode>Adalbert geschworen hat, dass er ihn dem</Unicode>
                </TextEquiv>
            </TextLine>
            <TextLine id="tr_1_tl_17" custom="readingOrder {index:16;}">
                <Coords points="4045,3009 4361,3071 5111,2979 6194,3026 6163,2876 5419,2940 4700,2876 4331,2934 4045,2865"/>
                <Baseline points="4059,2972 4148,2978 4238,2978 4327,2978 4417,2978 4506,2978 4596,2972 4685,2978 4775,2978 4864,2972 4954,2978 5044,2978 5133,2972 5223,2978 5312,2978 5402,2978 5491,2978 5581,2984 5670,2978 5760,2978 5849,2978 5939,2978 6029,2978 6118,2978 6202,2972"/>
                <TextEquiv>
                    <Unicode>Schles sverwalter zum Trotz ganz frei wird</Unicode>
                </TextEquiv>
            </TextLine>
            <TextLine id="tr_1_tl_18" custom="readingOrder {index:17;}">
                <Coords points="4026,3145 4359,3212 4572,3145 6224,3168 6224,3054 5689,3004 5139,3093 4026,3057"/>
                <Baseline points="4041,3121 4130,3133 4220,3133 4309,3133 4399,3133 4488,3133 4578,3133 4668,3133 4757,3133 4847,3133 4936,3133 5026,3133 5115,3133 5205,3133 5294,3133 5384,3133 5473,3133 5563,3133 5652,3133 5742,3133 5832,3133 5921,3133 6011,3133 6100,3139 6190,3139 6231,3139"/>
                <TextEquiv>
                    <Unicode>ausgehen lassen? Es sei auch kein Beweis,</Unicode>
                </TextEquiv>
            </TextLine>
            <TextLine id="tr_1_tl_19" custom="readingOrder {index:18;}">
                <Coords points="4020,3320 5503,3329 5500,3215 4017,3207"/>
                <Baseline points="4035,3277 4124,3283 4214,3289 4303,3283 4393,3283 4482,3283 4572,3283 4662,3283 4751,3283 4841,3289 4930,3283 5020,3283 5109,3289 5199,3289 5288,3289 5378,3289 5467,3289 5509,3283"/>
                <TextEquiv>
                    <Unicode>dass er dort wildern wollte.</Unicode>
                </TextEquiv>
            </TextLine>
            <TextLine id="tr_1_tl_20" custom="readingOrder {index:19;}">
                <Coords points="4020,3476 6252,3490 6252,3390 6069,3343 4020,3368"/>
                <Baseline points="4035,3426 4124,3438 4214,3438 4303,3432 4393,3438 4482,3438 4572,3438 4662,3444 4751,3444 4841,3438 4930,3438 5020,3444 5109,3438 5199,3444 5288,3438 5378,3444 5467,3444 5557,3444 5646,3444 5736,3444 5826,3444 5915,3444 6005,3450 6094,3444 6184,3444 6255,3438"/>
                <TextEquiv>
                    <Unicode>Ueber den Kellermeister, den der Herzog hat</Unicode>
                </TextEquiv>
            </TextLine>
            <TextLine id="tr_1_tl_21" custom="readingOrder {index:20;}">
                <Coords points="4026,3609 4364,3637 4445,3601 4622,3667 4817,3612 5000,3637 5000,3531 4958,3515 4706,3537 4298,3479 4026,3537"/>
                <Baseline points="4041,3593 4130,3593 4220,3593 4309,3593 4399,3593 4488,3593 4578,3593 4668,3599 4757,3599 4847,3593 4936,3599 5008,3593"/>
                <TextEquiv>
                    <Unicode>einsperren lassen.</Unicode>
                </TextEquiv>
            </TextLine>
            <TextLine id="tr_1_tl_22" custom="readingOrder {index:21;}">
                <Coords points="4009,3812 6144,3817 6144,3717 5925,3642 5561,3631 5378,3704 4009,3659"/>
                <Baseline points="4023,3748 4112,3754 4202,3754 4291,3754 4381,3754 4471,3754 4560,3754 4650,3754 4739,3754 4829,3754 4918,3754 5008,3760 5097,3760 5187,3754 5276,3754 5366,3754 5455,3754 5545,3760 5635,3760 5724,3754 5814,3754 5903,3754 5993,3754 6082,3748 6148,3748"/>
                <TextEquiv>
                    <Unicode>Adelbert erzählt, dass der Herzog bei Ge-</Unicode>
                </TextEquiv>
            </TextLine>
        </TextRegion>
    </Page>
</PcGts>
