6728 4248
942 344 2409 578 ne liegt - sie schläft.
983 510 2140 698 ne sont sluies)
1065 623 2766 905 Ob dort - es kundigit werde.
987 783 2715 1038 je - escacin. Raubheit....
1007 905 2834 1164 je - besch eine kurk-ua be leit ni
1017 1072 2133 1293 F. ere louze ist -
1051 1215 2123 1449 imbrüks heugies...
1102 1358 2082 1606 Al Tribunalneufs - : -
3695 470 5464 769 Das C'est fort une cuil l'esprité.
3682 653 4917 891 aber es las mir an ihr -
3671 803 5543 1004 Et collle fort... u sem fattis - avec
3610 908 5532 1167 du kind pend. n'en fait-même
3682 1092 4971 1266 Tamilie -? - wenn
5941 1072 6509 1307 récemment
3777 1150 5822 1466 Es lez voit ick dem Tisch-die tift om fon
5890 1249 6523 1419 glanbt né; & d'
5924 1351 6563 1548 oder ists ihr gleich
3705 1385 4532 1596 begang Jahre. -
6050 1463 6455 1647 selij-t
3719 1535 4525 1732 Un - Il a rempl
3787 1582 5897 1912 n'a! - huple deux in!. Houtt ne
6039 1575 6237 1776 Oda
3753 1701 5924 2103 Weil Früh es geleit hatte...   "    Jschl... al kein
6070 1745 6380 1987 Reine
3753 1936 6029 2293 Sie glaubt eracht.- nein, aus ein ich
3712 2007 6455 2453 glussen - : es ca aicht... tellan... wie s. w. a ih in ver¬
5322 2174 5900 2317 des Copires
3699 2375 5832 2691 daheim. - Huf sie – Tril – Maßet hat.
3722 2518 5492 2814 darin halli cie je ausseverner
3688 2627 5825 2984 Heisert en Ausfle- og hoff....    loo..
3733 2790 5747 3117 zwe - : - so hirweile isit und -
3736 3052 4944 3280 is in a bemal pot...
3818 3055 5883 3409 al es in bel avers. - bald..
3821 3253 5658 3549 will not write. West 5 Teil be
3797 3372 5903 3692 ne tres recherkt.... de ists av!...
3930 3637 5577 3896 Bell. Cui! - Mll fui même. -
