3240 4008
510 452 2704 668 auch Bescheid tun- und ich muss bitten, oder
524 547 2716 812 soll ich befehlen, dass Ihr wieder Platz am
521 780 1189 968 Tische nehmt.
547 835 2710 1048 (Adelbert und Agnes setzen sich, der Herzog
521 1086 2592 1189 trinkt ihnen zu. Sie geben ihm Bescheid).
513 1158 2655 1414 Herzog: Der schmeckt nicht übel. Wohl auch
513 1313 2811 1587 aus meinem xxxx, vielmehr aus meines hoch-
518 1564 2529 1716 seligen Herrn Vaters Keller? (er lacht)
518 1619 2808 1872 Adelbert: Es wäre nicht unmöglich,gnädigster
513 1760 2690 2022 Herzog. Aber niemand ahnte, dass der Keller-
504 1927 2661 2197 meister - halten zu Gnaden -mit Verlaub -
518 2065 2831 2278 ein so gottverdammter Schuft gwesen. Wir zum
516 2287 2719 2477 mindesten,nicht wahr,Agnes, wir dachten,er
521 2376 2796 2624 hätte auch für sich allein ein kleines Wein.
516 2517 2822 2791 gut im Besitz und es wäre sein eigener Wein,
516 2699 2088 2964 den er an die Leute verkaufte.
513 2831 2618 3108 Herzog: Nun,wenn Ihr diese Sorte gewohnt
530 2987 2837 3260 seid, ich will Buch ein paar Butzend Flaschen
539 3156 2843 3398 vom gleichen senden lassen. Kein übl### Tropfen.
660 3303 2837 3545 teuer hat er sich denn die Flasche bezah,
553 3540 1120 3675 len lassen?
