3448 4232
2934 381 3063 647 36
1053 618 2974 804 ist später geworden als ich dachte. Wir
950 736 3074 919 orden heute nicht mehr in die Residenz zu-
902 885 2980 1111 rückfahren,sondern ins Jagdschlosszurück.
1191 1059 1511 1257 (ab)
893 1068 1159 1260 akai:
833 1205 3137 1417 Herzog: (steht auf) Nehmt meinen Dank für Ob¬
856 1374 2991 1540 dach und Trunk. Und nun wünschte ich noch
842 1511 3123 1677 zu wissen, womit ich Euch die erwiesene Gast-
2430 1683 2802 1829 G.C.H.F.P
850 1666 2293 1849 freundschaft vergelten kann.
850 1801 3123 2021 Adelbert: Unser Herzog hat uns bereits höch-
844 1989 2983 2167 stenDank und höchste Gnade erwiesen,indem
856 2158 3040 2356 er unser Haus seines Eintritts würdigte, an
2339 2276 2528 2362 in us
2553 2290 2714 2353 ein
853 2319 2986 2488 einem Tische mit uns sass und aus unserem
844 2442 1563 2636 Glase trank.
870 2622 2997 2811 Herzog: Ist Euch das wirklich Dank genug?
853 2748 3089 2923 so will ich Buch keinen weiteren aufdrängen
833 2903 2980 3106 Richter Adelbert Wogelein. Dohh vielleicht
850 3046 3112 3246 denkt Euere schöne Frau anders. Und so frage
870 3223 2977 3404 ich denn sie und wäre es auch nur, um doch
867 3375 2991 3555 ein einziges Mal ihre Stimme zu vernehmen.
1002 3535 2447 3733 ich von Euch scheide. Also.
1053 3673 2725 3907 a: Gnädigster Herzog, (sie stost)
