3336 4152
1755 160 2037 235 Votre très-même même, mais elle me
3013 380 3192 565 1908
534 590 3013 706 König Ludwig, bestellt an einem Winterabend seine Mi-
524 788 2979 876 nister in das eine Stunde weit entfernte Schloss. Er
493 932 2944 1033 lässt sie im Hofe warten. Vom Fenster aus beobachtet
527 1102 2925 1186 er sie. Sie frieren. Keiner rührt sich. Ein kranker
487 1256 2888 1340 ältlicher ist unter ihnen, den diese Winternacht im
446 1394 2963 1503 Freien Gesundheit und Leben kosten kann. Auch er rührt
436 1566 2881 1651 sich nicht. Tiefer Ekel des Königs. Er weint vor Wut
474 1726 2969 1808 und schickt sie alle wieder fort, ohne sie gesprochen
477 1886 920 1977 zu haben.
417 2081 2715 2216 Vielleicht so zu führen ihr er verzisst, die Lande sind so, hinunter
2420 2207 2734 2335 ist ich
458 2213 2379 2392 schaut, und merkt, das sie sich nicht rechver¬
458 2348 2263 2502 gesucht er, wie weit ers treten Roi
