6680 4264
998 471 3113 663 lich. Sie könnte die Tochter des Schloss-
998 610 3000 756 gärtners in der Residenz sein.Auch To-
1001 782 3023 908 bias nicht der erste Beste, sondern aus
1001 912 3123 1087 einer städtischen Familie, in der Welt um
998 1107 2907 1250 her,vielleicht in Frankreich von dan
998 1256 2917 1445 neuen Ideen angesteckt. (Persönlicher
988 1412 3010 1608 Hass gegen den Herzog?) Kein ganz jun¬
991 1522 3060 1764 ger Mensch,wenn nicht gar Altersgenosse
998 1724 1541 1906 Adelberts.
1008 1863 3119 2045 Tobias Entschluss den Herzog umzubringen.
998 1999 3017 2234 Feiges Einverständnis Adelberts. Herzog
991 2201 3037 2370 und Agnes kommen wie von einer Spazier-
998 2271 3040 2546 fahrt zurück, Tobias Befremden. Adelbert
998 2463 2990 2672 nahe daran seine Schuld einzugestehen.
991 2622 3053 2851 Wiederkehr des Tobias. Der Herzog fühlt
998 2781 2867 3003 selbst. dass er es zu leicht hat in
998 2970 2463 3156 seiner bevorzugten Stellung.
3567 517 4734 753 Agnes, Frau des Richters. -
3587 620 5473 859 The Weber? - This better? - Shee Freindin.
3590 772 4711 985 Den Gotte mit bespricht.
3623 802 5165 1104 Es und ich nie eine Hetreden -
3603 1001 5231 1154 Somme wenn er betrinken ist.
3603 1104 5705 1323 Gestern in Wirtshaus - ein Richter! - über den
3613 1273 4561 1449 Schlonvermaelter! -
3574 1296 6023 1578 yse - i in veip - ersegte: es ist eine Bisteil
3600 1462 5559 1704 dass der Vere alter den Tobias in
3570 1595 6003 1817 in Arrest sähickte - und es mite ihn frei sprechte.
3544 1807 5045 2016 wei er ihn congeführt würde.
3826 1870 6159 2155 3. Tobias ist ein Lump! In an het er un
3587 2042 6249 2291 see Flinte in dea Jegend des Jagts klosses & in thun -
3703 2185 6216 2390 “Win mag angetr. für Tobias – aber er es sont
3650 2317 6063 2586 spricht! - Gegen die repienden Herren ein allge¬
3590 2446 6110 2718 meinen. Mein Vater der Bürozumeister läßt ihm
3613 2745 4200 2911 waren.
3772 2788 5864 3007 du verre Herzog soll en obreuse Heu sein
3676 2911 5231 3129 man nicht noch wenig in ihre
3736 2950 6153 3252 Er treuwert sich zum alles.. Jn Schüler...
3703 3163 5500 3388 John Kellermeister hat er entlassen.
3749 3305 5340 3580 Mr Heyes for his tent her corbei-
