6680 4280
2739 509 2901 685 68
4078 677 6219 808 dient? Stammt nicht vielmehr alles, was er
819 643 3026 873 Adelbert: (nun zum ersten val aufbrausend)
4078 782 6054 978 besass und was nun des Jungen Erb und
825 842 2790 1010 Wenn's nach gerechtigkeit ginge,nicht
4069 958 6225 1172 Eigen ist, Wein so gut wie Speise und Fel-
813 984 1450 1163 nach Laune.
4084 1078 6142 1297 der und Jagdmund Schlösser und Gärten
810 1126 2673 1320 Brigitte: pr soll kein Tyrann sein.
4072 1263 6191 1410 aus der Bürger und Bauern,aus unseren Ta-
813 1302 3043 1479 Adelbert: Dies ist das Schlimmste. Von ei-
4089 1416 4431 1592 schen?
825 1467 3068 1632 nem Tyrannen weiss man doch, wessen man sich
4084 1573 5164 1757 Brigitte: Aus Euern?
819 1641 2983 1743 zu versehen hat, aber bei so einem, der mit
4084 1695 6123 1902 Adelbert: Und deinen, Versteh doch nur
813 1757 2915 1920 trenge und Milde spielt wie mit Bällen,
4084 1883 6302 2005 Als Zehent und Steuer und Zoll und Wegmaut
819 1911 3012 2067 ist auch der redlichste Mann nichts seines
4095 2042 6307 2170 und Zins fliesst ihnen des Volkes in harter
742 2076 3029 2244 Amts, kaum seiner Freiheit, ja seines Lebens
4084 2141 6302 2332 Arbeit erworbener Reitz mitausend Bächlein
802 2221 2918 2375 sicher. Hat er gestern nicht dem veller
4095 2338 6313 2477 und Flüsslein zu. Dort oben aber baden um
791 2383 2966 2525 meister, der vierzig Jahre in her-
4089 2474 6285 2636 schwelgen sie in Strömen von Gold, Himmel-
802 2525 2881 2690 zoglichen Diensten stand, mit Schimpf und
4081 2645 5150 2832 schreiendes Unrecht.
791 2687 2929 2864 Schade davongejagt wie einen vnecht auf
4109 2801 6106 3012 Agnes: Fühlten's alle wie du,so stünde
791 2838 1288 3026 Taplohn?
4104 2969 5255 3122 es besser in der Welt.
808 2958 2866 3174 Brigitte: Aber es weiss doch jeder, dass
4089 3063 6188 3290 Brigitte: Es kann so schlimm nicht sein,
802 3157 2909 3290 er alle die vierzig Jahre den herzogli-
4095 3270 6162 3418 denk ich mir manchmal. Aber Ihr müsst es
791 3267 2869 3484 chen Wein zu eigenen Vorteil zu verkaufen
4109 3395 6086 3580 wohl besser wissen. Nun aber muss ich
791 3461 1234 3620 pflegte.
4095 3555 5275 3751 nachhause. (sie geht).
776 3586 2921 3782 Adelbert: Das grosse Verbrehen! Hat sich
771 3740 2946 3936 Bernhard vriedrich den Wein so sauer ver-
