3176 3992
2599 280 2730 396 13
390 423 2025 625 frägt, was er für ihn tun könne.
658 560 2462 750 Tobias Kleng xi lehnt sich auf und
390 729 2519 932 nicht vielleicht in Demut, sondern, wie er
402 869 2680 1051 selbst glaubt, unverwirrt, fühlt er sich doch
390 1057 2641 1239 zur Aufrichtigkeit verpflichtet und ohne ge
396 1197 2704 1373 radezu seine letzten Pläne einzugestehen,be-
393 1382 2549 1516 kent er sich als einen Feind der jetzigen
408 1483 2739 1694 politischen Zustände, der deutschen Kleinstaa-
405 1653 2695 1822 terein, der Mona rchie.Er könne keinerlei Gna-
405 1834 2727 1977 den von jemanden annehmen, den er auf den Tod
399 2001 2787 2114 hasse. Und so gesteht er allmählig den eigent-
405 2126 2632 2290 lichen Anlass jenes Herumstreichens nächst
411 2299 2769 2453 dem Jaglschloss ein. Gewissemassen aus Stolz.
405 2427 2766 2581 Fr wünschtnicht von dem Herzog für einen Wil-
420 2567 2787 2757 derer oder gar für einen Holzdieb gehalten zu
408 2710 2638 2945 werden. Er ist was Besseres, vielleicht was
408 2927 2349 3055 Schlimmeres, jedenfalls was Grösseres.
402 3106 2745 3213 Auf den Herzog wirkt dies anders als man ver
408 3201 2739 3397 mutet. Er fühlt,wie leicht seinesgleichen es
408 3394 2754 3552 hat grossmütig und grossartig zu sein. Statt
417 3513 2769 3713 die Offenheit, den Mut des Tobias Kleng zu be-
