6696 4392
3993 563 6227 764 gen, auch was nach geschehener Tat zu machen
3982 755 6186 939 sei, hielt der Wagen des Herzogs wieder vor
3993 889 6227 1078 derTür und der Herzog und Agatiæ traten ins
3988 1037 6156 1280 Haus von einer Spazierfahrt eben zurückge-
3985 1215 4328 1392 kehrt.
3985 1348 6180 1496 Im Verlaufe der nun folgenden Unterhaltung
3988 1508 6236 1674 war Tobias Kleng nicht schwer den ganzen Zu
3979 1665 6310 1869 sammenhängzu erkennen. Er erfuhr, dass der He¬
3988 1846 6298 1985 zog selbst ihn freigelassen, durchschaute den
3976 1976 6331 2148 alten Freund in seiner ganzen Aufgebla senheit
3976 2130 6295 2275 und Feigheit und wider Willen musste er sich
3973 2305 6144 2429 dem Herz og gegenüber von einer ganz neuen
3976 2391 6269 2643 Gesinnung erfüllt spüren. Jetzt erst teilte
5270 2554 5439 2660 ihn
3964 2619 6189 2746 er dem Richter mit,dass er an das Kammerge
3976 2779 6156 2924 richt von Wetzlar empfehlen wolle und gibt
3976 2903 6115 3072 ihm auch den söherzhaft wohlgemeinten Rat
3958 3045 6298 3238 auf sei ne junge Frau ein wenig Acht zu haben.
3958 3194 6221 3377 Ihren Wunsch Gartenmägdlein zu werden, könne
3946 3345 6275 3514 er nicht erfüllen,da er diese Institution ab
3943 3508 6328 3730 zuschaffen gedenke.Dannfrägt er Tobias Kleng
3940 3653 6322 3905 ein wenig nach seinen Lebensumständen aus und
