6648 4312
5806 294 5978 548 63
2875 457 3044 613 62
3894 494 6051 782 über den Gesetzen der Menschen sind, glau-
864 613 3038 895 Agnes: Auch das nicht sein höchstes Ziel.
3900 647 6144 952 ben sie sich auch über den göttlichen Gebo-
864 768 3052 1000 Politische Bestrebungen. Geht viel in der
3897 833 6116 1090 ten. Aber es sind zeichen in der Welt, dass
3894 946 6122 1257 man sie's bald anders lehren wird, die Her-
889 991 1418 1189 Welt vor.
895 1107 2920 1330 Brigitte: Böse Zeiten, sagt mein Vater.
4981 1158 5484 1350 nur als xxx
3897 1211 4171 1401 ren.
906 1251 2951 1502 Agnes: Werden vielleicht gute.Freiheit.
3905 1290 5873 1525 Brigitte: Ich höre deinen wann reden.
901 1395 3157 1672 Brigitte: Weisst du das Neueste? Herzog ist
3922 1499 5004 1694 Agnes: Der es weiss.
3933 1601 6161 1818 Brigitte: Vielleicht weiss er mehr als un-
921 1649 1104 1799 da.
912 1663 2993 1951 Agnes: Wie sollt ich's nicht wissen, sah
3928 1731 6204 1988 sereiner. Er war ja auch in der Welt herum,
915 1912 2988 2123 ihn hier vorbeifahren, dem Städtchen zu,
3945 1920 5958 2160 hat auf Universitäten studiert, aber er
935 1999 3137 2242 vom Jagdschloss her;dort ist er wohl abge-
3965 2084 5769 2315 sollte nicht so unvorsichtig sein.
946 2180 2620 2389 stiegen. Stand lange genug b er.
3976 2225 5295 2462 Agnes: Wie meinst du das?
946 2315 3103 2595 Brigitte: Der alte Herzog war seit Jahren
3970 2363 6032 2592 Brigitte: Im Wirtshaus -gestern erst.Er
946 2491 3052 2688 nicht hier, aber der junge sieht sich nun
3967 2544 6032 2784 könnte sich einmal das Paul verbrennen,
4004 2652 6077 2914 sagt der Vater. Er ist doch ein Beamter.
952 2649 2228 2908 sein ganzes Ländehen an.
952 2756 3191 3072 Agnes: Nicht schwer, In drei Tagen umreitet
3993 2844 5927 3092 Agnes: Das gefällt mir an ihm.
3998 2976 6119 3233 Brigitte: Vor dem Trinken sollt er sich
969 3033 1257 3160 er's.
971 3120 2877 3360 Brigitte: Ein schöner junger Mensch.
3998 3126 6133 3400 hüten. Der vater sagt, wenn dein Adelbert
985 3273 3132 3490 Agnes: Was hilft Schönheit.Schön sind sie
4007 3256 6077 3581 getrunken hat, dann redet er so schlimme
980 3437 1864 3662 alle, aber böse.
4027 3513 4360 3648 Dinge.
4013 3434 6291 3849 Agnees: Da irrt Ihr Buch. Daheim ist er nicht
960 3572 2570 3829 Brigitte: Sind sie auch alle?
985 3691 3247 3993 Agnes: wie könnt's auch anders sein? Da sie
4052 3826 4594 3987 betrunken
