3336 4072
215 196 2732 431 Agnes: Il est de clées Tobias frigemeschen-gelerte
359 330 2673 578 Rd. (valeper) Elcard wie noch nicht ergeführt.
313 614 2653 930 Tobias hat mir sie Ihnen Holz gestohlen.
450 796 2464 1100 (gevident:) in eine Gelegenheit,
395 1044 989 1208 assumes -
392 1211 2993 1505 Tobios. sep in Frutile mit Adjusanter Alle
571 1475 1110 1671 Friede - -
219 1625 2846 1975 1.4. Agres gericht in Ad. Geschichteit in West
503 1883 2056 2092 Haus unverzählig zureden.
450 2004 2898 2242 Ad. hat schon gestern die Geschichte von Tob. er
539 2216 2696 2438 sählt - as it dep in der Heyn percant
457 2366 1678 2614 in. Gesorgen d doch
574 2578 2751 2859 Agnesbat Ad. den Tob. ous evie geringe
493 2807 2797 3016 Thefe in geben: Frauf Ad: Gans für Cepid
499 2944 855 3143 -ihn!
669 3241 1410 3453 Tob. als hilotes.
640 3385 2347 3623 derry imps wohl, daß er erzeichnet
679 3587 1270 3727 Morde ist.
