3240 4008
2643 247 2733 423 5
405 358 2733 605 als eben der gestern verhaftete Tobias Kleug
417 581 2682 715 dem Richer Wogelein vorgeführt wurde. Da ge
414 691 2718 879 schah nun,was schon Andern geschehen war, der
408 885 2628 1043 fürstliche Glanz verwirrte den Richter und
411 995 2700 1204 statt den Tobias freizulassen,ihn zu exkulp
417 1186 2715 1353 tieren, ging er gerade mit ihm besonders hef
1004 1311 1675 1410 Ee sagt elle me seule
414 1323 2724 1559 tig ins Zeug. Und plötzlich hatte der Rich -
423 1517 2807 1681 ter Adam Wogele in seinen alten Schulkameraden
423 1654 2810 1788 Tobias Kleng, der für seine kranke Mutter Holz
426 1830 2676 1991 gesammelt hatte, zu einem Monat strengen Ar-
432 1946 1314 2140 rests verurteilt.
420 2119 2712 2295 Er liess es auch an allgemeinen Bemerkungen
435 2250 2646 2423 über Ordnung und Recht nicht fehlen und es
438 2414 2578 2605 wand ihm wohl, als er in den Augen des Her-
429 2539 2822 2762 zogs Befriedigung und Zustimmung zu erblicken
441 2736 867 2926 glaubte.
438 2879 2825 3049 Doch schon im Nachhausegehen ward ihm unbehag
444 3043 2619 3204 lich zumute. Nicht nur aus einer geheimen
447 3174 2831 3364 Angst vor Tobias, der recht bedenklich gezwin-
441 3338 2715 3513 kerthatte, als man ihn in seinen Arrest ab -
447 3525 2703 3689 führte, sondern er war mit sich selbst nicht
447 3633 2563 3853 recht zufrieden. Und da er sich das nicht
