6584 4120
2688 281 2858 549 27
2246 484 2521 605 G.C.H.F.P.
840 477 2838 667 Vorlauf der Jahre für ferneres Unheil
1318 641 2387 749 I - Zeoventays
788 654 2904 896 folgen mag. So zum Exempel, dass ich heute
775 837 2917 1027 weil man dem Kellermeister nicht schon zu
775 948 2799 1141 rechter Zeit auf die Finger gekbopft,an
752 1112 2835 1334 meines Richters Tisch meines Vaters Wein
2475 1256 2887 1364 leider.
739 1269 2946 1485 zu trinken kriege. Doch nicht alles wendet
746 1416 2874 1655 sich so spasshaft, wie der schlimme Tobias
2161 1573 2354 1668 G.C.F.P.
752 1566 2613 1743 Klank am eigenen Leib erfahren muss.
746 1727 2250 1972 Lakai: (erscheint in der Türe)
1213 1828 2799 2070 ausgibt's? Ah, ist der Wagen in
736 1936 1550 2122 Herzog: Christof
736 2027 2878 2197 Ordnung? Ich komme. Jenerst aber nehmt für
307 2044 687 2325 xx
739 2178 2904 2410 die erwiesene Gastfreundschaft meinen her-
317 2273 687 2407 mult lorsed
304 2358 2933 2534 verleien, zoglichen Dank Ihr werter Richter Wogelein,
262 2469 683 2603 und ymt
281 2564 661 2681 With me so
729 2479 2868 2737 und Ihr schöne Frau, deren Stimme ich doch
304 2636 523 2730 sant
288 2708 582 2842 obdent.
732 2632 2815 2848 wenigstens zum Abschied ein einziges Mal
281 2786 602 2995 I have in
729 2776 2829 3035 vernehmen möchte. (Pause) Vielleicht wird
703 2936 2907 3129 mir meine Neugier gestillt, wenn ich bitte,
723 3093 2861 3345 wenn ich Euch befehle auszusprechen,schö-
703 3237 2711 3437 ne Frau, in welcher Art ich meinen Dank
710 3398 2946 3656 für Gastlichkeit und Trunk an den Tag legen
775 3548 978 3738 art.
3453 311 3888 504 21/2 1917
4084 445 5847 674 Herzog: Was gibt's? Ah, ist der Wag
5899 490 6177 677 an wie
4107 638 6125 857 der in Ordnung? (steht auf) Ich komme.
3528 657 4002 886 Et est mêle
3607 850 3996 971 sunden.
4130 791 5722 1001 Lakai: (ab).
3561 935 4042 1076 et a été
4130 945 6056 1125 Herzog: Nehmt meinen Dank für Obdach
3551 1024 3944 1213 Es haben
4123 1102 5987 1285 und Trunk, doch eh ich scheide wüsst
3528 1148 3878 1308 not
3512 1256 4081 1540 nucessi
4097 1269 6102 1458 ich gern, meine lieben Wirte, womit ich
4114 1406 5994 1602 Euch die erwiesene Gastfreundschaft
4101 1557 4925 1740 vergelten kann.
3702 1609 3963 1733 a V.A.P.
4097 1727 6095 1913 Adelbert: Unser Herzog hat uns bereits
4078 1864 5830 2080 höchsten Dank und höchste Gnade
3708 2021 5899 2240 sen, indem er uns würdigte in unser
3810 2207 6148 2394 Haus einzutreten und an einem Tische zu
4078 2348 6141 2479 sitzen und aus unserem Glas zu trinken.
3659 2472 6144 2678 Herzog: Ist Euch di es wirklich Dank ge-
3636 2629 6046 2825 nug, Richter Adelbert Wogelein,so will
3934 2822 6170 2999 ich Euch keinen weitern aufdrängen. Doch
4029 2936 6170 3156 Euer Eheweib denkt vielleicht anders. Und
4660 3067 5232 3178 dert den in
4071 3090 6148 3303 so richte ich meine Frage an sie und wäre
3796 3250 6004 3463 es auch nur, um doch ein einziges Mal
3888 3411 5997 3607 ihre Stimme zu vernehmen, deren Klang
3947 3554 6135 3770 ich mir vielleicht lieblicher vorstelle
