6648 4280
3965 592 5968 793 richt war, selbst Recht gesprochen hat,
3965 746 6130 947 deswegen warper bei Gericht.Tobias ist zu
3949 916 5859 1103 einem Jahr Kerker verurteilt worden.
3954 1053 5501 1234 Agnes: So sieht er nicht aus.
3960 1206 5426 1368 Adelbert: Wie, du sahst ihn?
3949 1379 6088 1527 Agnes: So gütig sieht er aus.Will ihn um
3960 1522 4775 1709 Gnade anflehan.
3954 1703 6194 1874 Adelbert: Du bist toll.Ein blutiger Tyrann.
3949 1840 5275 2002 Wir wollen fort von hier.
3965 1946 6141 2167 Agnes: Gestehe, du hast ihm böse Dinge ge¬
3951 2164 4239 2321 sagt.
