3400 4152
698 558 2849 753 Karl III.Wilhelm von Baden Baden, 1709.
706 712 2704 841 1738, Stifter von Karlsruhe, Jagdschloss
703 846 2756 1000 mit 160 Gartenmägdlein, als Heiduken und
706 1011 2668 1154 Hussaren. Acht haben täglihh Wache und
725 1154 2715 1313 Dienst. Bei der Tafel, bei Spazierritten
723 1297 2767 1462 und Fahrten. Jeden Abend lässt der Fürst
728 1473 2726 1616 unter sie 78 Karten eines Tarokspieles
736 1610 2709 1767 austeilen, die den Pagat-Trumpf erhält,
742 1797 2780 1918 wird Königin der Nacht.Vielseitige Bil-
742 1915 2726 2069 dung der Mädchen, sie spielen Komödien,
750 2074 2956 2228 Opern, Ballette. (Zelindo oder die gepriesene
758 2253 2767 2377 Schäfertreue). Sie wohnen in den Zellen
761 2379 2764 2536 des achteckigen Bleiturms. Klingeln aus
772 2550 2852 2687 den Gemächern des Herrn zu ihren Zellen.
769 2687 2822 2844 Strenge Klausur.Bedenken im Ausland und
789 2907 1162 3020 Inland.
789 3003 2305 3151 Vehse,Sektion IV.Bd.II,S.173.
