3416 4120
273 119 352 157 Immeuble
531 584 2678 678 Der Herzog von Meiningen, Georg 1782-1803.
531 728 2923 810 Wer in seinem englischen Garten ein Zweiglein
528 889 1941 989 bricht kommt ins Zuchthaus.
528 1046 2958 1127 Bleibt der Schneider eine Viertelstunde aus, so
518 1193 3036 1287 muss er in die Wache und er hält 25 Stockprügel.
531 1344 2415 1441 Veranstaltet Treibjagden auf Katzen.
524 1498 3033 1605 Wenn die Hunde bei der Jagd ein Versehen machen,
518 1658 2452 1765 schiesst er sie mit eigener Hand tot.
487 1799 2358 1937 (Nach Hess,Vehse,Sektion V.2,S.155.)
