6680 4312
2733 438 2907 615 30
3990 529 6158 751 zum an Vergeltung wider Euch zu denken. So
713 600 2141 846 Herzog: (schüttelt den Kopf)
3987 769 5992 940 seid Ihr denn von morgen an nicht mehr
707 793 2990 1011 Agnes: So hat er im Kerker selbst seinem Le-
3990 902 5173 1127 Richter an diesem ort.
725 985 1848 1156 ben ein Ende gemacht?
3996 1056 5122 1230 Adelbert: (erschrickt)
725 1136 3002 1304 Herzog: Mein.Die Sache ist nur die, dass Eu-
4001 1239 6163 1402 Herzog: Ein höheres und Fuerer Sinnesart
704 1260 3011 1461 ere Bitte zu spät kommt;da ich bereits vorher
3999 1360 6131 1556 Euerem Wesen gemässeresstatt Amt in der
713 1414 3058 1585 den Tobias Klenk die verhängte Strafe völlig
4004 1532 6231 1695 Residenz selbst will ich Euch zu verwalten
719 1550 3043 1736 nachgesehen habe.Wenn Ihr etwas dagegen ein-
4019 1680 6223 1857 geben, wo Ihr nicht mehr über das Schicksal
707 1742 3043 1902 zuwenden habt,Herr Richter Wogelein,so steht
4022 1819 6122 2002 von Menschen werdet zu entscheiden haben,
725 1893 2626 2064 Euch der Weg ans Reichsgericht frei.
4013 1984 6131 2147 nicht über Leben und Freiheit, sondern wo
716 2035 2904 2257 Adebert: Euere herzogliche Gnaden geruhen
4013 2123 6087 2336 verwickelte Angelegenheiten des Staates
716 2206 2943 2357 zu scherzen. Meine richterliche Pflicht war
4001 2298 6294 2443 Euerer Einsicht unterbreitet werden sollen,
719 2372 2901 2555 es eine gesetzliche Strafe nach gewissem-
4022 2431 6113 2617 und Ihr nur aus Akten Recht zu sprechen
710 2505 3046 2697 haftem Ermessen zu verhängen.Und meinem Für-
4004 2617 6302 2786 haben werdet. Und so wünsche ich Euchso bald
701 2674 3011 2845 sten steht es zu Gnade für Recht ergehen zu
4025 2736 6205 2949 Ihr Euere Sachen hier in Ordnung gebracht
704 2821 3043 3014 lassen. So haben vor Gott Herzog und Richter
4022 2904 6356 3094 habt,in meiner Residenz zu begrüssen.Und nun
725 2955 3023 3159 ihres Amts gewaltet.Der Schuldige,Begnadgte
4028 3070 6294 3221 nochmals Dank für die erwiesene Gastfreund-
713 3150 2857 3315 aber mag sich seiner Freiheit freuen und
4031 3200 5956 3410 schaft und auf Widdersehen. (er geht)
725 3315 2265 3493 über seinem Rachewerk brüten.
4070 3363 5001 3552 (Zuerst Schweigen)
713 3454 2907 3655 Herzog: Ich sagte Euch doch schon - doch,
4028 3537 6373 3703 Adelbert: Hm.Als wenn das so einfach wäre...
722 3608 2978 3800 vielleicht habt Ihr pecht. Und er möchte am
4040 3644 6391 3851 Von heute auf morgen...Unser Häuschen hier...
707 3735 3037 3936 Ende, trotzdem er seine Freiheit schon wieder
707 3889 3079 4114 hat Euch gegenüber nachträgerisch genug sein,
