3384 4232
2786 355 2915 533 11
722 510 3015 722 Agnes: Warum sollt' es das? Uns geht es gut.
708 674 2353 883 Um tut kein Fürst was zuleide.
719 814 2855 1018 Adelbert: An jeden kann es einmal kommen.
728 975 2806 1135 Bu schaust nicht weit genug um dich. Wie
725 1115 2861 1330 treiben's die Herren überall. In Zwegbrü-
1416 1258 1786 1356 Liviahin
728 1316 3030 1476 chen.Sachsen überall. Eerstampfen ihre Jagden
702 1465 2815 1631 nicht Acker und Feld? Sag nicht, dass wir
711 1582 2829 1789 kein Land zu Eigen besitzen,Agnes, Man
702 1740 2967 1912 muss auch an die Andern denken.Vskaufen sie
725 1897 2961 2115 unsere Brüder nicht als Soldaten an den Kö-
719 2041 2915 2259 nig von Preussen oder gar an Amerika? Auch
728 2250 2818 2373 unser alter Herzog hat’s xxxx getan und
745 2333 1834 2431 votil iten en selv manselt.
728 2385 2909 2594 der junge wird nicht besser sein.Sag nicht
1488 2474 2307 2588 weitet anders weite
708 2499 2958 2723 am Ende, dass du keinen Bruder hast, nur Brü¬
719 2668 3012 2912 der und Schwestern, Agnes. Warum niekst du und
725 2840 1473 3024 lächelst dazu?
719 2992 3021 3193 Agnes: Mir ist, als hätt' ich die Melodie von
708 3156 1611 3331 dir schon gehört.
2562 3182 2680 3311 G.H.F.P
711 3285 2863 3471 Adelbert: Sie hat dir wohlgefallen. Ist's
711 3428 2918 3626 heut' plötzlich anders worden", weil so ein
745 3586 2958 3806 Bürschchen vorüberfuhr? Schurken, alle. Wüst-
