6552 4184
700 380 2695 682 Vielmehr, wenn Ihr’s erfahrt,werdet Ihr
345 622 2783 825 nen xxx wissen, eskistadera TöbiasöKlenkigewesen.
744 791 2524 971 Adelabart: Ihr seid toll.
495 791 691 987 als
747 956 2540 1124 Tobias: Wie man’s nimmt, und negne¬
551 1083 2913 1338 Adelbert: Führtet Ihr dergleichen im Schil-
196 1177 523 1385 "   T
227 1261 2727 1475 de, Ihr würdet's mir, grade auf die Nase
2141 1388 2431 1587 idl.
209 1432 535 1618 4. 10 v
722 1413 1186 1566 binden.
725 1534 2842 1768 Tobias: Entweder-glückt oder es glückte
626 1721 2885 1858 nicht, nicht wahr? Ich habe nicht so viel
358 1833 2751 2054 zugeszeit zu verlieren. Mein Leben, das ist nicht
700 2011 2835 2173 so viel wert. Glückt es, so halt ich mich
741 2145 2689 2372 eine Weile verborgen und es wäre wohl
735 2309 2823 2490 möglich, wenn ich wieder hervorkomme, dass
501 2468 2879 2674 es kein Verbrechen war, sondern eine gros-
682 2605 2829 2823 se Tat,- dass vielleicht andere schon ge-
747 2798 2904 2948 schehen sind von gleicher Art, zu denen ich
738 2901 2879 3109 das Beispiel gegeben. Glückt's nicht, oder
735 3075 2014 3318 greift man mich gleich -
722 3256 1516 3452 Adelbert: Nun?
735 3362 2848 3604 Tobias: So werdet Ihr Euch wohl hüten, zu
738 3576 2671 3810 sagen, dass ich mich mitmäßuch beraten.
3981 370 6035 557 Adelbert: Mit mir beraten? Ich hab mich
3968 501 6085 707 nicht beraten mit Euch. Ihr erzählt mir,
3965 697 5960 868 um was ich Euch nicht gefragt, was xxx
3940 828 5621 1012 nicht hören will.
3940 1012 6060 1214 Tobias: Nun, so lasst mich doch einsper-
3972 1124 6172 1323 ren oder führt mich selbst wieder in meine
3978 1298 5985 1506 Zelle zurück, aus der Ihr mich eben he-
3968 1438 5696 1631 rausgelassen.
3891 1584 5995 1783 Adelbert: Bei Gott, ich weiss nicht, was
3981 1780 5076 1927 mich daran hindert.
3981 1833 5998 2076 Tobias: Es hindert Euch daran, dass Ihr
3975 2039 6029 2241 fürchtetm, ich könnte sagen, wir hätten’s
3968 2197 5985 2390 zusammen ausgehe okt und Ihr hättet die
3975 2350 5506 2558 Courage verloren.
3965 2524 5992 2733 Adelbert: Ner könnte das sagen? Wo ist
3968 2655 5945 2895 der Mann, der mir so infan mörderische
3968 2814 5123 3010 Gedanken zutraut?
3984 2944 6150 3150 Tobias: Mein Ihr, es ist unbekant, was Ihm
3975 3162 5995 3305 zuweilen für Reden führt im Wirtshaus?
4000 3262 6063 3489 Adibert: Hab ich jemals gesagt, dass man
3950 3436 5724 3645 Fürsten umbringen soll?
3928 3561 6191 3754 Tobias: Das vielleicht nicht, aber dass ein
