3256 3960
403 409 2763 687 Adelbert: Was wird es weiter sein? Es krachte
397 603 609 792 was.
406 756 1186 938 Agnes: Ein Rad.
1467 723 2474 953 iste veille. du Heim
409 908 2695 1108 Adelbert: Der Herzog ist in die Residenz zu-
385 1084 1007 1267 rückgefehr
406 1195 2477 1404 Agnes: Was für ein Wagen sollte hier - -
400 1350 2073 1551 Adelbert: Warum so blass,Närrin?
400 1452 2799 1709 Agnes: Ich sehe doch hin, es wäre doch möglich-
397 1637 2683 1858 Was für ein Wagen sollte sonst
394 1807 1921 2017 Adelbert: Was geht ’s mich an?
397 1972 1279 2178 Agnes: Schritte -
397 2130 1742 2309 Adelbert: Den Teufel auch.
397 2276 1353 2483 Agnes: Im Flur - -
397 2441 1703 2635 Adelbert: In unserm Flur?
412 2587 1667 2799 Agnes: Wer kann es sein?
412 2751 2707 3077 (Die Türe rechts wird von Katharina geöffnet
397 3056 2787 3224 der Herzog tritt ein in einfacher, jagdmässiger
409 3215 720 3433 Trabht
