6680 4280
3998 569 6179 796 Adibert und Tobias Jugendfreunde.Adelbert
4004 782 6103 967 Richter, kleiner Grenzort,sechs stunden
4013 930 6188 1115 von der Residenz. Lächerlicher Revolutio-
4010 1069 6231 1285 när, Innerlich feig. Seine Frau Agnes glaubt
4013 1231 6137 1405 an ihn. Verdrehter Kopf. Französische Zei-
4015 1430 6088 1632 tungen. In Hader mit der Schlossverwal-
4024 1624 4322 1738 tung.
4030 1681 6123 1880 Verhaftung des Tobias durch den Schloss-
4032 1863 6015 2073 verwalter. Adelbert verschwört sich im
4027 2019 6123 2198 wirtshaus ihn freizulassen,ebenso seiner
4027 2187 6094 2340 Gattin gegenüber, die ihn warnt.neberra-
4027 2346 6234 2508 schende Ankunft des Herzogs. In seiner Ge-
4044 2537 6034 2670 genwart verurteilt Adelbert den mobias
4038 2645 6054 2795 zu einer ungewöhnlich strengen Strafe.
4032 2798 6154 2986 kommt verstört nach Hause, will Agnes ge-
4032 2929 6313 3091 stehen, dass er Tobias verurteilt hat, schicht
4035 3066 5889 3245 es nur vorläufig vielleicht hinaus,
4027 3199 6066 3395 Der Herzog zu Tische (Wagenunfall),Er-
4030 3370 6174 3569 kenntnis Agnes, sie verlässt Adelbert mit
4044 3594 4655 3734 dem Herzog.
4032 3626 6168 3893 Tobias kommt, glaubt sich von Adelbert in
