6664 4280
2878 514 3041 660 72
848 640 2243 848 Adelbert: Warum sollt ich?
4062 623 5135 856 ein Wilderer sei,sond
851 839 3032 1016 Agnes: Deine unvorsichtigen Aeusserungen.
4043 817 4983 1025 Agnes: Der Tobias?
5983 960 6148 1089 bst
4057 1008 5230 1145 Adelbert: Wegen des Tol
851 983 3066 1188 Brigitte - der Bürgermeister -Man hat dich
5991 1084 6182 1263 von
4057 1109 5236 1308 aufs Gericht,liess ihn
831 1179 2948 1325 beim verzog verklagt -Strafe droht dir -
4068 1263 5618 1466 ihn hin und sagte:Kerl,leugne
809 1280 2763 1482 Adelbert, du durftest eben noch herzu
4065 1426 5618 1612 hast deinem Herrn ermorden wol
842 1463 3049 1620 deiner Frau Abschied nehmen? Ich will mich
4071 1575 5803 1760 erblasste,so unschuldig er sich a
831 1626 2953 1791 zu seinen Fässen werfen.Er kann nicht so
4074 1718 5517 1898 mochte. Ich aber nahm nun das
820 1738 2473 1920 böse sein. Er lächelte sogütig.
4068 1892 5548 2058 sagte: Hoheit,hier ist ein o
831 1920 2864 2072 Adelbert: pu hast ihn lächeln gesehen?
4065 2041 5219 2221 Gericht. Was für einen
820 2049 3077 2246 Ægnes: als er vorüberfuhr und mich grüsste.
4079 2207 5216 2367 Hoheit, dass dieser Mer
831 2235 2928 2381 Adelbert: Ei doch,was du nicht sagst.Und
837 2386 2316 2527 du hast wohl auch gelächelt?
4076 2341 5219 2538 als einen etwas leich
4079 2501 5219 2681 lichen Mann kenne, Euch
820 2501 2827 2715 Agnes: Nicht mehr als Höflichkeit. Aber
4091 2667 5216 2841 te t? Ei, sagte darauf de
820 2692 2631 2861 sprich endlich. Was ist geschehen?
814 2836 2883 2982 Adelbett: Vor allem beruhige dich. Mir
4082 2802 5236 3010 gar so genau, auch wenn
820 2970 2923 3142 droht nichts, hoff ich, denn was weiss man
4093 2970 5233 3156 redet7,dass Ihr nach F
4107 3114 4301 3217 sage
820 3130 2970 3338 in solchen zeiten und unter einem solchen
4099 3130 5045 3299 sge, dieser wensch
4116 3257 5508 3450 getzachtet.Darauf ich: Ich
814 3279 2869 3425 Herrn. Also, höre. Der Herzog glübt, dass
5896 3372 6171 3563 brurte
4107 3420 5141 3610 ter und ich kann die
814 3459 3043 3619 man ihm überall auflauert. Und so dachte er
4531 3582 6092 3728 er mit einer Flinte in der Nä
814 3599 3018 3785 nicht etwa, dass der Mann, der gestern Abend
4259 3582 4472 3768 , wei
814 3754 3043 3975 in der Nähe des Jagdschlosses umherstreifte
