<?xml version="1.0" encoding="UTF-8" standalone="yes"?>
<PcGts xmlns="http://schema.primaresearch.org/PAGE/gts/pagecontent/2013-07-15" xmlns:xsi="http://www.w3.org/2001/XMLSchema-instance" xsi:schemaLocation="http://schema.primaresearch.org/PAGE/gts/pagecontent/2013-07-15 http://schema.primaresearch.org/PAGE/gts/pagecontent/2013-07-15/pagecontent.xsd">
    <Metadata>
        <Creator>prov=READ-COOP:name=TrHtr:version=2.1.0:model_id=51170:date=14_08_2023_11:28</Creator>
        <Created>2023-05-10T14:17:10.450+02:00</Created>
        <LastChange>2023-08-14T11:28:56.038+02:00</LastChange>
        <TranskribusMetadata docId="1428609" pageId="55417967" pageNr="30" tsid="132796538" status="IN_PROGRESS" userId="64420" imgUrl="https://files.transkribus.eu/Get?id=TDVUVEYEQRJFDRXKHMJDOAMM&amp;fileType=view" xmlUrl="https://files.transkribus.eu/Get?id=FBPBZYASJOCSPGWLHEQROUNF" imageId="44692071"/>
    </Metadata>
    <Page imageFilename="1428609_0030.jpg" imageWidth="6600" imageHeight="4152">
        <ReadingOrder>
            <OrderedGroup id="ro_1711787687863" caption="Regions reading order">
                <RegionRefIndexed index="0" regionRef="tr_1"/>
            </OrderedGroup>
        </ReadingOrder>
        <TextRegion id="tr_1" custom="readingOrder {index:0;}">
            <Coords points="381,296 6317,296 6317,3905 381,3905"/>
            <TextLine id="tr_1_tl_1" custom="readingOrder {index:0;}">
                <Coords points="3469,470 3509,458 3613,507 3655,491 3710,500 3738,476 3768,494 3811,464 3869,464 3851,217 3799,220 3710,275 3643,253 3610,269 3552,253 3491,284 3454,281"/>
                <Baseline points="3477,346 3567,375 3656,375 3746,381 3835,387 3871,387"/>
                <TextEquiv>
                    <Unicode>16./2 1917.</Unicode>
                </TextEquiv>
            </TextLine>
            <TextLine id="tr_1_tl_2" custom="readingOrder {index:1;}">
                <Coords points="5965,516 6002,522 6048,500 6060,507 6078,488 6099,494 6118,479 6145,476 6145,336 6124,336 6081,360 6057,339 6041,345 6014,330 5965,333"/>
                <Baseline points="5983,441 6072,435 6150,441"/>
                <TextEquiv>
                    <Unicode>16</Unicode>
                </TextEquiv>
            </TextLine>
            <TextLine id="tr_1_tl_3" custom="readingOrder {index:2;}">
                <Coords points="5459,497 5511,485 5532,507 5572,494 5587,510 5675,479 5697,494 5776,494 5773,360 5733,351 5675,378 5639,366 5605,384 5584,372 5541,381 5520,360 5498,384 5456,391"/>
                <Baseline points="5476,483 5565,483 5655,483 5744,489 5780,489"/>
                <TextEquiv>
                    <Unicode>bei xxx</Unicode>
                </TextEquiv>
            </TextLine>
            <TextLine id="tr_1_tl_4" custom="readingOrder {index:3;}">
                <Coords points="2728,513 2771,513 2780,503 2813,522 2850,510 2874,519 2917,513 2899,345 2865,348 2850,339 2835,354 2822,348 2795,366 2774,363 2755,345 2713,351"/>
                <Baseline points="2744,489 2833,495 2923,507"/>
                <TextEquiv>
                    <Unicode>16—</Unicode>
                </TextEquiv>
            </TextLine>
            <TextLine id="tr_1_tl_5" custom="readingOrder {index:4;}">
                <Coords points="4070,622 5425,632 5724,702 6286,626 6283,488 6203,467 5373,516 5004,384 4067,366"/>
                <Baseline points="4086,566 4175,566 4265,566 4354,566 4444,566 4533,572 4623,572 4712,572 4802,578 4891,578 4981,578 5070,578 5160,584 5249,584 5339,584 5428,584 5518,584 5607,590 5697,590 5786,590 5876,590 5965,590 6055,596 6144,596 6233,602 6293,608"/>
                <TextEquiv>
                    <Unicode>Adelbert: Wenn er uns nur in Frieden lässt,</Unicode>
                </TextEquiv>
            </TextLine>
            <TextLine id="tr_1_tl_6" custom="readingOrder {index:5;}">
                <Coords points="546,729 2816,693 2960,656 2966,534 2203,467 1715,507 1547,604 931,540 735,650 549,619"/>
                <Baseline points="566,715 638,715 727,703 787,703 823,697 912,692 1002,692 1091,686 1181,686 1270,686 1360,686 1449,680 1539,680 1628,674 1718,674 1807,674 1897,674 1986,668 2076,668 2165,662 2254,662 2344,662 2433,656 2523,650 2612,650 2702,650 2791,644 2881,638 2970,644"/>
                <TextEquiv>
                    <Unicode>Adelbert: Als brauchtes das. Ich hab dir's</Unicode>
                </TextEquiv>
            </TextLine>
            <TextLine id="tr_1_tl_7" custom="readingOrder {index:6;}">
                <Coords points="4052,751 4125,763 4278,720 4601,812 4806,812 4803,626 4617,656 4290,619 4049,656"/>
                <Baseline points="4068,721 4157,715 4247,715 4336,715 4426,721 4515,721 4605,721 4694,727 4784,733 4814,739"/>
                <TextEquiv>
                    <Unicode>der Bösewicht.</Unicode>
                </TextEquiv>
            </TextLine>
            <TextLine id="tr_1_tl_8" custom="readingOrder {index:7;}">
                <Coords points="775,900 2536,867 2941,824 2944,677 778,738"/>
                <Baseline points="793,859 799,853 888,847 978,847 1067,847 1157,841 1246,841 1336,841 1425,835 1515,835 1604,829 1694,829 1783,823 1873,823 1962,817 2052,817 2141,817 2231,811 2320,811 2410,805 2499,805 2589,799 2678,799 2768,799 2857,793 2946,793"/>
                <TextEquiv>
                    <Unicode>ja gleich angesehen. Möchtest du nicht am</Unicode>
                </TextEquiv>
            </TextLine>
            <TextLine id="tr_1_tl_9" custom="readingOrder {index:8;}">
                <Coords points="4070,943 4446,958 4507,915 4678,970 5309,970 5367,955 5367,818 4067,778"/>
                <Baseline points="4086,876 4175,876 4265,876 4354,876 4444,876 4533,876 4623,882 4712,882 4802,888 4891,882 4981,888 5070,888 5160,888 5249,894 5339,894 5374,894"/>
                <TextEquiv>
                    <Unicode>Agnes: Gar ein Bösewicht.</Unicode>
                </TextEquiv>
            </TextLine>
            <TextLine id="tr_1_tl_10" custom="readingOrder {index:9;}">
                <Coords points="775,1007 2459,1034 2984,979 2987,848 2154,830 1950,915 1275,848 775,937"/>
                <Baseline points="793,1002 841,996 930,996 1020,996 1109,996 1199,990 1288,990 1378,984 1467,984 1557,978 1646,978 1735,972 1825,972 1914,972 2004,966 2093,966 2183,966 2272,960 2362,960 2451,954 2541,954 2630,954 2720,954 2809,948 2899,948 2988,942"/>
                <TextEquiv>
                    <Unicode>Agnes: So lass mich doch zufrieden mit dem</Unicode>
                </TextEquiv>
            </TextLine>
            <TextLine id="tr_1_tl_11" custom="readingOrder {index:10;}">
                <Coords points="4064,1126 5242,1092 5623,1175 5788,1077 6142,1102 6139,937 5639,998 4061,958"/>
                <Baseline points="4080,1032 4169,1026 4259,1026 4348,1026 4438,1032 4527,1032 4617,1038 4706,1038 4796,1038 4885,1038 4975,1038 5064,1038 5154,1043 5243,1049 5333,1055 5422,1049 5512,1049 5601,1049 5691,1055 5780,1055 5870,1061 5959,1061 6049,1061 6138,1067 6150,1067"/>
                <TextEquiv>
                    <Unicode>Adelbert: Schlimmer als je der Alte war,</Unicode>
                </TextEquiv>
            </TextLine>
            <TextLine id="tr_1_tl_12" custom="readingOrder {index:11;}">
                <Coords points="778,1199 2255,1126 2594,1184 2618,1001 784,1053"/>
                <Baseline points="799,1157 835,1151 924,1151 1014,1145 1103,1139 1193,1145 1282,1139 1372,1139 1461,1133 1551,1133 1640,1127 1730,1127 1819,1121 1908,1121 1998,1121 2087,1121 2177,1115 2266,1115 2356,1109 2445,1103 2535,1103 2624,1109"/>
                <TextEquiv>
                    <Unicode>Herzog. Ende Gartenmägdlein werden?</Unicode>
                </TextEquiv>
            </TextLine>
            <TextLine id="tr_1_tl_13" custom="readingOrder {index:12;}">
                <Coords points="4040,1205 4321,1193 4421,1239 4461,1217 4504,1230 4537,1202 4604,1211 4601,1102 4510,1086 4369,1126 4348,1105 4214,1086 4183,1114 4168,1098 4104,1108 4040,1147"/>
                <Baseline points="4056,1187 4146,1181 4235,1181 4325,1187 4414,1187 4503,1187 4593,1199 4605,1199"/>
                <TextEquiv>
                    <Unicode>glaub mir.</Unicode>
                </TextEquiv>
            </TextLine>
            <TextLine id="tr_1_tl_14" custom="readingOrder {index:13;}">
                <Coords points="781,1321 2783,1306 2871,1190 2670,1135 2099,1211 1416,1150 1156,1230 784,1199"/>
                <Baseline points="799,1306 817,1306 906,1306 996,1294 1085,1294 1175,1294 1264,1294 1354,1288 1443,1282 1533,1276 1622,1276 1712,1276 1801,1270 1891,1276 1980,1270 2070,1270 2159,1270 2249,1264 2338,1264 2427,1264 2517,1264 2606,1258 2696,1258 2785,1252 2875,1252"/>
                <TextEquiv>
                    <Unicode>Agnes: Ach, ich denke nicht.Adelbert dass</Unicode>
                </TextEquiv>
            </TextLine>
            <TextLine id="tr_1_tl_15" custom="readingOrder {index:14;}">
                <Coords points="4052,1282 4080,1288 4098,1275 4128,1291 4171,1278 4183,1291 4232,1282 4260,1294 4375,1285 4375,1205 4339,1211 4296,1199 4235,1220 4199,1196 4174,1211 4101,1199 4052,1220"/>
                <Baseline points="4068,1270 4157,1270 4247,1264 4336,1270 4384,1270"/>
                <TextEquiv>
                    <Unicode>Agnes;</Unicode>
                </TextEquiv>
            </TextLine>
            <TextLine id="tr_1_tl_16" custom="readingOrder {index:15;}">
                <Coords points="4046,1394 6197,1419 6157,1257 4043,1278"/>
                <Baseline points="4062,1336 4152,1342 4241,1336 4330,1342 4420,1342 4509,1342 4599,1348 4688,1348 4778,1348 4867,1348 4957,1354 5046,1348 5136,1354 5225,1354 5315,1360 5404,1360 5494,1360 5583,1360 5673,1360 5762,1360 5852,1360 5941,1360 6031,1360 6120,1360 6204,1366"/>
                <TextEquiv>
                    <Unicode>Es muss dir was von ihm bekannt</Unicode>
                </TextEquiv>
            </TextLine>
            <TextLine id="tr_1_tl_17" custom="readingOrder {index:16;}">
                <Coords points="775,1483 2810,1452 2926,1419 2926,1288 778,1361"/>
                <Baseline points="793,1461 876,1455 966,1449 1055,1443 1145,1443 1234,1443 1324,1443 1413,1437 1503,1437 1592,1431 1682,1425 1771,1425 1861,1419 1950,1419 2040,1419 2129,1419 2219,1419 2308,1419 2398,1413 2487,1413 2577,1413 2666,1407 2756,1407 2845,1407 2935,1413"/>
                <TextEquiv>
                    <Unicode>der Jungb an solchem Treiben Spass hätte.</Unicode>
                </TextEquiv>
            </TextLine>
            <TextLine id="tr_1_tl_18" custom="readingOrder {index:17;}">
                <Coords points="4034,1593 5926,1596 6093,1556 6093,1434 4031,1404"/>
                <Baseline points="4050,1497 4140,1491 4229,1491 4319,1497 4408,1497 4498,1503 4587,1497 4676,1503 4766,1503 4855,1503 4945,1503 5034,1503 5124,1509 5213,1509 5303,1509 5392,1509 5482,1509 5571,1509 5661,1509 5750,1515 5840,1515 5929,1515 6019,1515 6102,1515"/>
                <TextEquiv>
                    <Unicode>sein, was du mir nicht sagen willst oder</Unicode>
                </TextEquiv>
            </TextLine>
            <TextLine id="tr_1_tl_19" custom="readingOrder {index:18;}">
                <Coords points="738,1635 3009,1596 3030,1446 745,1507"/>
                <Baseline points="757,1610 793,1610 882,1610 972,1604 1061,1604 1151,1598 1240,1598 1330,1592 1419,1592 1509,1586 1598,1586 1688,1580 1777,1580 1867,1580 1956,1580 2046,1574 2135,1574 2225,1568 2314,1568 2404,1562 2493,1562 2583,1562 2672,1557 2762,1557 2851,1557 2941,1557 3030,1568"/>
                <TextEquiv>
                    <Unicode>Er ist sicher zu gut.Nun ja hundertsechzig,</Unicode>
                </TextEquiv>
            </TextLine>
            <TextLine id="tr_1_tl_20" custom="readingOrder {index:19;}">
                <Coords points="4031,1715 4064,1706 4122,1721 4186,1703 4260,1727 4424,1715 4421,1571 4238,1587 4205,1568 4076,1568 4028,1599"/>
                <Baseline points="4044,1646 4134,1646 4223,1646 4313,1652 4402,1658 4432,1664"/>
                <TextEquiv>
                    <Unicode>kannst.</Unicode>
                </TextEquiv>
            </TextLine>
            <TextLine id="tr_1_tl_21" custom="readingOrder {index:20;}">
                <Coords points="4858,1724 4879,1718 4885,1724 4894,1715 4916,1724 4928,1715 4952,1715 4964,1727 4983,1730 5004,1718 5025,1718 5019,1574 4980,1577 4949,1568 4925,1574 4897,1599 4867,1577 4851,1577"/>
                <Baseline points="4873,1700 4963,1700 5034,1706"/>
                <TextEquiv>
                    <Unicode>G.F.P.</Unicode>
                </TextEquiv>
            </TextLine>
            <TextLine id="tr_1_tl_22" custom="readingOrder {index:21;}">
                <Coords points="775,1779 2902,1751 2975,1742 2978,1611 778,1654"/>
                <Baseline points="793,1753 835,1753 924,1753 1014,1753 1103,1747 1193,1747 1282,1747 1372,1741 1461,1741 1551,1735 1640,1735 1730,1735 1819,1735 1908,1730 1998,1730 2087,1724 2177,1724 2266,1718 2356,1718 2445,1712 2535,1712 2624,1712 2714,1706 2803,1706 2893,1706 2982,1706"/>
                <TextEquiv>
                    <Unicode>und jede Nacht müssen sich hundertnund und</Unicode>
                </TextEquiv>
            </TextLine>
            <TextLine id="tr_1_tl_23" custom="readingOrder {index:22;}">
                <Coords points="5144,1770 5221,1742 5263,1764 5358,1724 5413,1770 5498,1751 5501,1642 5468,1629 5437,1654 5422,1639 5385,1648 5370,1632 5352,1648 5257,1657 5215,1639 5175,1663 5147,1660"/>
                <Baseline points="5160,1712 5249,1724 5339,1718 5428,1712 5506,1712"/>
                <TextEquiv>
                    <Unicode>dans le</Unicode>
                </TextEquiv>
            </TextLine>
            <TextLine id="tr_1_tl_24" custom="readingOrder {index:23;}">
                <Coords points="4031,1861 6310,1846 6307,1730 5846,1678 5450,1770 4028,1736"/>
                <Baseline points="4044,1807 4134,1801 4223,1801 4313,1801 4402,1801 4492,1807 4581,1807 4671,1807 4760,1807 4849,1807 4939,1813 5028,1813 5118,1819 5207,1819 5297,1819 5386,1819 5476,1819 5565,1819 5655,1819 5744,1825 5834,1825 5923,1819 6013,1825 6102,1825 6192,1825 6281,1825 6317,1831"/>
                <TextEquiv>
                    <Unicode>Adelbert:Ich kenn ihn, ich sah ihm, mein wohl</Unicode>
                </TextEquiv>
            </TextLine>
            <TextLine id="tr_1_tl_25" custom="readingOrder {index:24;}">
                <Coords points="763,1956 1184,1965 1297,1907 1492,1947 1904,1916 1996,1956 1999,1828 1785,1870 1678,1800 766,1812"/>
                <Baseline points="781,1926 841,1908 930,1908 1020,1903 1109,1903 1199,1897 1288,1897 1378,1891 1467,1891 1557,1891 1646,1897 1735,1897 1825,1891 1914,1897 2004,1891"/>
                <TextEquiv>
                    <Unicode>fünfzig kränken.</Unicode>
                </TextEquiv>
            </TextLine>
            <TextLine id="tr_1_tl_26" custom="readingOrder {index:25;}">
                <Coords points="4034,2014 4821,1980 4986,2053 5657,2057 6112,1980 6063,1858 4034,1861"/>
                <Baseline points="4050,1968 4140,1956 4229,1950 4319,1956 4408,1956 4498,1956 4587,1956 4676,1962 4766,1962 4855,1962 4945,1968 5034,1968 5124,1968 5213,1974 5303,1974 5392,1974 5482,1968 5571,1974 5661,1974 5750,1974 5840,1974 5929,1974 6019,1974 6108,1980 6120,1980"/>
                <TextEquiv>
                    <Unicode>geübtes richterliches Aug,und ich versi-</Unicode>
                </TextEquiv>
            </TextLine>
            <TextLine id="tr_1_tl_27" custom="readingOrder {index:26;}">
                <Coords points="799,2127 1877,2032 2798,2050 2801,1898 802,1941"/>
                <Baseline points="817,2070 835,2064 924,2052 1014,2052 1103,2052 1193,2046 1282,2046 1372,2040 1461,2040 1551,2046 1640,2040 1730,2040 1819,2034 1908,2034 1998,2028 2087,2028 2177,2028 2266,2028 2356,2022 2445,2022 2535,2016 2624,2016 2714,2010 2803,2010"/>
                <TextEquiv>
                    <Unicode>Adedbert: Wie du nur redtst,- hätte man</Unicode>
                </TextEquiv>
            </TextLine>
            <TextLine id="tr_1_tl_28" custom="readingOrder {index:27;}">
                <Coords points="4034,2206 4256,2145 5648,2212 6048,2157 6048,2053 4598,2017 4339,2078 4031,2017"/>
                <Baseline points="4050,2117 4140,2111 4229,2105 4319,2105 4408,2105 4498,2105 4587,2111 4676,2111 4766,2117 4855,2117 4945,2117 5034,2117 5124,2117 5213,2123 5303,2123 5392,2123 5482,2123 5571,2123 5661,2123 5750,2123 5840,2129 5929,2129 6019,2129 6055,2135"/>
                <TextEquiv>
                    <Unicode>chere dich, der Alte war mir lieber, mit</Unicode>
                </TextEquiv>
            </TextLine>
            <TextLine id="tr_1_tl_29" custom="readingOrder {index:28;}">
                <Coords points="778,2237 2645,2209 2691,2041 1120,2142 1040,2090 781,2169"/>
                <Baseline points="799,2219 817,2213 906,2213 996,2213 1085,2207 1175,2207 1264,2201 1354,2201 1443,2207 1533,2201 1622,2195 1712,2195 1801,2189 1891,2189 1980,2183 2070,2189 2159,2183 2249,2183 2338,2177 2427,2177 2517,2171 2606,2165 2696,2171"/>
                <TextEquiv>
                    <Unicode>dergleichen je für möglich gehalten?</Unicode>
                </TextEquiv>
            </TextLine>
            <TextLine id="tr_1_tl_30" custom="readingOrder {index:29;}">
                <Coords points="4034,2298 5349,2386 6188,2343 6185,2163 6087,2133 5648,2212 4034,2200"/>
                <Baseline points="4050,2260 4140,2260 4229,2260 4319,2260 4408,2260 4498,2266 4587,2266 4676,2266 4766,2272 4855,2272 4945,2272 5034,2272 5124,2272 5213,2278 5303,2278 5392,2278 5482,2278 5571,2278 5661,2278 5750,2278 5840,2284 5929,2284 6019,2284 6108,2284 6192,2296"/>
                <TextEquiv>
                    <Unicode>all seinen Fehlern,mit seinen vastern und</Unicode>
                </TextEquiv>
            </TextLine>
            <TextLine id="tr_1_tl_31" custom="readingOrder {index:30;}">
                <Coords points="802,2407 1013,2456 1175,2386 1840,2429 2115,2331 2740,2359 2807,2340 2810,2218 809,2267"/>
                <Baseline points="823,2362 912,2368 1002,2362 1091,2362 1181,2356 1270,2356 1360,2350 1437,2362 1479,2356 1562,2350 1652,2344 1741,2344 1831,2344 1920,2338 2010,2338 2099,2332 2189,2332 2278,2332 2368,2332 2457,2326 2547,2320 2636,2320 2726,2314 2815,2320"/>
                <TextEquiv>
                    <Unicode>Agnes: (näher zu ihm Verstehat du denn</Unicode>
                </TextEquiv>
            </TextLine>
            <TextLine id="tr_1_tl_32" custom="readingOrder {index:31;}">
                <Coords points="4015,2465 4092,2490 4147,2472 4192,2487 4220,2472 4266,2496 4299,2478 4363,2487 4400,2472 4400,2337 4333,2319 4272,2346 4241,2319 4208,2328 4192,2313 4159,2331 4092,2319 4055,2340 4015,2331"/>
                <Baseline points="4032,2416 4122,2410 4211,2416 4301,2416 4390,2416 4408,2416"/>
                <TextEquiv>
                    <Unicode>Sünden.</Unicode>
                </TextEquiv>
            </TextLine>
            <TextLine id="tr_1_tl_33" custom="readingOrder {index:32;}">
                <Coords points="809,2539 1034,2600 1187,2529 1712,2536 1825,2612 1996,2499 2944,2493 2948,2334 2002,2429 812,2417"/>
                <Baseline points="829,2517 894,2517 984,2511 1073,2511 1163,2511 1252,2511 1342,2511 1431,2511 1521,2511 1610,2499 1700,2499 1789,2493 1879,2493 1968,2487 2058,2487 2147,2487 2237,2487 2326,2481 2416,2481 2505,2481 2595,2475 2684,2475 2773,2469 2863,2469 2952,2469"/>
                <TextEquiv>
                    <Unicode>keinen Spass. Adelbert? Lass mich doch zu</Unicode>
                </TextEquiv>
            </TextLine>
            <TextLine id="tr_1_tl_34" custom="readingOrder {index:33;}">
                <Coords points="4470,2484 5331,2551 5483,2505 5749,2575 5916,2514 6273,2533 6270,2362 6014,2322 5797,2432 5227,2368 4766,2438 4470,2404"/>
                <Baseline points="4486,2469 4575,2469 4665,2475 4754,2481 4844,2481 4933,2487 5022,2487 5112,2487 5201,2493 5291,2499 5380,2499 5470,2499 5559,2499 5649,2499 5738,2499 5828,2499 5917,2499 6007,2499 6096,2505 6186,2511 6275,2517 6281,2517"/>
                <TextEquiv>
                    <Unicode>Wohlweiter als nur ein gar todt ist</Unicode>
                </TextEquiv>
            </TextLine>
            <TextLine id="tr_1_tl_35" custom="readingOrder {index:34;}">
                <Coords points="4022,2621 4299,2652 4732,2618 4861,2667 4952,2627 5193,2639 5175,2493 5041,2529 4397,2465 4022,2478"/>
                <Baseline points="4038,2583 4128,2577 4217,2565 4307,2571 4396,2571 4486,2577 4575,2577 4665,2577 4754,2577 4844,2577 4933,2577 5022,2577 5112,2577 5201,2595"/>
                <TextEquiv>
                    <Unicode>Agnes: Ja, der ist tod</Unicode>
                </TextEquiv>
            </TextLine>
            <TextLine id="tr_1_tl_36" custom="readingOrder {index:35;}">
                <Coords points="769,2710 1764,2670 1849,2743 2176,2652 2719,2673 2767,2505 1996,2499 1825,2612 1681,2548 772,2581"/>
                <Baseline points="787,2672 799,2672 888,2666 978,2666 1067,2660 1157,2660 1246,2660 1336,2660 1425,2660 1515,2660 1604,2654 1694,2654 1783,2648 1873,2642 1962,2648 2052,2642 2141,2636 2231,2636 2320,2630 2410,2630 2499,2630 2589,2630 2678,2624 2768,2624"/>
                <TextEquiv>
                    <Unicode>frieden mit dem Herzog / ich will auch</Unicode>
                </TextEquiv>
            </TextLine>
            <TextLine id="tr_1_tl_37" custom="readingOrder {index:36;}">
                <Coords points="4022,2761 5337,2767 5477,2835 6191,2780 6130,2664 4018,2658"/>
                <Baseline points="4038,2726 4128,2720 4217,2720 4307,2720 4396,2720 4486,2726 4575,2726 4665,2726 4754,2726 4844,2726 4933,2732 5022,2726 5112,2732 5201,2732 5291,2744 5380,2744 5470,2738 5559,2738 5649,2738 5738,2744 5828,2744 5917,2744 6007,2744 6096,2750 6186,2756 6198,2756"/>
                <TextEquiv>
                    <Unicode>Adelbert: Und hatte ein gutes, ein grosses</Unicode>
                </TextEquiv>
            </TextLine>
            <TextLine id="tr_1_tl_38" custom="readingOrder {index:37;}">
                <Coords points="1959,2859 2075,2865 2163,2816 2221,2853 2295,2801 2334,2832 2667,2786 2996,2801 2999,2697 2883,2648 2639,2667 2508,2722 2368,2664 2261,2700 2172,2652 2057,2713 1965,2685"/>
                <Baseline points="1978,2811 2016,2797 2105,2791 2195,2791 2284,2791 2374,2785 2463,2785 2553,2785 2642,2779 2732,2773 2821,2773 2911,2773 3000,2779"/>
                <TextEquiv>
                    <Unicode>ter stehen, Adelbert,</Unicode>
                </TextEquiv>
            </TextLine>
            <TextLine id="tr_1_tl_39" custom="readingOrder {index:38;}">
                <Coords points="754,2850 912,2865 961,2841 1025,2868 1169,2822 1385,2917 1483,2877 1535,2905 1535,2703 1504,2691 1437,2716 1388,2685 1349,2710 1263,2682 1080,2719 961,2694 754,2710"/>
                <Baseline points="769,2827 817,2827 906,2821 996,2815 1085,2815 1175,2815 1264,2809 1354,2809 1443,2821 1542,2849"/>
                <TextEquiv>
                    <Unicode>nicht wieder</Unicode>
                </TextEquiv>
            </TextLine>
            <TextLine id="tr_1_tl_40" custom="readingOrder {index:39;}">
                <Coords points="4009,2932 6218,3015 6173,2758 4961,2841 4006,2758"/>
                <Baseline points="4026,2875 4116,2875 4205,2869 4295,2875 4384,2881 4474,2881 4563,2881 4653,2881 4742,2881 4832,2881 4921,2881 5011,2881 5100,2887 5190,2887 5279,2887 5368,2893 5458,2893 5547,2893 5637,2893 5726,2893 5816,2899 5905,2899 5995,2899 6084,2905 6174,2911 6222,2917"/>
                <TextEquiv>
                    <Unicode>Herz.Ja, das hatte er. Was Leichtes, Freies,</Unicode>
                </TextEquiv>
            </TextLine>
            <TextLine id="tr_1_tl_41" custom="readingOrder {index:40;}">
                <Coords points="796,3036 2566,3005 2755,2929 2987,2981 2990,2850 2484,2798 1773,2902 1068,2844 799,2902"/>
                <Baseline points="817,2982 847,2976 936,2970 1026,2970 1115,2964 1205,2964 1294,2964 1384,2964 1473,2964 1562,2964 1652,2958 1741,2952 1831,2952 1920,2952 2010,2946 2099,2946 2189,2941 2278,2941 2368,2941 2457,2941 2547,2941 2636,2935 2726,2929 2815,2929 2905,2929 2994,2935"/>
                <TextEquiv>
                    <Unicode>Ad elbert: Ein Bösewicht ist er, glaub mir,</Unicode>
                </TextEquiv>
            </TextLine>
            <TextLine id="tr_1_tl_42" custom="readingOrder {index:41;}">
                <Coords points="4009,3094 5495,3124 5532,2951 4574,2972 4006,2914"/>
                <Baseline points="4026,3024 4116,3024 4205,3024 4295,3030 4384,3030 4474,3030 4563,3036 4653,3036 4742,3036 4832,3036 4921,3030 5011,3030 5100,3036 5190,3042 5279,3036 5368,3036 5458,3036 5536,3042"/>
                <TextEquiv>
                    <Unicode>liess auch die Andern leben -</Unicode>
                </TextEquiv>
            </TextLine>
            <TextLine id="tr_1_tl_43" custom="readingOrder {index:42;}">
                <Coords points="738,3186 2871,3118 2938,2969 741,3054"/>
                <Baseline points="757,3137 799,3131 888,3131 978,3125 1067,3119 1157,3119 1246,3119 1336,3119 1425,3114 1515,3114 1604,3108 1694,3108 1783,3108 1873,3102 1962,3102 2052,3096 2141,3096 2231,3096 2320,3096 2410,3096 2499,3090 2589,3090 2678,3084 2768,3078 2857,3078 2946,3072"/>
                <TextEquiv>
                    <Unicode>schlimmer als der Alte war. Der hatte doch</Unicode>
                </TextEquiv>
            </TextLine>
            <TextLine id="tr_1_tl_44" custom="readingOrder {index:43;}">
                <Coords points="4012,3243 6206,3250 6203,3100 4009,3094"/>
                <Baseline points="4026,3197 4116,3191 4205,3185 4295,3185 4384,3191 4474,3185 4563,3185 4653,3185 4742,3191 4832,3191 4921,3191 5011,3191 5100,3191 5190,3191 5279,3191 5368,3197 5458,3197 5547,3203 5637,3203 5726,3209 5816,3209 5905,3209 5995,3209 6084,3209 6174,3221 6210,3221"/>
                <TextEquiv>
                    <Unicode>Agnes: Wenn er sie nicht zu Tode prügelte,</Unicode>
                </TextEquiv>
            </TextLine>
            <TextLine id="tr_1_tl_45" custom="readingOrder {index:44;}">
                <Coords points="766,3308 1413,3268 1730,3366 1992,3277 2587,3295 2902,3253 2905,3109 769,3207"/>
                <Baseline points="787,3287 847,3281 936,3281 1026,3275 1115,3275 1205,3275 1294,3269 1384,3269 1473,3269 1562,3263 1652,3263 1741,3257 1831,3257 1920,3257 2010,3257 2099,3257 2189,3251 2278,3251 2368,3251 2457,3245 2547,3239 2636,3239 2726,3233 2815,3233 2905,3233"/>
                <TextEquiv>
                    <Unicode>etwas Freies, Leichtes, sparte nicht, liess</Unicode>
                </TextEquiv>
            </TextLine>
            <TextLine id="tr_1_tl_46" custom="readingOrder {index:45;}">
                <Coords points="4009,3366 4427,3442 4528,3387 5709,3427 6020,3384 6020,3295 4006,3247"/>
                <Baseline points="4026,3346 4116,3340 4205,3334 4295,3334 4384,3334 4474,3340 4563,3346 4653,3346 4742,3340 4832,3346 4921,3346 5011,3346 5100,3346 5190,3346 5279,3352 5368,3352 5458,3352 5547,3358 5637,3358 5726,3358 5816,3358 5905,3358 5995,3364 6025,3358"/>
                <TextEquiv>
                    <Unicode>wie damals seinen Lakai eines zu engen</Unicode>
                </TextEquiv>
            </TextLine>
            <TextLine id="tr_1_tl_47" custom="readingOrder {index:46;}">
                <Coords points="766,3469 3021,3439 3079,3262 1992,3277 1730,3366 1410,3271 769,3378"/>
                <Baseline points="787,3442 847,3442 936,3430 1026,3430 1115,3424 1205,3424 1294,3424 1384,3418 1473,3418 1562,3418 1652,3412 1741,3412 1831,3412 1920,3412 2010,3400 2099,3400 2189,3394 2278,3388 2368,3394 2457,3388 2547,3394 2636,3394 2726,3388 2815,3388 2905,3382 2994,3382 3084,3382"/>
                <TextEquiv>
                    <Unicode>auch die andern Leben, wenn er sie nicht eben</Unicode>
                </TextEquiv>
            </TextLine>
            <TextLine id="tr_1_tl_48" custom="readingOrder {index:47;}">
                <Coords points="439,3472 491,3472 516,3491 574,3463 598,3466 641,3497 656,3481 683,3500 711,3497 705,3338 683,3344 635,3311 586,3308 568,3320 543,3305 519,3329 464,3326 430,3341"/>
                <Baseline points="453,3418 542,3424 632,3430 715,3430"/>
                <TextEquiv>
                    <Unicode>Agre.</Unicode>
                </TextEquiv>
            </TextLine>
            <TextLine id="tr_1_tl_49" custom="readingOrder {index:48;}">
                <Coords points="1999,3478 2099,3491 2179,3460 2200,3478 2218,3460 2291,3475 2356,3454 2450,3469 2468,3466 2472,3408 2371,3402 2322,3420 2298,3405 2234,3427 2194,3396 2163,3427 2142,3411 2002,3427"/>
                <Baseline points="2016,3465 2028,3465 2117,3460 2207,3448 2296,3442 2386,3442 2475,3448"/>
                <TextEquiv>
                    <Unicode>wie die deren</Unicode>
                </TextEquiv>
            </TextLine>
            <TextLine id="tr_1_tl_50" custom="readingOrder {index:49;}">
                <Coords points="4003,3561 4195,3552 4235,3579 4461,3533 4501,3573 4723,3546 4812,3594 4809,3414 4610,3433 4528,3387 4406,3442 4311,3387 4202,3427 4144,3390 4083,3420 4000,3390"/>
                <Baseline points="4020,3501 4110,3489 4199,3489 4289,3489 4378,3495 4468,3495 4557,3495 4647,3501 4736,3501 4820,3507"/>
                <TextEquiv>
                    <Unicode>Stiefels wegen.</Unicode>
                </TextEquiv>
            </TextLine>
            <TextLine id="tr_1_tl_51" custom="readingOrder {index:50;}">
                <Coords points="412,3533 445,3543 546,3533 574,3555 595,3543 668,3546 668,3491 622,3497 595,3466 577,3475 561,3463 507,3491 449,3451 415,3442"/>
                <Baseline points="429,3531 519,3531 608,3525 674,3531"/>
                <TextEquiv>
                    <Unicode>at this</Unicode>
                </TextEquiv>
            </TextLine>
            <TextLine id="tr_1_tl_52" custom="readingOrder {index:51;}">
                <Coords points="406,3637 1443,3662 2319,3552 2533,3625 2856,3585 2859,3469 409,3530"/>
                <Baseline points="423,3603 447,3597 536,3597 626,3591 715,3591 805,3591 894,3591 984,3585 1073,3585 1163,3579 1252,3579 1342,3573 1431,3567 1521,3567 1610,3567 1700,3561 1789,3561 1879,3561 1968,3567 2058,3561 2147,3555 2237,3555 2326,3549 2416,3549 2505,3549 2595,3543 2684,3543 2773,3543 2863,3543"/>
                <TextEquiv>
                    <Unicode>zu Tode prügeln liess,- aber der Junge,</Unicode>
                </TextEquiv>
            </TextLine>
            <TextLine id="tr_1_tl_53" custom="readingOrder {index:52;}">
                <Coords points="3988,3692 5559,3759 6151,3695 6148,3573 5791,3539 5633,3607 3985,3558"/>
                <Baseline points="4002,3644 4092,3644 4181,3644 4271,3644 4360,3644 4450,3650 4539,3650 4629,3656 4718,3656 4808,3656 4897,3656 4987,3656 5076,3656 5166,3656 5255,3656 5345,3662 5434,3668 5524,3668 5613,3662 5703,3662 5792,3668 5882,3668 5971,3668 6060,3668 6150,3680 6156,3680"/>
                <TextEquiv>
                    <Unicode>Adelbert: Ich will es nicht gut heissen;</Unicode>
                </TextEquiv>
            </TextLine>
            <TextLine id="tr_1_tl_54" custom="readingOrder {index:53;}">
                <Coords points="461,3707 473,3710 507,3692 531,3707 552,3692 601,3677 610,3686 635,3671 650,3677 668,3600 641,3597 589,3631 568,3628 537,3607 510,3625 485,3600"/>
                <Baseline points="477,3704 560,3674 650,3662 662,3656"/>
                <TextEquiv>
                    <Unicode>1. I 1.</Unicode>
                </TextEquiv>
            </TextLine>
            <TextLine id="tr_1_tl_55" custom="readingOrder {index:54;}">
                <Coords points="799,3777 2911,3741 2914,3600 802,3631"/>
                <Baseline points="817,3746 859,3740 948,3740 1038,3740 1127,3740 1216,3734 1306,3728 1395,3728 1485,3728 1574,3722 1664,3722 1753,3722 1843,3716 1932,3716 2022,3716 2111,3716 2201,3716 2290,3710 2380,3710 2469,3704 2559,3704 2648,3704 2738,3698 2827,3692 2917,3686"/>
                <TextEquiv>
                    <Unicode>der ist auch Mart, geizig, ja, keizig. Liess</Unicode>
                </TextEquiv>
            </TextLine>
            <TextLine id="tr_1_tl_56" custom="readingOrder {index:55;}">
                <Coords points="467,3768 507,3747 525,3759 537,3750 552,3759 568,3744 589,3762 607,3744 662,3759 677,3747 705,3747 699,3677 674,3674 653,3686 632,3671 613,3686 598,3677 543,3701 485,3674 458,3686"/>
                <Baseline points="477,3704 566,3728 656,3728 709,3734"/>
                <TextEquiv>
                    <Unicode>at an</Unicode>
                </TextEquiv>
            </TextLine>
            <TextLine id="tr_1_tl_57" custom="readingOrder {index:56;}">
                <Coords points="363,3814 430,3805 500,3838 537,3826 561,3842 601,3811 644,3845 680,3842 680,3747 653,3759 607,3744 537,3765 449,3744 427,3762 363,3735"/>
                <Baseline points="381,3800 417,3800 507,3806 596,3800 686,3794"/>
                <TextEquiv>
                    <Unicode>de même</Unicode>
                </TextEquiv>
            </TextLine>
            <TextLine id="tr_1_tl_58" custom="readingOrder {index:57;}">
                <Coords points="4003,3851 5343,3832 5874,3936 6203,3857 6203,3756 6066,3726 4003,3701"/>
                <Baseline points="4020,3806 4110,3800 4199,3806 4289,3806 4378,3811 4468,3811 4557,3811 4647,3811 4736,3811 4826,3811 4915,3811 5005,3817 5094,3817 5184,3817 5273,3823 5363,3823 5452,3823 5541,3823 5631,3823 5720,3823 5810,3829 5899,3829 5989,3829 6078,3829 6168,3835 6210,3829"/>
                <TextEquiv>
                    <Unicode>aber es war eine Aufwallung und er gab den</Unicode>
                </TextEquiv>
            </TextLine>
            <TextLine id="tr_1_tl_59" custom="readingOrder {index:58;}">
                <Coords points="824,3942 1263,3921 1455,4000 1815,3875 2737,3912 2969,3851 2972,3719 827,3777"/>
                <Baseline points="841,3895 918,3889 1008,3889 1097,3889 1187,3883 1276,3883 1366,3883 1455,3883 1545,3877 1634,3877 1724,3871 1813,3865 1903,3871 1992,3871 2081,3865 2171,3865 2260,3859 2350,3859 2439,3853 2529,3853 2618,3853 2708,3853 2797,3847 2887,3841 2976,3835"/>
                <TextEquiv>
                    <Unicode>er nicht, du wirst es kaum glauben, gestern</Unicode>
                </TextEquiv>
            </TextLine>
        </TextRegion>
    </Page>
</PcGts>
