6648 4184
781 436 2461 630 das Unglück der Völker bedeuten.
784 644 2833 803 Adelbert: pa war ich betrunken. Oder Ihr
789 795 1488 959 seid’s jetzt.
792 926 2956 1107 Tobias: Könnte wohl beides der Fall sein.)
789 1104 2803 1274 Adebert: Was wollt Ihr? Warum seid Ihr
803 1249 2918 1386 da? Wenn Ihr solches im Ernst vorhabt, wa-
795 1422 2888 1537 rum kommt Ihr vorerst zu mir? Um mich am
795 1540 2803 1699 Ende in den schändlichsten Verdacht zu
800 1693 2896 1850 bringen. Ist dies der Lohn, dass ich Euch
795 1860 2019 2025 die Freiheit wiedergab?
781 1984 2754 2192 Tobias: Ich musste doch wohl irgendwo
789 2178 2844 2326 bis zur Dunkelheit verbleiben,und konnt
795 2329 2619 2488 Euch danken bei dieser Gelegenheit.
775 2466 2776 2650 Adelbert:  Ich denke, es ist genug des
786 2611 2685 2787 törichten und frevlerischen Spasses.
770 2765 2970 2956 Nützt die Dunkelheit, um über die Grenze zu
781 2926 2795 3129 kommen.Braucht Ihr etwas Geld, ich will
795 3099 1521 3272 es Euch geben,
773 3206 2704 3444 Tobias: Ich habe jenseits der Grenze
773 3406 1556 3573 nichts zu tun.
781 3543 2855 3743 Adelbert: Ha, was lass ich mich von Euch
775 3710 2781 3863 zum Narren machen. Als wär das eine so
3965 441 5943 671 einfache Sache, die Ihr vor habt. Ha, so
3959 627 5896 819 einer wie Ihr! Man sieht Euch nur von
3965 795 5387 989 Weitem und ist auf der Hut.
3954 934 5866 1099 Tobias: In der Nacht sieht man nicht
3973 1088 4310 1280 nicht.
5880 1271 6042 1419 age
3973 1230 5324 1417 Adelbert: Aber in der Nach
5875 1436 6102 1614 acht
5387 1397 5543 1565 od
3959 1397 5324 1586 sind die Türen verschlossen
3965 1545 5535 1732 Wie denkt Ihr, kommt Ihr in des
3954 1718 4631 1896 Jagdschloss?
3948 1852 5318 2025 Tobias: Als kennte ich dor
5606 2014 5798 2178 es m
3965 2014 5313 2192 Tür und jedes Fenster. Ich
5499 2165 5707 2321 umso!
3965 2181 5376 2367 für nichts und wieder nicht
3959 2315 5699 2526 auch schon als Bernhard Friedrich
3959 2496 4324 2666 wohnte.
3959 2581 5699 2825 Adelbert: Trugt Ihr Euch schon da
3973 2789 5420 2992 solchen teuflischen Absicht
3954 2926 5368 3135 Tobias: Es wird wohl eine A
3954 3099 4661 3293 gewesen sein.
3954 3200 5987 3488 Adelbert: Kein Wort glaub ich Euch, Ihr
3948 3384 6146 3573 macht Euch gross vor mir.So sehen die Für-
3965 3570 4743 3754 stemmörder aus.
