6664 4280
790 592 2999 768 Freiheit gesetzt, gesteht ihm, dass er eine
807 751 3049 913 Gelegenheit zur Ermordung des Herzogs aus-
824 899 2952 1097 kundschaften wollte. Adelbert in Rachege-
821 1086 2220 1257 danken schürt diese Pläne.
824 1176 2938 1410 Bückkunft des Herzogs mit Agnes. Er wird
827 1357 2924 1536 seiner eigenen Grossmut nicht froh,ver-
882 1502 3069 1703 zeiht wohl dem Tobias, aber nicht demAdel-
832 1720 1151 1882 bert.
6194 330 6392 539 xx
4138 486 6233 723 Tobias Klenk sollte keinen Diebstahl be-
4138 707 6258 891 gangen, sondern irgend ein revolutionäres
4158 922 6104 1050 Vergehen verübt haben. Entweder hat er
4147 1005 6163 1198 Drohungangegen den Herzog ausgestossen
4169 1156 6278 1354 oder ist in einen Anschlag gegen ihn ver-
4147 1357 6007 1572 wickelt.Adelbert müsste seiner Frau
4158 1455 6283 1648 schon Tags vorher von dem Fall gesprochen
4147 1631 6138 1849 haben und sie, die ihren eigenen Gatten
4158 1756 6135 1966 nach seiner Art zu reden für einen Ge-
4169 1913 6236 2106 sinnungsgenossen des Tobias halten muss,
4169 2066 6152 2254 ist der Ueberzeugung,dass er ihn nicht
4164 2212 6152 2402 streng verurteilen, ja vielleicht frei-
4164 2368 6155 2575 sprechen muss. Vielleicht hat er sogar
4164 2522 6258 2728 davon gesprochen ihm selbst noch vor der
4180 2753 6197 2871 Verhandlung die Gefängnistür zu öffnen.
4164 2832 6118 3033 Das Ganze müsste in einem kleinen Ort
4180 2999 6065 3228 vorgehen, das Schlösschen des Herzogs
4180 3169 6264 3359 freilich in der Nähe sein,er selbst aber
4180 3334 6113 3513 ganz unerwartet aus der Residenzstadt
5915 3387 6333 3544 eindusse
4169 3513 6280 3664 die ein paar Stunden entfernt ist, kommen
4183 3619 6230 3823 Agnes müsste ihn also von einer anderen
4175 3773 6272 4035 Gelegenheit her kennen,eventuell persön-
