6600 4232
1034 496 2764 810 rau neuf aufgebrussene Heinegele
532 727 2722 929 tim aesegnagte aswie aum xxx.
730 855 2761 1105 Liev geb megnungslnev Gnoielfelv.neleige
717 1028 2773 1249 eilime? heb redünegeg ogosneH neu edroda
2114 1195 2780 1383 .. saidoT aab
730 1342 2815 1563 JumasonO namenta nachlaa biiw gosneH med
711 1473 2780 1675 aj.fielikow ais xxx abnilgme.dort jdoin
775 1672 2793 1835 neb megeg de!a ilexolwjne bas daffrede
701 1816 2786 2046 auswied fuhleö seb aus ebenen nid aan Ido?
1534 1928 2802 2133 wennen T nedolfinw xxx
1018 2088 2805 2309 nov abnä me dola tous!g asido?
3628 176 4503 346 Il y a eu d'autre au
6146 275 6363 458 914
3532 410 5198 740 sere mieuxent ou haben?
3638 634 5092 849 Ohre ihr nimmt zu hab -
3609 820 4503 996 Nein - das nicht.
3676 861 5582 1063 was vast die huwrenus fort -
3696 1022 5028 1230 It is in allen lassen.
3718 1204 4387 1332 du Feb!...
3725 1278 4359 1432 nein : Tout : -
3648 1281 5499 1579 was "Kunti auf immer fort".
3689 1524 4756 1726 Amt Lande - je 1/2.
3664 1633 5425 1832 he voll derher.. was me ull.
3664 1710 6238 1976 Hugo und sie’s erst sagen, wie in dienste -
3667 1886 5316 2133 dap sie nie zurück verder¬
3792 2091 5038 2277 Himmel – wei e ahnt -!
5143 2034 5332 2255 5
3747 2213 4996 2402 St auf es ihm verleh
3776 2328 4839 2543 - Aber his dahin -?:-
3689 2431 6030 2620 an Tod ein trost schreiben, er möge sich morgen sind
3696 2584 5595 2805 enfernen, unte unserst einer Cünsche.
3718 2767 4765 2943 Ein hible Brief...
3753 2866 5262 3033 Ode selbst wei sie ihr nicht?
3779 2998 5236 3193 Ihr mit Flücken zu über.
3766 3113 5550 3324 Und on de evdre - at dies uebuer...
3808 3244 4624 3414 Nelpon Bertan
3801 3369 5985 3564 peberall wtin in reises, gibt e haune un
3795 3507 4355 3689 Feil - : -
3821 3596 5729 3856 2o und durch Reise gaudert!
3843 3827 6162 4022 dit vier inge die gefet große dat allel
