6712 4328
2656 96 2894 220 Xx
2885 458 3075 639 34
733 576 3160 805 haben.Sollte der Herzog vielleicht an derglei-
4079 603 6262 868 Agnes erwartet den Richter.Die Magd deckt
754 760 3030 953 chen denken? Da soll er sich verrechnet ha¬
4146 829 4492 941 Tisch.
748 932 3021 1125 ben. Er wird sich in mancherlei verrechnen.
4137 947 6214 1143 Die Mutter von Agnes kommt (der Vater?)
754 1082 3030 1287 Wie er sich nur anstellte, als erwiescer uns
4149 1131 6295 1299 Mutter: Dein Mann macht mir Sorge.Er hält
742 1245 2931 1438 wirklich eine Gnade..Hochnasiger Geselle!
4137 1275 6365 1477 verbotene Zeitungen,hält schlimme Reden im
4128 1423 4685 1583 Wirtshaus.
742 1438 2970 1592 Spielte er uns nicht eine Komödie vor? Zu-
754 1553 2756 1722 fall... Vielleicht war es auch keiner.
4131 1553 5695 1776 Agnes; Er hasst die Tyrannen.
4125 1713 6202 1902 Mutter: Nun gar seit Tobias wieder hier
736 1737 2970 1893 Agnes: (die bisher starr dagestanden,wendet
4137 1921 6344 2032 ist. Landstreicher „Wilserer. Wie kann ein
742 1881 2074 2050 sich plötzlich zum Gehen)
4118 2032 6286 2219 bestallter Richter mit so einem im Wirts-
736 2047 2834 2201 Adelbert: Was ist dir? Wohin willst du?
724 2156 2946 2349 Zum Vater? Ich will ihn rufen lassen. Wir
4115 2195 5216 2370 haus zusammensitzen?
4115 2346 5252 2502 Agnes: Jugendfreunde.
742 2334 2126 2524 wollen Katharina schicken.
4131 2448 6241 2698 Mutter: Und denke, wenn der Herzog selbst
724 2499 3048 2686 Agnes: Lass mich. Ich hab beim Vater nichts
4131 2626 5704 2783 von Adalberts Reden erfährt...
736 2659 1125 2813 zu tun.
4963 2762 5569 2873 sich so ein
730 2759 2153 2991 Adelbert: Wohin willst du?
4115 2771 6196 2991 Agnes: Was kümmert xxxder Herzog um xx
4115 2985 6338 3118 ein Dorfrichterlein. Und wo ist der Herzog
736 2964 1703 3139 Agnes: Zum Herzog.
4118 3130 4725 3268 und wo wir?
724 3111 2997 3310 Adelbert: Bist du toll? Jetzt? Was hast du
4103 3277 5656 3473 Mutter: Wo? Hier. Angekommen.
730 3265 1791 3464 beim Herzog zu tun?
4118 3437 6377 3615 Agnes: Dann hab ich ihn schon gesehen.Dach-
712 3395 3090 3597 Agnes: Zum Herzog will ich und sollt ich sein
4115 3564 6253 3769 te nicht, dass es der Herzog ist. Der Sohn
712 3579 2985 3745 Gartenmägdlein werden. (sie eilt davon;man
4103 3748 5300 3929 des Schlossverwalters.
718 3724 2798 3941 sieht sie vor dem Fenster vorbeilaufen)
