3720 4456
436 727 3272 1089 Lindau P. Musset / Bever / Kleine Geschichten / Lit. Rücks.
976 1040 3038 1270 Zug nach d. Westen./Arme Mädchen / Wunder-
774 1185 1909 1423 liche Leute / der Alend/
447 1483 3293 1657 Lindau Rudolf.. Wintertage / Gast / Erz. aus Japan u. Frank.
742 1618 2764 1856 Die kl. Welt / Auf der Fahrt / Zwei Seelen
429 1877 1302 2136 Lilieneron. viel.
429 2214 1920 2452 Lienhard... Im Sturm des Lebens
426 2534 1011 2722 Lichtenberg
