3656 4488
1359 553 1905 780 Frankreich.
424 916 3028 1139 About... Pari###ser Ehen/ Mann mit dem ab. Ohr /L infame.
421 1359 925 1491 Augier...
424 1782 2944 2028 Baßaen... Femme de trente/ Paz / Ballsp. Katze /Blut-
741 1935 2802 2112 rache / Mundtot / Chabert / Honorine / Peau
692 2096 2834 2274 Illusion / Physid. den mariage/ Pere Goriot /
696 2206 2730 2446 Fausse Maitresse / Etude de f. / Paix de m.
692 2387 2637 2523 Double famille / Grandet / Med. de Camp./
686 2504 2536 2701 Biroteau / Vielle fille "Gousine Bet".
637 2633 3206 2802 Lettre a l'étr.  Lyschreve le valle (54)1 Samedi je vous
657 2759 1469 2954 Eleur de Canton,
395 2769 631 2960 Glour
