2968 3624
603 564 2514 682 Des Dogma auf allen möglichen Gebieten,nicht
643 692 2426 853 nur auf dem der Religion, ist auch dem Un-
603 814 2367 956 gläubigen in jedem Augenblick bequem zur
640 937 2467 1099 Hand; und mancher, der es gestern noch ver-
645 1111 2509 1231 lacht hat,beruft sich heute aus Gründen der
638 1204 2364 1368 Politik, des Vorteils,der Bequemlichkeit
625 1329 2514 1489 mit soleder Eut-cLiesenheit darauf, als wäre
638 1457 2470 1619 es ihm niexals eingefallen zu spotten oder
633 1582 2381 1719 zu zweifeln. Und er darf überzeuft sein,
586 1712 2558 1869 dass die Frommen ihn in jedem Fall willkommen
586 1852 2536 2014 heissen werden, auch wenn sie allen Grund ha-
633 1957 2470 2092 ben an der Aufrichtigkeit seiner Bekehrung
638 2087 1268 2251 zu misstrauen.
591 2310 2433 2519 Warum uns doch die Cutmütigkeit unserer Ne-
628 2484 2416 2656 benmenschen meist als Dumnheit und unsere
638 2617 2421 2744 eigene als Cüte;- die cüte der Andern als
927 2730 1096 2808 und
630 2737 2381 2906 Schwäche,d ie unsere als ein Zeichen von
638 2862 1557 3073 soelenadel erscheint.
