3272 4504
989 1308 2907 1515 für ah unfasabaren Orgenisnug, Franktaftstedengz
989 1493 2801 1648 xakx innerhalb dessen sie Bedingung. Notwendig-
980 1616 2798 1764 keit und Sinn ihres Daseins findet, eine Krank-
992 1742 2828 1910 heit bedeutet und dass sie diesen Organismus zu
1426 1880 1631 1944 rie dar
989 1873 2734 2026 zerstören 47l und endlich, je höher sie sich
989 2028 2825 2149 entwickelt, zerstören muss,geradeso wie das Ba-
989 2142 2722 2265 zillengeschlecht,das erkrankte“ menschliche
985 2255 2322 2426 Individannvernichtete Lachtel
985 2344 2813 2539 Und durken wir nicht meiter fragen, ob es nicht
982 2517 2880 2667 die Aufgabe jeder lebendigen Gemeinschaft bedeu-
989 2650 2877 2825 tet, sei es Bazillengeschlecht, sei es lenschleit.
982 2786 2912 2926 die ihr übergeordnete Welt - sei dies ein mensch-
2406 2904 2813 2991 allmählich
982 2919 2855 3107 liches Individuum, sei es das Universum -)zu ver-
982 3057 1325 3195 nichten?
982 3176 2882 3346 Auch wenn diese Apnahme der Wahrheit nahe käme-
977 3316 2801 3492 unser Vorstellungevermögen mürste nichts damit
985 3447 2798 3600 anzufangen; denn unser Geist ist. nur fähig das
970 3570 2954 3743 Ebsteigende, Diefere, niemals ,aber das Aufsteigende.
967 3714 2929 3867 Aohere zu erfassentxexExexdk
975 3827 2899 3997 nur das Niedere kenn von une relstiv gewusst,wr
975 3987 1722 4108 das Ephere und zwar
1893 3987 2769 4180 das Urtettotere, kann
