2808 3400
1197 399 1438 501 Jahrbuch
532 441 898 570 erhalten hätte.
582 511 2191 636 Man möchte auch gerne wissen, wie sich solche leute rechnisch
534 603 2181 709 (man verzeihe dieses materiatiscischt Wori in einem solc mera-
534 678 2176 786 physischen Zusammenhang) den Norgang der Seelenwanderung
534 761 2191 846 eigentlich vorstellen? — Geht die Seele des Dahingeschiedenen schon
534 829 2197 921 im Augenblick des Todes in den neuen Leib ein — und wenn das
526 877 2191 975 der Fall wäre, in einen Leib der eben geboren oder in einen, der
528 940 2187 1052 eben gezeugt wird? — Oder sollen wir eine Art von Quarantäne
528 1010 2183 1112 annehmen, (eine Wartezeit innerhalb der Unendlichkeit, wo die
524 1085 2189 1172 Seelen der Verstorbenen verweilen oder wenigstens in der Idee
528 1168 2193 1239 vorhanden sind — solange bis sich wieder ein richtiges oder, wie
534 1214 2185 1310 es(meist leider lzu geschehen scheint, ein nicht ganz passendes leib-
538 1293 2179 1389 liches Quartier für sie gefunden hat? Und wandern alle Seelen?
543 1357 2183 1472 Oder gibt es welche, die nach ihrer ersten oder nach ihrer tausendsten
532 1424 2183 1538 irdischen Existenz des Wanderns müde sind und als reine Seelen
540 1493 2191 1596 weiter existieren und nichts weiter zu tun haben als neugierigen
528 1559 2185 1680 Spiritisten durch, Tischklopfen auf törichte Fragen törichte (ver-
532 1646 2187 1725 mutlich ironisch gemeinte) Antworten zu erteilend Und hängt das
540 1709 2185 1794 Wandern und am Ende auch das Erscheinen von ihrem Belieben
1642 1769 2185 1869 —Wie der Glaube hat
528 1777 1619 1881 abr Oder folgen sie einem höheren Auftragt
520 1836 2185 1942 auch sein mißgewachsener Bastard, der Aberglaube, seinen Ursprung
540 1919 2197 1998 weit seltener in den metaphysischen Bedürknissen der Menschheit
545 1975 2183 2075 (die weniger verbreitet sind als die freundlichen Überschätzer eben-
538 2039 2191 2154 dieser Menschheit ihr zu schmeicheln pflegen), als in den allgemein-
538 2112 2181 2210 menschlichen Eitelkeiten und Angstgefühlen. Und es gibt keine
1759 2170 2191 2276 für Augenblicke
540 2206 1732 2282 Torheit, durch die sich die Menschen nicht —
549 2249 2185 2343 wenigstens interessanter machen wollten, als es ihnen in ihrem
534 2318 2189 2449 armen, vermutlich doch nur einmaligen Leben vergännt zu sein.
538 2401 713 2515 pllegt.
1147 2430 1582 2573 Falschspieler -2
597 2505 2199 2621 Nehmen wit einmal an, du setztest dich mit deinem Partner
534 2592 2191 2673 zum Kartenspiel nieder, und eine Weile würde anständig, den
545 2661 2185 2750 Regeln nach und ohne Tank gespielt. Wie nun, wenn in irgend-
543 2729 2195 2825 einem Augenblick, da du eben mit deinem Aß den König des andern
540 2798 2195 2892 stechen wolltest, dein Partner behauptete, daß nicht das Aß, sondern
534 2869 2208 2977 der König die höhere Karte bedeutet Oder daß es gar nicht das
543 2937 2195 3035 Aß sei, das da in Händen hieltest, sondern die Dame, oder der
547 3002 2197 3097 Siebner oder ein weisses Blatti — Oder wenn er es als einen Grund-
538 3072 2199 3164 irrtum, der überhaupt höchst reformbedürftigen Spielregel be-
540 3145 2143 3255 zeichnere, daß man gerade das Aß als höchere Karre gelten liebet.
547 3210 2197 3287 Oder wenn er gar erklärte daß eine Karte sich unter Umständen
2249 395 2576 563 der
