2984 3608
613 567 2320 751 Auch denen, die uns lieben und verehren-
567 725 2392 882 wird axxExXaAXx nicht eher in unserer Nähe
604 875 2368 1047 wohl, als sie entdeckt haben,wo wir sterb-
606 1001 1054 1144 lich sind.
1665 1195 1823 1297 nur
604 1229 2390 1384 Wahrhaft ungütig sind wirfgegen Menschen,
613 1360 2295 1512 von denen wir wissen,dass wir sie nicht
606 1483 1352 1638 verlieren können.
582 1718 2366 1905 Hüte dich vor den Bescheidenen; - du ahnst
587 1866 2344 2019 nicht, mit welch gerührtem Stolz sie ihre
594 1992 1285 2133 Schwächen hegen.
574 2242 2366 2412 Dass ist nicht der Aermste, der sich nicht
570 2363 2361 2521 das Nötigk kaufen kann;- giu Reicher, der
577 2518 2489 2693 nichExandernxxLxxdgxgKKKayEXXXXX in jede Art
1207 2630 1668 2715 mitelis ze
1832 2639 2193 2722 einn je
577 2688 2528 2814 von Besitz nur durch kauf zu gelangen vermag,
582 2753 1289 2986 ist der Kormere.
