2968 3592
477 504 2502 703 Nichts trübt das Bild der Melt so sehr als die
498 671 2436 818 eingebildete Verpflichtung zu Solidaritäten.
488 787 2478 939 Dieser Irrglaube schafft Beziehungen zwischen
493 920 2423 1080 Leuten, die nicht zu einandergehören und ver-
483 1046 2591 1185 hindert solche zwischen Leuten, die einander fin
488 1167 2573 1337 den sollten. Ueberdies nötögt er anständige Men-
488 1298 2473 1476 schen die Partei von Nichten zu ergreifen und
477 1419 2069 1634 dadurch selbst zu Nichten zu werden.
2080 1752 2565 1946 Heren 190)
