<?xml version="1.0" encoding="UTF-8" standalone="yes"?>
<PcGts xmlns="http://schema.primaresearch.org/PAGE/gts/pagecontent/2013-07-15" xmlns:xsi="http://www.w3.org/2001/XMLSchema-instance" xsi:schemaLocation="http://schema.primaresearch.org/PAGE/gts/pagecontent/2013-07-15 http://schema.primaresearch.org/PAGE/gts/pagecontent/2013-07-15/pagecontent.xsd">
    <Metadata>
        <Creator>prov=READ-COOP:name=PyLaia@TranskribusPlatform:version=2.7.0:model_id=50870:lm=none:date=22_01_2024_21:36</Creator>
        <Created>2023-09-27T14:42:40.618+02:00</Created>
        <LastChange>2024-01-22T21:36:39.621+01:00</LastChange>
        <TranskribusMetadata docId="1589070" pageId="60127100" pageNr="11" tsid="145643003" status="IN_PROGRESS" userId="40391" imgUrl="https://files.transkribus.eu/Get?id=GJHCMJMITMOCDKHCWSGZINOB&amp;fileType=view" xmlUrl="https://files.transkribus.eu/Get?id=VVKGAGGTLFNAIFLHLWCOEVQM" imageId="48552177"/>
    </Metadata>
    <Page imageFilename="1589070_0011.jpg" imageWidth="2968" imageHeight="3848">
        <ReadingOrder>
            <OrderedGroup id="ro_1711787039119" caption="Regions reading order">
                <RegionRefIndexed index="0" regionRef="tr_1"/>
            </OrderedGroup>
        </ReadingOrder>
        <TextRegion orientation="0.0" id="tr_1" custom="readingOrder {index:0;}">
            <Coords points="462,525 462,3388 2662,3388 2662,525"/>
            <TextLine id="tr_1_tl_1" custom="readingOrder {index:0;}">
                <Coords points="1924,620 1957,628 1992,606 2016,612 2043,603 2065,614 2089,603 2111,622 2130,620 2133,514 2114,517 2103,503 2070,501 2049,487 1973,514 1927,501"/>
                <Baseline points="1943,579 1971,580 1999,582 2027,582 2055,582 2083,580 2111,577 2140,573"/>
                <TextEquiv>
                    <Unicode>(kait</Unicode>
                </TextEquiv>
            </TextLine>
            <TextLine id="tr_1_tl_2" custom="readingOrder {index:1;}">
                <Coords points="1264,603 1361,631 1413,603 1499,612 1575,677 1599,655 1624,668 1678,622 1735,622 1737,517 1710,506 1507,498 1426,533 1340,509 1267,517"/>
                <Baseline points="1280,606 1305,603 1331,603 1356,602 1382,600 1407,598 1433,597 1458,595 1484,594 1510,594 1535,594 1561,594 1586,592 1612,591 1637,589 1663,587 1688,585 1714,585 1740,585"/>
                <TextEquiv>
                    <Unicode>Sinichate.</Unicode>
                </TextEquiv>
            </TextLine>
            <TextLine id="tr_1_tl_3" custom="readingOrder {index:2;}">
                <Coords points="1410,747 1559,779 1648,725 1759,752 1856,709 2376,693 2449,679 2455,568 1919,644 1697,620 1580,679 1488,631 1413,647"/>
                <Baseline points="1426,701 1477,698 1529,700 1580,697 1632,693 1684,694 1735,690 1787,686 1839,682 1890,678 1942,680 1994,680 2045,680 2097,680 2149,677 2200,678 2252,681 2304,681 2355,676 2407,669 2459,668"/>
                <TextEquiv>
                    <Unicode>Shexni? Telshopule</Unicode>
                </TextEquiv>
            </TextLine>
            <TextLine id="tr_1_tl_4" custom="readingOrder {index:3;}">
                <Coords points="447,944 1082,947 1651,885 1808,915 2041,869 2092,901 2452,863 2571,904 2606,896 2609,798 2341,758 1986,812 1629,777 1483,831 1031,798 449,825"/>
                <Baseline points="462,907 569,910 677,908 784,904 892,898 1000,898 1107,891 1215,886 1323,886 1430,881 1538,880 1646,874 1753,869 1861,867 1969,862 2076,856 2184,853 2292,853 2399,846 2507,837 2615,832"/>
                <TextEquiv>
                    <Unicode>Nehmen wir einmal-an, du setztest dich mit feinem Part-</Unicode>
                </TextEquiv>
            </TextLine>
            <TextLine id="tr_1_tl_5" custom="readingOrder {index:4;}">
                <Coords points="468,1064 771,1096 926,1058 982,1091 1082,1039 1599,1061 1689,1018 2114,990 2243,1039 2422,1004 2528,1064 2641,1028 2644,880 2476,871 1886,963 1640,920 1551,966 1478,934 471,988"/>
                <Baseline points="483,1041 591,1041 699,1035 807,1026 915,1026 1024,1026 1132,1020 1240,1018 1348,1014 1456,1011 1565,1005 1673,1002 1781,997 1889,994 1997,991 2106,985 2214,984 2322,979 2430,976 2538,970 2647,970"/>
                <TextEquiv>
                    <Unicode>ner zum Lartenspiel nieder, und eine Weile würde anstang</Unicode>
                </TextEquiv>
            </TextLine>
            <TextLine id="tr_1_tl_6" custom="readingOrder {index:5;}">
                <Coords points="465,1215 625,1185 725,1242 896,1185 1012,1210 1405,1147 1672,1188 1740,1142 2538,1142 2541,1064 2403,1026 1873,1085 1683,1018 1499,1080 1131,1112 999,1077 939,1115 834,1069 736,1118 471,1101"/>
                <Baseline points="483,1170 586,1172 689,1168 792,1162 895,1158 998,1156 1101,1150 1204,1149 1307,1143 1410,1138 1513,1134 1616,1131 1719,1129 1822,1125 1925,1124 2028,1119 2131,1116 2234,1110 2337,1106 2440,1104 2543,1110"/>
                <TextEquiv>
                    <Unicode>dig, den Regeln nach und ohne Zank gespielt. Wie nun,</Unicode>
                </TextEquiv>
            </TextLine>
            <TextLine id="tr_1_tl_7" custom="readingOrder {index:6;}">
                <Coords points="479,1329 1415,1294 1599,1326 1694,1283 1838,1334 2005,1264 2533,1275 2584,1261 2587,1175 2387,1147 2187,1191 1984,1150 1705,1204 1513,1150 1291,1218 652,1256 482,1212"/>
                <Baseline points="495,1295 599,1295 704,1292 809,1287 914,1284 1019,1283 1123,1277 1228,1275 1333,1271 1438,1269 1543,1271 1647,1265 1752,1259 1857,1256 1962,1253 2067,1250 2171,1247 2276,1241 2381,1239 2486,1238 2591,1229"/>
                <TextEquiv>
                    <Unicode>wenn in irgend einem Augenblick, da du eben mit deinem</Unicode>
                </TextEquiv>
            </TextLine>
            <TextLine id="tr_1_tl_8" custom="readingOrder {index:7;}">
                <Coords points="487,1472 1215,1421 1302,1453 1537,1396 1594,1445 2525,1391 2528,1291 2452,1318 2187,1277 1805,1342 1583,1315 1191,1372 912,1326 490,1377"/>
                <Baseline points="501,1420 602,1420 704,1420 805,1415 907,1415 1009,1409 1110,1406 1212,1405 1314,1400 1415,1397 1517,1389 1619,1391 1720,1386 1822,1379 1924,1375 2025,1376 2127,1373 2229,1369 2330,1364 2432,1362 2534,1352"/>
                <TextEquiv>
                    <Unicode>Ass den Zönig des Andern stechen wolltest, dein Tart-</Unicode>
                </TextEquiv>
            </TextLine>
            <TextLine id="tr_1_tl_9" custom="readingOrder {index:8;}">
                <Coords points="471,1586 666,1548 1126,1594 1299,1543 1410,1578 2162,1505 2495,1543 2520,1391 2114,1445 2008,1410 1716,1459 1640,1429 1526,1486 1388,1423 1272,1497 1036,1456 961,1497 706,1461 474,1507"/>
                <Baseline points="486,1552 587,1549 689,1546 790,1543 892,1543 994,1540 1095,1537 1197,1533 1299,1528 1400,1525 1502,1521 1604,1519 1705,1514 1807,1510 1909,1507 2010,1505 2112,1501 2214,1494 2315,1492 2417,1491 2519,1492"/>
                <TextEquiv>
                    <Unicode>ner behauptete, dass nicht das des, sondern der König</Unicode>
                </TextEquiv>
            </TextLine>
            <TextLine id="tr_1_tl_10" custom="readingOrder {index:9;}">
                <Coords points="557,1621 571,1621 590,1640 620,1618 652,1632 679,1616 720,1637 798,1626 798,1553 758,1570 742,1556 698,1570 655,1545 609,1570 557,1564"/>
                <Baseline points="573,1612 598,1609 624,1609 649,1609 675,1609 700,1609 726,1609 751,1609 777,1608 803,1606"/>
                <TextEquiv>
                    <Unicode>höhere</Unicode>
                </TextEquiv>
            </TextLine>
            <TextLine id="tr_1_tl_11" custom="readingOrder {index:10;}">
                <Coords points="490,1708 723,1748 1467,1670 1597,1702 1686,1656 1792,1702 1875,1648 2076,1686 2192,1626 2233,1662 2436,1656 2463,1534 2019,1578 1865,1526 1578,1610 1169,1570 953,1626 493,1621"/>
                <Baseline points="504,1677 602,1680 700,1675 798,1672 896,1671 995,1668 1093,1664 1191,1661 1289,1658 1387,1656 1486,1647 1584,1647 1682,1644 1780,1643 1878,1638 1977,1635 2075,1634 2173,1625 2271,1623 2369,1620 2468,1612"/>
                <TextEquiv>
                    <Unicode>die karte bedeutef? Oder dass es gar nicht das Aes</Unicode>
                </TextEquiv>
            </TextLine>
            <TextLine id="tr_1_tl_12" custom="readingOrder {index:11;}">
                <Coords points="487,1873 617,1832 742,1878 999,1824 1323,1848 2032,1775 2233,1808 2357,1786 2363,1689 490,1759"/>
                <Baseline points="504,1812 597,1812 690,1809 783,1807 876,1801 969,1798 1062,1797 1156,1794 1249,1794 1342,1794 1435,1791 1528,1787 1621,1782 1714,1779 1808,1777 1901,1773 1994,1768 2087,1764 2180,1758 2273,1755 2367,1755"/>
                <TextEquiv>
                    <Unicode>sei, das du in Händen hieltest, sondern die Dame,</Unicode>
                </TextEquiv>
            </TextLine>
            <TextLine id="tr_1_tl_13" custom="readingOrder {index:12;}">
                <Coords points="501,1970 769,2000 1361,1911 1486,1957 2276,1900 2606,1935 2630,1800 2536,1770 2341,1829 1399,1873 1313,1827 1193,1873 972,1829 852,1889 798,1856 706,1902 617,1859 501,1886"/>
                <Baseline points="516,1940 627,1940 739,1937 850,1928 962,1925 1073,1922 1185,1912 1296,1909 1408,1906 1519,1907 1631,1907 1742,1901 1854,1895 1965,1895 2077,1889 2188,1886 2300,1887 2411,1886 2523,1883 2635,1877"/>
                <TextEquiv>
                    <Unicode>oder der Siebner oder ein meisses Blattz- Oder wenn er</Unicode>
                </TextEquiv>
            </TextLine>
            <TextLine id="tr_1_tl_14" custom="readingOrder {index:13;}">
                <Coords points="1018,1995 1196,2005 1294,1986 1469,1989 1472,1938 1394,1932 1356,1905 1302,1935 1020,1935"/>
                <Baseline points="1032,1979 1058,1979 1084,1980 1110,1981 1136,1982 1162,1982 1189,1980 1215,1979 1241,1979 1267,1978 1293,1976 1319,1975 1346,1973 1372,1971 1398,1970 1424,1970 1450,1970 1477,1970"/>
                <TextEquiv>
                    <Unicode>Grundirrtum</Unicode>
                </TextEquiv>
            </TextLine>
            <TextLine id="tr_1_tl_15" custom="readingOrder {index:14;}">
                <Coords points="495,2105 1299,2084 1361,2127 1442,2073 1651,2100 1783,2035 2441,2043 2482,1908 2276,1900 1930,1978 1572,1948 1475,1989 888,1997 779,2049 698,2008 498,2032"/>
                <Baseline points="510,2077 608,2071 707,2066 806,2065 905,2063 1004,2056 1102,2053 1201,2047 1300,2038 1399,2036 1498,2035 1596,2034 1695,2029 1794,2027 1893,2023 1992,2018 2090,2015 2189,2010 2288,2012 2387,2009 2486,2006"/>
                <TextEquiv>
                    <Unicode>es als einen Artxhm xixxer der überhaupt höchet</Unicode>
                </TextEquiv>
            </TextLine>
            <TextLine id="tr_1_tl_16" custom="readingOrder {index:15;}">
                <Coords points="501,2222 652,2200 926,2249 1605,2195 1727,2230 1938,2165 2260,2195 2612,2154 2614,2084 2105,2111 1905,2059 1778,2122 1442,2073 1361,2127 1004,2084 909,2138 503,2135"/>
                <Baseline points="516,2200 626,2198 736,2191 847,2189 957,2185 1068,2184 1178,2179 1289,2173 1399,2176 1510,2178 1620,2171 1731,2169 1841,2164 1952,2160 2062,2155 2173,2151 2283,2143 2394,2143 2504,2141 2615,2137"/>
                <TextEquiv>
                    <Unicode>refornbedürftigen Spielregelnderelchnete. dass men</Unicode>
                </TextEquiv>
            </TextLine>
            <TextLine id="tr_1_tl_17" custom="readingOrder {index:16;}">
                <Coords points="514,2360 679,2382 880,2338 1045,2379 1231,2333 1348,2379 1591,2303 2135,2325 2344,2279 2647,2335 2628,2151 2333,2219 2062,2179 1662,2249 1072,2225 520,2279"/>
                <Baseline points="531,2340 637,2331 743,2329 849,2322 956,2313 1062,2310 1168,2307 1274,2301 1381,2299 1487,2298 1593,2291 1699,2289 1806,2286 1912,2285 2018,2278 2124,2277 2231,2272 2337,2268 2443,2259 2549,2262 2656,2256"/>
                <TextEquiv>
                    <Unicode>gerade das Ass als höerste Karte gelten liesse? - oder</Unicode>
                </TextEquiv>
            </TextLine>
            <TextLine id="tr_1_tl_18" custom="readingOrder {index:17;}">
                <Coords points="1708,2441 1802,2428 1840,2455 1875,2428 2173,2411 2536,2449 2520,2311 2419,2300 2268,2341 2176,2300 2114,2341 2003,2327 1948,2363 1713,2322"/>
                <Baseline points="1725,2409 1766,2412 1807,2412 1848,2412 1889,2412 1930,2412 1971,2412 2012,2409 2053,2406 2094,2406 2135,2406 2176,2404 2217,2403 2258,2401 2299,2399 2340,2396 2381,2392 2422,2389 2463,2391 2504,2388 2546,2388"/>
                <TextEquiv>
                    <Unicode>Karte sich unter Um-</Unicode>
                </TextEquiv>
            </TextLine>
            <TextLine id="tr_1_tl_19" custom="readingOrder {index:18;}">
                <Coords points="501,2482 720,2514 1448,2482 1610,2457 1613,2373 1028,2368 825,2422 503,2400"/>
                <Baseline points="519,2450 573,2455 628,2453 683,2453 738,2452 793,2444 847,2441 902,2441 957,2442 1012,2440 1067,2439 1121,2438 1176,2435 1231,2434 1286,2432 1341,2432 1395,2430 1450,2429 1505,2425 1560,2424 1615,2424"/>
                <TextEquiv>
                    <Unicode>wenn er gar erklärte, dass es</Unicode>
                </TextEquiv>
            </TextLine>
            <TextLine id="tr_1_tl_20" custom="readingOrder {index:19;}">
                <Coords points="1686,2576 2292,2536 2625,2574 2655,2474 2273,2422 2032,2492 1689,2474"/>
                <Baseline points="1704,2543 1751,2546 1799,2546 1847,2544 1895,2540 1943,2543 1991,2537 2039,2537 2087,2537 2135,2534 2183,2534 2230,2532 2278,2528 2326,2528 2374,2528 2422,2526 2470,2523 2518,2522 2566,2522 2614,2522 2662,2519"/>
                <TextEquiv>
                    <Unicode>seln könne, da ja bei Gott</Unicode>
                </TextEquiv>
            </TextLine>
            <TextLine id="tr_1_tl_21" custom="readingOrder {index:20;}">
                <Coords points="514,2612 636,2630 698,2609 793,2647 904,2617 1001,2639 1112,2587 1202,2601 1204,2498 890,2528 733,2506 679,2536 655,2514 517,2517"/>
                <Baseline points="528,2585 562,2583 596,2583 630,2585 664,2582 698,2582 732,2582 766,2582 800,2582 834,2578 868,2577 902,2579 936,2576 970,2576 1004,2575 1038,2572 1072,2570 1106,2570 1140,2569 1174,2566 1209,2564"/>
                <TextEquiv>
                    <Unicode>stinsen in eine a</Unicode>
                </TextEquiv>
            </TextLine>
            <TextLine id="tr_1_tl_22" custom="readingOrder {index:21;}">
                <Coords points="1672,2693 2606,2695 2590,2587 1675,2625"/>
                <Baseline points="1686,2677 1732,2675 1778,2672 1825,2673 1871,2671 1918,2671 1964,2667 2011,2662 2057,2665 2104,2666 2150,2661 2196,2659 2243,2657 2289,2656 2336,2656 2382,2656 2429,2659 2475,2659 2522,2656 2568,2656 2615,2656"/>
                <TextEquiv>
                    <Unicode>wenn er, falle zu Seistes</Unicode>
                </TextEquiv>
            </TextLine>
            <TextLine id="tr_1_tl_23" custom="readingOrder {index:22;}">
                <Coords points="517,2766 701,2747 782,2787 1034,2736 1164,2782 1572,2720 1575,2633 1340,2633 1283,2598 988,2663 522,2658"/>
                <Baseline points="534,2713 586,2713 638,2713 690,2712 742,2710 794,2708 846,2705 898,2701 950,2704 1002,2701 1055,2700 1107,2696 1159,2695 1211,2695 1263,2695 1315,2691 1367,2688 1419,2686 1471,2682 1523,2682 1576,2683"/>
                <TextEquiv>
                    <Unicode>kein Ding unnöglich sei? dr</Unicode>
                </TextEquiv>
            </TextLine>
            <TextLine id="tr_1_tl_24" custom="readingOrder {index:23;}">
                <Coords points="520,2863 639,2852 714,2904 1250,2847 1792,2882 1946,2814 2549,2812 2555,2714 2124,2706 1635,2763 1472,2712 1166,2785 990,2755 522,2804"/>
                <Baseline points="537,2844 637,2838 738,2838 839,2836 940,2833 1041,2830 1142,2829 1243,2821 1344,2818 1445,2815 1546,2815 1646,2809 1747,2806 1848,2802 1949,2799 2050,2794 2151,2791 2252,2786 2353,2784 2454,2784 2555,2782"/>
                <TextEquiv>
                    <Unicode>zu bezweifeln mägtert dich beschuldigte, dass es die</Unicode>
                </TextEquiv>
            </TextLine>
            <TextLine id="tr_1_tl_25" custom="readingOrder {index:24;}">
                <Coords points="506,2985 704,3047 880,2990 1716,2947 1878,2974 2122,2931 2490,2974 2511,2863 1957,2882 1897,2847 1502,2920 885,2866 509,2917"/>
                <Baseline points="522,2970 621,2971 721,2970 820,2964 920,2964 1019,2958 1119,2958 1218,2952 1318,2948 1417,2946 1517,2941 1617,2943 1716,2936 1816,2934 1915,2927 2015,2925 2114,2925 2214,2918 2313,2917 2413,2916 2513,2913"/>
                <TextEquiv>
                    <Unicode>an lenut mängle, und dass sein lönig, schon deshalb</Unicode>
                </TextEquiv>
            </TextLine>
            <TextLine id="tr_1_tl_26" custom="readingOrder {index:25;}">
                <Coords points="517,3107 844,3161 1161,3096 1321,3134 1372,3088 1488,3112 1564,3069 1905,3115 2068,3069 2547,3055 2530,2953 2105,3015 2024,2977 1897,3028 1380,2988 1088,3050 934,3009 858,3050 520,3020"/>
                <Baseline points="531,3104 632,3104 733,3096 834,3093 935,3092 1036,3086 1137,3081 1238,3080 1339,3077 1440,3071 1541,3068 1642,3066 1743,3059 1844,3059 1945,3058 2046,3053 2147,3053 2248,3042 2349,3044 2450,3042 2552,3036"/>
                <TextEquiv>
                    <Unicode>etwas höheres bedeute ale dein lse, weil er eben die</Unicode>
                </TextEquiv>
            </TextLine>
            <TextLine id="tr_1_tl_27" custom="readingOrder {index:26;}">
                <Coords points="514,3261 1101,3229 1229,3266 1540,3196 1873,3229 2617,3191 2571,3112 2298,3131 2246,3088 1794,3153 1618,3109 947,3180 517,3134"/>
                <Baseline points="528,3224 632,3227 737,3224 842,3224 947,3221 1052,3218 1156,3212 1261,3207 1366,3206 1471,3200 1576,3192 1680,3194 1785,3188 1890,3188 1995,3185 2100,3181 2204,3179 2309,3176 2414,3171 2519,3170 2624,3158"/>
                <TextEquiv>
                    <Unicode>Gnade habe;du aber nicht?- Oder wenn er, deines Wider-</Unicode>
                </TextEquiv>
            </TextLine>
            <TextLine id="tr_1_tl_28" custom="readingOrder {index:27;}">
                <Coords points="495,3423 674,3369 2038,3367 2160,3323 2482,3380 2533,3358 2538,3231 1967,3264 1859,3220 1580,3229 1488,3285 1261,3294 1185,3250 896,3310 679,3307 501,3248"/>
                <Baseline points="513,3355 614,3361 716,3360 817,3352 919,3352 1020,3349 1122,3346 1223,3341 1325,3337 1426,3337 1528,3329 1629,3328 1731,3322 1832,3322 1934,3318 2035,3313 2137,3310 2238,3307 2340,3306 2441,3304 2543,3307"/>
                <TextEquiv>
                    <Unicode>standes müde, einfach die Karten Einnürfe: es set se</Unicode>
                </TextEquiv>
            </TextLine>
            <TextEquiv>
                <Unicode></Unicode>
            </TextEquiv>
        </TextRegion>
    </Page>
</PcGts>
