2984 3608
620 634 2323 798 In unruhigen Zeiten ist die Politik die
630 737 2383 939 gegebene Freistatt für Verbrecheruaturen,
625 911 2355 1065 die, zu feig mit dem vollen Einsatz ihrer
642 1004 2440 1194 Person für des. Walten ihrer bösen Instink-
632 1131 2444 1316 te einzuggslehen, es vorziehen sich als Be-
728 1288 885 1395 iner
908 1271 2475 1433 eimr Geginnung oder aleenhäger eine
618 1405 2489 1550 Idee auszugeben um mit möglichst geringem.
646 1529 2236 1681 soralischen und materiellen risiko,ik
719 1625 1203 1721 wei niht s.
852 1648 2484 1777 alver mit Aussicht auf materiellen
869 1756 1185 1826 schemnba
611 1789 2435 1943 und  moralischen Gewinn; die klei-
599 1925 2477 2077 neren odr grösseren Schurkenstreiche zu be-
859 2046 2463 2187 zu denen ihre Natur sie bestimmt hat.
611 2039 782 2168 gehe
