2920 3352
651 575 2591 761 Die Eigenchaften unserer Nebenmenschen, wie
653 739 2609 887 unsere eigenen sind uns immer nur ihrem qua-
1088 815 1506 911 Bedeutung
648 860 2491 1019 litativen Regen nach offenbar; und es ist
658 997 2628 1152 kaum vörherzusehen,bis zu welchem Grad irgem
688 1108 2606 1280 eine Eigenschaft unter beslimmten Umständen
639 1223 2606 1427 sich nch zu entwickeln vermag. Wenn sich nan
631 1361 2559 1525 uns also das Bild eines Wesens durch solche
634 1469 2599 1670 unvorhergesehene Weiterentwicklung einer Ei-
1896 1614 2274 1700 mcntu
634 1628 2604 1793 gem chaft zu verändern, sich sgeradezu in sein,
624 1754 2589 1896 Widerspiel zu verwandeln scheint, dürften wir
1727 1869 2007 1933 munb
2039 1877 2240 1960 iher
619 1889 2532 2061 nicht von Enttäuschungen, sondern nur von Be-
1741 1994 2198 2085 ist relle
621 2019 2540 2191 stätigungen reden und es tie miehts zur Ga-
619 2112 2456 2299 als, dass solche Bestätigungen, die unserer
609 2270 2559 2471 Menschenkenntnis doch nur schweicheln sollte
663 2373 936 2454 von un
1710 2387 2066 2473 zu bant
562 2400 2429 2559 nach viel schwerzlicher empfinden verstV.
1270 2513 1592 2599 sen slden
644 2513 2559 2739 als es je nitEnttäuschungen der Rellgeno-
597 2665 1940 2837 verraro. vermertihellen
