2984 3608
357 1150 612 1284 ihnen
675 651 2601 948 Es kann immer der Diskussion unterliegen,wer
669 790 2567 1045 in einem geistigen Kampf der gieger gewegen
2008 984 2234 1071 nngen
667 906 2591 1168 ist,- darüber, wer von zwei Leten den Andern
648 1032 2759 1310 auf die Knie gezwungen oder gar darüber, wer an
640 1168 2420 1410 dem Andern den Schädel eingeschlagen hat,
622 1302 2428 1544 darüber wird es niemals eine Meinungsver-
620 1436 2591 1704 schiedenheit geben. zu einer höheren Weishalt
1717 1593 2236 1701 an heulige de
598 1572 2488 1777 hat sich die Politik, bie hante kaum durch-
591 1690 2528 1958 gerungen und ungefähr in gleichem sinne wird
588 1822 1546 1984 Meltgeschiohte
1572 1858 2567 2152 . gelehrt und
677 1940 1202 2097 zulernt.
