2968 3624
583 524 2614 752 Es ist schlechter Geschwack über seine eigenen
629 647 2619 849 Figüren gerührt zu sein und ein noch schleck
573 762 2463 980 terer sich über sie lustig zu rachen.leider
575 910 2409 1107 fehlt uns das rechte Wort, das HanzxRxxEiEX
578 1023 2401 1225 in beistigen dessotto en udet Brichte
604 1192 2540 1371 innerhalb des Geistigen eine gewiese mindere
550 1320 2565 1476 Art von Humor so glücklich bezeichnete, als das
545 1402 2476 1598 Wort Sentimentalität ein unreiugs Verhältnis
583 1591 2430 1785 innerhalb des Gefühlsmassigen zur Ausdruck
532 1675 2560 1903 bringt. (Witzelei käme der Sache noch an näcl-
527 1816 2425 2036 sten).In beiten Fällen eber haudelt es sich
1386 1939 1621 2015 istanz
524 1962 2491 2125 um einen Waugel an Exkk von Seiten des Autors
552 2084 2506 2322 entweder der eigenen Figur oder der Publikur
509 2205 1442 2381 oder beiden gegenüber
512 2450 2448 2632 Dem Kritiker verrät sich ohnemeiters, ob ein
476 2601 2465 2777 Werk, es weg im Einzelnen mehr oder minder ge-
478 2742 2532 2918 glückt sein,aus inuerstor Notwendigkeit oder d.
476 2864 2529 3079 es aus irgend welchen äusserensründengeschaften
463 2979 2440 3215 wurde. Doch mit nicht geringerer Unfehlbarkeit
