3000 3848
1453 540 1835 677 Myelk
634 713 2548 874 Den Verlauf einer Infektionskrankheit im mensch-
653 861 2554 1011 lischen Körper dürfen wir und vielleicht als die
648 971 2477 1124 Geschichte eines Geschlechts von Bazillen vor-
634 1092 2543 1250 stellen, Dein Entstehen, Blühen und Vergehen; sbe-
634 1232 2543 1395 schichte so gut, wie die Geschichte des Menschen-
642 1358 2504 1527 geschlechtes, freilichen in anderen Maassen, aber
634 1479 1882 1643 doch der Idee nach das Gleiche.
632 1611 2577 1780 Solchf ein Bazillengeschlecht lebt im Biut, in der
634 1745 2519 1903 Lymphe, im Gewene eines menschlichen Individuums;
634 1890 2330 2038 dieser- von unserem Standpunkt aus-erkrankte
1632 1927 2461 2051 jene Bleiuele Iuveiden
627 2014 2590 2177 Hensch ist ihre Landschaft, ihre Welt; und dass ste
629 2130 2582 2282 unbewusst und absichtslos diese ihre lelt zu ver-
956 2219 1206 2303 suber
627 2251 2743 2427 nichten sucken und oft wirklich vernichten, ist fuleut
2427 2372 2701 2480 don mit
634 2377 2527 2527 Bedingung, Uotwendigkeit, Sinn ihres Daseins. (Und
1285 2482 1651 2556 ob nicht
808 2480 1143 2564 vileger
640 2517 2575 2677 ware er nicht att denkbar, dase die einzelnen In-
627 2667 2638 2819 dividuen einessoteten Bazillengeschlechtes geradest
632 2772 2643 2954 wie die menechlichen Individuen von höchst vegschie
621 2901 2685 3059 dener Begabung und Wiliensstärke sind, und dues es fur
1237 2996 1740 3077 Aellagsfanle
611 3019 2548 3191 aueh unter ihnen Fährernaturen und Genies gibt!-
1079 3114 1279 3201 aber
608 3143 2501 3333 Ohe Are es snicht ench weiter denkbar, dase auch
611 3277 2585 3470 die Menschreit für irgend einen höhieren sels Ganzes
