2824 4040
1298 610 1539 700 Jahrbuch
566 641 2226 757 anderem Ort gleich wieder gutgemacht sund die etwaigen folgen
566 744 1805 822 einer sträflichen Verschwendung verhütet werden.
1048 818 1719 906 Mythos gegen Historie -
620 857 2218 975 Die Bedeutung einer Gestalt für die Menschheit beruht nicht auf
562 960 2201 1025 ihrer historischen, sondern auf ihrer mythischen Wahr-
549 1038 2220 1115 heit, die in jedem Fall eine Wahrheit von höherem Range bedeutet.
558 1090 2222 1193 Nur wenigen historischen Gestalten wohnt die Kraft inne, ins
558 1161 2205 1245 Mythische emporzuwachsen, ja manche von diesen mythisch werden-
556 1228 2212 1310 den Gestalten hören eines Tages sogar auf, historisch zu sein, ja
556 1293 2199 1394 sie sind es vielleicht niemals gewesen. Die Sehnsucht war es, die
556 1367 2207 1449 solche Gestalten ins Licht rief, der Glaube erhält sie lebendig und
545 1419 2214 1507 der Zweifel vor allem ist es, der an ihrer Vergöttlichung teilhat.
979 1495 1748 1593 Wahn als Selbstbehauptung-
606 1553 2199 1658 Wie leicht sind wir geneigt, andere des Größen-, des Verfolgungs-
558 1614 2195 1725 wahns zu bezichtigen und vergessen dabei, daß die Empfindung,
549 1704 2197 1803 Mittelpunkt der Welt zu sein, eine nahezu normale Art der Selbst-
549 1767 2184 1853 behauptung vorstellt und daß das innere Gleichgewicht eines In
545 1847 2195 1914 dividuums eigentlich schon gestört ist, sobald dieses sich nicht mehr
545 1912 2201 1991 als Zentrum, (als peripherisch zu empfinden beginnt; daß also die
543 1979 2191 2056 Menschen im allgemeinen ihren sozusagen physiologischen Größen-
551 2048 2197 2142 wahn bestenfalls nur zu dissimulieren versuchen. Daher wird
539 2107 2195 2214 nicht nur Feindseligkeit oder Abneigung, sondern auch schon Gleich-
549 2188 2115 2272 gültigkeit von den meisten Menschen als Verfolgung empfunden,
535 2249 2188 2344 und gewissermaßen mit Recht. Denn Mangel an Interesse und För-
537 2318 2182 2400 derung ist in der Wirkung von Schädigung nur graduell unter-
537 2390 2195 2469 schieden( und in der Okonomie menschlicher Beziehungen besonders
539 2455 1962 2566 von ethischem Standpunkt aus kaum anders zu bewerten.
1006 2526 1618 2616 Der Äschet als Bösericht
597 2587 2191 2685 Jede Art von äscherischer Weltanschauung ist mit Egoismus nahe
535 2675 2180 2759 verwandtf wenn er nicht geraderu als eine ihrer Quellen gelten darf.
528 2729 2197 2830 und auf die Wirklichkeit angewandt kann sich eine rein ästherische
535 2801 2197 2899 Wesparschauung be Schurkerei chrlicetm Der wenn wir uns
535 2863 2191 2972 beispielsweise sorgfältig in acht nehmen, dem bunten Schmerterling
539 2943 2178 3035 etwas zuleide zu tun und im nächsten Augenblick den uns wider-
526 2993 2172 3096 lichen Wurm achtlos oder gar absichtlich mit unserem Fuß zer-
528 3090 2176 3159 treten; was haben wir denn anderes getan als den Wurm mit
524 3155 2176 3243 dem Tod zu bestrafen, weil er vor unserem Schönheitssinn nicht
522 3224 2084 3333 so gut bestanden har, wie der Falter, der unser Aug entrückted
1069 3287 1604 3385 Gespensterfurcht —
574 3331 2178 3450 Wie einsam du zeinlebens gewesen bisr, das kanner du nie völlig
532 3425 2178 3513 erfassen und wirst es nie, — es sei denn du vermöchtest als Dahin-
526 3501 2176 3595 geschiedener in die Seele eines Menschen zu schauen, dem du vor
516 3549 2172 3645 allen lieb gewesen bisr. Dann würdesr du erfahren, wie sich auch
526 3627 2163 3712 in dieser treuesten Seele der Gedanke, du könntest wiederkehren
528 3689 2214 3788 aus der Schneucht nach einem Wunder ohnegleichen allmählich sdocht
532 3763 2205 3880 unaufhaltsamf von Jahr zu Jahr, von Tag zu Tag in grausamet
505 3840 1210 3935 Schauer der Aager wandele
2335 1325 2574 1469 zem
2350 1436 2574 1534 sinn
2367 1509 2564 1589 eine
2339 1887 2608 2019 sonden
2281 2291 2587 2442 demer
2270 2840 2625 2966 leict ne
2256 2931 2398 3017 ue
2256 2989 2601 3096 antenen
2386 3170 2641 3302 molde
