2952 3624
496 533 2601 778 Was den Bürger charakterisiert oder vielmehr das
493 712 2633 933 lächerliche, auch untr Proletariern und Adeligen
496 850 2585 1029 vorkommende Geschöpf, das heutige Literaten unter-
496 970 2526 1130 jenem Namen, zu begreifen lieben,- das sind kei-
488 1093 2574 1282 neswegs KxxenxxExpositive oder negative Eigen-
472 1223 2548 1415 schaften besonderer Art,sondern vielmehr der Um-
474 1359 2398 1538 stand, dass der „Bürger" es fortig bringt auf
506 1471 2569 1655 seine Fehler, ja auf seine laster geradeso stolz
458 1562 2489 1770 zu ssein, wie auf seine Vorzüge und auf seine Tu-
466 1743 2532 1951 fenden; und dass er in jedem Fall mit sich höchst
496 1860 2449 2073 einverstanden ist, ob er duckmäusert oder über
477 2007 1199 2180 die Schnur haut.
461 2169 2446 2497 kein Aermerer auf der Melt al- der Reiche, der
469 2396 1945 2548 es nicht versteht zu verschwenden.
400 2681 2260 2902 Man hat es soeleicht seine Erinnerungen zu
405 2814 2545 3025 schreiben, wenn man ein schlechtes Gedächtnis hat.
