2888 3352
655 562 786 701 so
818 621 1134 723 mancher
655 660 2558 842 Wie nanakmat glaubt nan dech, immer noch ei-
657 808 2419 974 nem verlerenen Gtücke nachzuweinenj üna di
2310 913 2529 995 pliebte
650 952 2604 1110 ist längst nur mehr der abgeschiedene Schwen
445 1027 1020 1107 um dier Glick
643 1064 2183 1205 daruh, dem seine Thränen fliessen.
1932 1341 2592 1514 tin ezu nonante
633 1455 2580 1618 Im Herzen jedes Aphorisma, so new es sich ge-
628 1584 2446 1769 bärden wege, schlägt eine uralte Mahrheit,-
