2968 3624
507 588 2564 753 Wie der Astronom aus der geringsten Abweichung
439 714 661 795 eine
510 719 2561 894 ds Gestirns aus seiner Bahn mit mathematischer
502 844 2580 1009 sicherheit die Einwirkung eines fremden Himmels-
518 991 2501 1189 körpers von irgendwoher im Melteuraum berech-
510 1119 2533 1286 nen, ja vielleicht nun erst die Fristenz dieses
518 1236 2475 1411 Himmelskörpers festzustellen vermagt - ebenso
507 1388 2507 1542 wird der Seelenkenner aus dem- Blick, der Miene,
502 1516 2446 1657 der Gebärde, dem Tonfall eines ihm vertrauten
502 1631 2486 1822 menschlichen Wesens,- aus den geringfügigsten
518 1785 2556 1947 veränderungen also, die dem Laien entgehen - auf
507 1918 2564 2081 das Vorhandensein eines neun, frenden Einflusses
510 2041 2611 2130 schliessen dürfen,lang ehe jenes Wesen selbst, ja
502 2164 2494 2313 auch wenn es sich überhaupt niemals der Abwei-
502 2295 2420 2460 chung von seiner Bahn bewusst werden sollte.
510 2632 2441 2744 kommt es Euch denn darauf an die Wahrheit zu
504 2752 2083 2909 erforschen? Nein: Recht zu behalten.
504 2844 2337 3048 Zu raten? Nein: Die Gescheidteren zu sein.
486 2998 1992 3170 Zu tholfen? Nein: Euch loszukaufen.
