2968 3848
1373 608 2133 755 lythor jex Hiclone
1566 702 1879 835 kogtent
627 842 2473 1018 Die Bedeutung einer Gestalt für- die Menschheit
647 936 2497 1083 beruht nicht auf, ihrer historischen, sondern auf
651 1115 2550 1223 ihrer mythischen Wahrheit,die in jedem Fall eine
661 1218 2552 1380 Wahrheit von höherem Range bedeutet. Nur wenigen
661 1368 2509 1489 historischen Gestalten wohnt die Kraft inne ins
1645 1433 1817 1534 nnd
647 1481 2584 1614 Mythisclie emporzuwachsen, ju manche von diesen my-
651 1636 2560 1756 thisch werdenden Gestalten hören eides Tages so-
659 1768 2509 1877 gar auf historisch zu sein,ja sie sind es viel-
1141 1831 2041 1911 de Siturricht wen er, do
639 1860 2461 1985 leicht niemals gewesen Solche Gestalten rief
1621 1959 1764 2053 nol
654 2012 2482 2164 die Sekt ins lichtder Glaube xxx erhält
654 2147 2552 2248 sie lebendig und virtteicht isteolem der
666 2258 2589 2429 Zweifet, der iher vergotschugegentli-
651 2347 2458 2533 cte Drasche iet bedentet der Zweifel
726 2473 2468 2661 nnellenut- de es eegeltlichst
738 2637 2422 2864 an ihrer Vepokklitung tteil tat
