2888 3352
499 571 2473 768 Die wahre Objektivität, daher auch die absolu
507 710 2323 884 te Gerechtigkeit wird inmer nur eineldee
516 843 2456 1012 bleiben; zwischen strange und Mide, zwischen
488 976 2448 1151 Hags und Liebe, k zwischen Treue und Verrat-
505 1115 2315 1253 eine mathemalische Linie, unserem Aüge un-
1883 1209 2664 1350 nun teronmen auch
1383 1228 1702 1311 vict ain
510 1237 1508 1400 fassbar, zieht sie 2
1539 1267 2470 1414 n. Auch der sicher
502 1361 2321 1539 ste Schritt vermag nicht so mittenwegs zu
499 1494 2315 1647 wandeln, dass er nicht nach der einen oder
494 1627 2712 1808 der antern-und wie die menschliche Natur seten uun
183 1744 2407 1955 einmal beschaffen ist, weist nach der übleren Seite
491 1869 2315 2079 abreichen müsste, so konnt es, dass mensch-
505 2007 2359 2193 liche Gerechtigkeit, ohne jede böse Absicht
485 2135 2348 2321 sich öfter, für eif strenges Vorgehen ent-
491 2276 2431 2462 scheidet als für efn mildes, dass wEr geneig-
499 2395 2437 2590 ter a zu verworfen, als gut zu hedegen, -
1650 2537 1819 2606 nen
485 2542 2354 2723 und dass das Renggatentum(viel weiter ver-
871 2662 1810 2761 sulligensomin irrlelle
477 2681 1930 2861 breitekstst als der Fanatisnus.-
