<?xml version="1.0" encoding="UTF-8" standalone="yes"?>
<PcGts xmlns="http://schema.primaresearch.org/PAGE/gts/pagecontent/2013-07-15" xmlns:xsi="http://www.w3.org/2001/XMLSchema-instance" xsi:schemaLocation="http://schema.primaresearch.org/PAGE/gts/pagecontent/2013-07-15 http://schema.primaresearch.org/PAGE/gts/pagecontent/2013-07-15/pagecontent.xsd">
    <Metadata>
        <Creator>prov=READ-COOP:name=PyLaia@TranskribusPlatform:version=2.7.0:model_id=50870:lm=none:date=22_01_2024_21:36</Creator>
        <Created>2023-09-27T14:42:43.546+02:00</Created>
        <LastChange>2024-01-22T21:36:43.348+01:00</LastChange>
        <TranskribusMetadata docId="1589070" pageId="60127152" pageNr="27" tsid="145643019" status="IN_PROGRESS" userId="40391" imgUrl="https://files.transkribus.eu/Get?id=ZCCSMHGDLUYOMVVQUNDGYDKZ&amp;fileType=view" xmlUrl="https://files.transkribus.eu/Get?id=VDGWYJPWNCHHHXPIZLDMCHER" imageId="48552229"/>
    </Metadata>
    <Page imageFilename="1589070_0027.jpg" imageWidth="2968" imageHeight="3832">
        <ReadingOrder>
            <OrderedGroup id="ro_1711787066054" caption="Regions reading order">
                <RegionRefIndexed index="0" regionRef="tr_1"/>
            </OrderedGroup>
        </ReadingOrder>
        <TextRegion orientation="0.0" id="tr_1" custom="readingOrder {index:0;}">
            <Coords points="704,601 704,1762 2677,1762 2677,601"/>
            <TextLine id="tr_1_tl_1" custom="readingOrder {index:0;}">
                <Coords points="703,718 1550,691 2055,755 2645,725 2648,602 2250,602 2191,555 1989,605 1870,568 1680,646 1357,609 1147,644 1066,602 960,646 918,607 706,632"/>
                <Baseline points="716,704 812,707 909,707 1006,701 1103,701 1200,699 1297,696 1393,692 1490,689 1587,689 1684,690 1781,686 1878,681 1975,680 2071,680 2168,676 2265,671 2362,668 2459,667 2556,665 2653,653"/>
                <TextEquiv>
                    <Unicode>gegrifte wie schneretzen, bestochen, erpressen mer-</Unicode>
                </TextEquiv>
            </TextLine>
            <TextLine id="tr_1_tl_2" custom="readingOrder {index:1;}">
                <Coords points="701,849 923,836 1012,878 1209,832 1804,839 2043,896 2216,844 2537,866 2539,753 2448,721 1421,777 1332,743 1184,775 1059,725 703,767"/>
                <Baseline points="716,832 807,835 898,834 989,831 1081,828 1172,825 1263,823 1355,824 1446,820 1537,815 1629,817 1720,814 1811,812 1902,809 1994,806 2085,807 2176,803 2268,799 2359,796 2450,799 2542,802"/>
                <TextEquiv>
                    <Unicode>den meist nur im materiellen Sinne verstanden.</Unicode>
                </TextEquiv>
            </TextLine>
            <TextLine id="tr_1_tl_3" custom="readingOrder {index:2;}">
                <Coords points="706,975 1147,962 1239,1004 1330,967 1730,994 2080,960 2598,1009 2579,856 1263,911 980,859 708,878"/>
                <Baseline points="719,955 813,960 907,963 1001,960 1096,959 1190,958 1284,952 1379,953 1473,949 1567,947 1662,943 1756,943 1850,940 1944,939 2039,937 2133,934 2227,931 2322,929 2416,930 2510,928 2605,931"/>
                <TextEquiv>
                    <Unicode>Aber gibt es nicht Schmarotzer an unserem Wesen,</Unicode>
                </TextEquiv>
            </TextLine>
            <TextLine id="tr_1_tl_4" custom="readingOrder {index:3;}">
                <Coords points="706,1101 970,1140 1261,1093 1712,1140 1885,1096 2507,1130 2509,987 2080,960 1505,992 1389,1036 1059,970 866,1051 708,1024"/>
                <Baseline points="719,1095 808,1095 898,1092 987,1089 1077,1086 1167,1083 1256,1083 1346,1083 1436,1080 1525,1077 1615,1074 1705,1077 1794,1071 1884,1068 1974,1065 2063,1065 2153,1062 2243,1059 2332,1059 2422,1056 2512,1059"/>
                <TextEquiv>
                    <Unicode>die gef채hrlicher sind als solche an irdischem</Unicode>
                </TextEquiv>
            </TextLine>
            <TextLine id="tr_1_tl_5" custom="readingOrder {index:4;}">
                <Coords points="711,1234 943,1219 1103,1263 1192,1216 1564,1209 1700,1263 1759,1226 2075,1258 2159,1221 2292,1263 2581,1214 2581,1120 2342,1105 2009,1147 1774,1103 1569,1150 1421,1108 1244,1160 1123,1123 1051,1160 999,1120 713,1150"/>
                <Baseline points="725,1217 818,1219 911,1217 1004,1217 1097,1214 1190,1214 1283,1214 1376,1208 1469,1205 1562,1208 1656,1207 1749,1202 1842,1202 1935,1199 2028,1194 2121,1190 2214,1190 2307,1190 2400,1185 2493,1184 2587,1178"/>
                <TextEquiv>
                    <Unicode>Gutz werden nicht listigere, 1a heint체ckischere-</Unicode>
                </TextEquiv>
            </TextLine>
            <TextLine id="tr_1_tl_6" custom="readingOrder {index:5;}">
                <Coords points="711,1379 950,1357 1051,1397 1145,1352 1976,1325 2144,1365 2497,1325 2500,1241 2290,1266 2159,1221 2050,1271 1480,1291 1328,1236 1189,1298 1120,1256 711,1291"/>
                <Baseline points="725,1345 813,1347 902,1347 991,1345 1080,1342 1168,1342 1257,1341 1346,1334 1435,1334 1523,1337 1612,1334 1701,1331 1790,1328 1878,1328 1967,1325 2056,1322 2145,1319 2233,1322 2322,1319 2411,1313 2500,1310"/>
                <TextEquiv>
                    <Unicode>Bestechungen ver체bt als solche durch Geld und</Unicode>
                </TextEquiv>
            </TextLine>
            <TextLine id="tr_1_tl_7" custom="readingOrder {index:6;}">
                <Coords points="711,1483 2667,1471 2670,1360 2421,1392 2208,1345 2060,1402 1888,1374 1700,1424 1616,1384 1451,1421 713,1406"/>
                <Baseline points="725,1477 822,1475 919,1474 1017,1474 1114,1471 1212,1468 1309,1465 1407,1465 1504,1462 1602,1462 1699,1461 1796,1456 1894,1454 1991,1452 2089,1447 2186,1444 2284,1444 2381,1443 2479,1441 2576,1442 2674,1441"/>
                <TextEquiv>
                    <Unicode>Geldeswert? Und sind die schlimnsten Erpeessungen</Unicode>
                </TextEquiv>
            </TextLine>
            <TextLine id="tr_1_tl_8" custom="readingOrder {index:7;}">
                <Coords points="1989,1530 2117,1537 2144,1515 2216,1532 2344,1513 2344,1453 2312,1448 2285,1468 2189,1456 2149,1471 2041,1461 1989,1473"/>
                <Baseline points="2002,1510 2028,1508 2055,1507 2082,1507 2109,1509 2136,1510 2163,1510 2189,1510 2216,1510 2243,1508 2270,1507 2297,1507 2324,1506 2351,1504"/>
                <TextEquiv>
                    <Unicode>vernicht es</Unicode>
                </TextEquiv>
            </TextLine>
            <TextLine id="tr_1_tl_9" custom="readingOrder {index:8;}">
                <Coords points="688,1638 1782,1599 1843,1648 2028,1589 2171,1631 2477,1574 2670,1616 2672,1520 2211,1532 1932,1485 1683,1545 829,1508 691,1557"/>
                <Baseline points="704,1614 802,1608 901,1605 999,1606 1098,1602 1197,1602 1295,1599 1394,1596 1493,1594 1591,1591 1690,1590 1789,1584 1887,1586 1986,1582 2085,1579 2183,1578 2282,1577 2381,1575 2479,1572 2578,1570 2677,1569"/>
                <TextEquiv>
                    <Unicode>nicht solche, die an unseren Gef체hlen) begangen wer-</Unicode>
                </TextEquiv>
            </TextLine>
            <TextLine id="tr_1_tl_10" custom="readingOrder {index:9;}">
                <Coords points="721,1757 777,1767 807,1754 834,1757 846,1747 876,1759 908,1754 911,1624 807,1629 780,1616 735,1651 723,1651"/>
                <Baseline points="734,1736 759,1736 785,1736 810,1734 836,1733 861,1733 887,1733 913,1733"/>
                <TextEquiv>
                    <Unicode>den2</Unicode>
                </TextEquiv>
            </TextLine>
            <TextEquiv>
                <Unicode></Unicode>
            </TextEquiv>
        </TextRegion>
    </Page>
</PcGts>
