<?xml version="1.0" encoding="UTF-8" standalone="yes"?>
<PcGts xmlns="http://schema.primaresearch.org/PAGE/gts/pagecontent/2013-07-15" xmlns:xsi="http://www.w3.org/2001/XMLSchema-instance" xsi:schemaLocation="http://schema.primaresearch.org/PAGE/gts/pagecontent/2013-07-15 http://schema.primaresearch.org/PAGE/gts/pagecontent/2013-07-15/pagecontent.xsd">
    <Metadata>
        <Creator>prov=READ-COOP:name=PyLaia@TranskribusPlatform:version=2.7.0:model_id=50870:lm=none:date=22_01_2024_21:36</Creator>
        <Created>2023-09-27T14:42:40.529+02:00</Created>
        <LastChange>2024-01-22T21:36:39.415+01:00</LastChange>
        <TranskribusMetadata docId="1589070" pageId="60127095" pageNr="10" tsid="145643002" status="IN_PROGRESS" userId="40391" imgUrl="https://files.transkribus.eu/Get?id=XCOONOPIEWDZYCHGVQCCQIRX&amp;fileType=view" xmlUrl="https://files.transkribus.eu/Get?id=YFENDQCEMGZQUSNHAIUXMIKZ" imageId="48552172"/>
    </Metadata>
    <Page imageFilename="1589070_0010.jpg" imageWidth="3272" imageHeight="4504">
        <ReadingOrder>
            <OrderedGroup id="ro_1711787037465" caption="Regions reading order">
                <RegionRefIndexed index="0" regionRef="tr_1"/>
            </OrderedGroup>
        </ReadingOrder>
        <TextRegion orientation="0.0" id="tr_1" custom="readingOrder {index:0;}">
            <Coords points="892,1366 892,3033 2937,3033 2937,1366"/>
            <TextLine id="tr_1_tl_1" custom="readingOrder {index:0;}">
                <Coords points="919,1470 1245,1465 1385,1513 1483,1473 1558,1516 1761,1445 1986,1478 2152,1435 2209,1468 2315,1430 2723,1455 2821,1438 2826,1340 2590,1315 2462,1373 2355,1335 2109,1380 1889,1278 1473,1400 1415,1365 1343,1405 922,1395"/>
                <Baseline points="934,1459 1028,1462 1123,1459 1218,1456 1313,1453 1407,1450 1502,1450 1597,1444 1692,1442 1786,1438 1881,1436 1976,1432 2071,1429 2165,1429 2260,1425 2355,1420 2450,1420 2544,1415 2639,1414 2734,1411 2829,1405"/>
                <TextEquiv>
                    <Unicode>dern und an Ende saas Erscheinen von ihrem Belfe-</Unicode>
                </TextEquiv>
            </TextLine>
            <TextLine id="tr_1_tl_2" custom="readingOrder {index:1;}">
                <Coords points="932,1603 1102,1636 1811,1553 1904,1603 2107,1598 2325,1556 2330,1438 1924,1500 1824,1460 1563,1533 1187,1465 934,1531"/>
                <Baseline points="946,1587 1015,1590 1084,1590 1153,1585 1223,1583 1292,1576 1361,1574 1430,1569 1500,1566 1569,1564 1638,1561 1707,1552 1777,1549 1846,1549 1915,1547 1984,1543 2054,1543 2123,1541 2192,1540 2261,1541 2331,1540"/>
                <TextEquiv>
                    <Unicode>ben stode im einen Köhenbift an</Unicode>
                </TextEquiv>
            </TextLine>
            <TextLine id="tr_1_tl_3" custom="readingOrder {index:2;}">
                <Coords points="932,1748 1232,1774 1508,1713 2295,1723 2723,1676 2848,1708 2851,1558 2555,1591 2447,1558 2222,1631 2057,1581 1806,1651 1711,1616 934,1656"/>
                <Baseline points="946,1719 1041,1721 1136,1718 1232,1714 1327,1707 1422,1707 1518,1705 1613,1704 1708,1701 1804,1699 1899,1695 1994,1695 2090,1689 2185,1689 2280,1681 2376,1679 2471,1677 2566,1672 2662,1667 2757,1668 2853,1659"/>
                <TextEquiv>
                    <Unicode>Wie der Glaube hat auch sein missgewachsener Ba-</Unicode>
                </TextEquiv>
            </TextLine>
            <TextLine id="tr_1_tl_4" custom="readingOrder {index:3;}">
                <Coords points="937,1909 1330,1836 1465,1876 2077,1819 2883,1836 2913,1701 2437,1761 2057,1733 1874,1774 1658,1731 1546,1781 1345,1726 1145,1786 942,1774"/>
                <Baseline points="952,1850 1050,1849 1148,1848 1246,1845 1344,1838 1443,1838 1541,1833 1639,1832 1737,1827 1835,1826 1934,1823 2032,1816 2130,1814 2228,1814 2326,1809 2425,1808 2523,1802 2621,1801 2719,1799 2817,1798 2916,1793"/>
                <TextEquiv>
                    <Unicode>stard, der Aberglaube, seinen Dreprung weit seltenet</Unicode>
                </TextEquiv>
            </TextLine>
            <TextLine id="tr_1_tl_5" custom="readingOrder {index:4;}">
                <Coords points="947,2012 1551,2014 1658,1969 2074,1954 2224,1991 2452,1934 2798,1966 2901,1944 2906,1834 2440,1851 2385,1899 2254,1844 2042,1894 1894,1861 1701,1899 1475,1874 1280,1929 949,1916"/>
                <Baseline points="964,1978 1061,1976 1158,1975 1255,1972 1353,1969 1450,1968 1547,1964 1645,1961 1742,1958 1839,1955 1937,1949 2034,1946 2131,1946 2228,1942 2326,1937 2423,1934 2520,1934 2618,1930 2715,1928 2812,1925 2910,1931"/>
                <TextEquiv>
                    <Unicode>in den metaphysischer Bedürtnissen der Menschheit,</Unicode>
                </TextEquiv>
            </TextLine>
            <TextLine id="tr_1_tl_6" custom="readingOrder {index:5;}">
                <Coords points="2234,2019 2275,2014 2297,2027 2315,2012 2332,2027 2342,2019 2370,2024 2370,1944 2345,1946 2335,1956 2312,1949 2285,1969 2262,1964 2249,1976 2234,1976"/>
                <Baseline points="2247,2005 2272,2005 2298,2005 2323,2005 2349,2005 2375,2005"/>
                <TextEquiv>
                    <Unicode>dic</Unicode>
                </TextEquiv>
            </TextLine>
            <TextLine id="tr_1_tl_7" custom="readingOrder {index:6;}">
                <Coords points="879,2132 2888,2079 2891,1961 2730,2012 2297,2029 2069,1989 1814,2037 1398,2007 1105,2074 989,2014 882,2047"/>
                <Baseline points="892,2113 992,2108 1092,2106 1192,2104 1292,2100 1392,2097 1492,2092 1593,2086 1693,2081 1793,2082 1893,2077 1993,2077 2093,2071 2193,2072 2294,2069 2394,2063 2494,2065 2594,2058 2694,2054 2794,2053 2895,2050"/>
                <TextEquiv>
                    <Unicode>(die, weniger verpreitet sind als ihre freundlichen</Unicode>
                </TextEquiv>
            </TextLine>
            <TextLine id="tr_1_tl_8" custom="readingOrder {index:7;}">
                <Coords points="1288,2179 2047,2154 2052,2084 1894,2112 1743,2087 1606,2122 1531,2102 1480,2129 1355,2102 1290,2129"/>
                <Baseline points="1304,2160 1341,2163 1379,2163 1416,2161 1454,2162 1492,2162 1529,2159 1567,2154 1604,2152 1642,2152 1680,2147 1717,2142 1755,2140 1792,2140 1830,2137 1868,2137 1905,2135 1943,2134 1980,2133 2018,2131 2056,2131"/>
                <TextEquiv>
                    <Unicode>eber dies scanttiit</Unicode>
                </TextEquiv>
            </TextLine>
            <TextLine id="tr_1_tl_9" custom="readingOrder {index:8;}">
                <Coords points="947,2280 1380,2242 1465,2285 1563,2229 2092,2214 2415,2252 2598,2187 2856,2217 2858,2102 2154,2114 1916,2172 1360,2192 1140,2142 949,2162"/>
                <Baseline points="961,2229 1056,2232 1151,2234 1246,2229 1341,2229 1436,2229 1531,2223 1626,2219 1721,2213 1816,2209 1911,2203 2006,2202 2101,2199 2196,2199 2291,2198 2386,2198 2481,2190 2576,2186 2671,2185 2766,2184 2862,2184"/>
                <TextEquiv>
                    <Unicode>Ueverschätzer) ihr einzureden prlegen) als in den</Unicode>
                </TextEquiv>
            </TextLine>
            <TextLine id="tr_1_tl_10" custom="readingOrder {index:9;}">
                <Coords points="1661,2297 1721,2267 1804,2260 2147,2272 2147,2227 2094,2212 2007,2239 1961,2214 1919,2237 1861,2219 1774,2242 1661,2229"/>
                <Baseline points="1674,2259 1699,2261 1724,2261 1749,2259 1775,2259 1800,2259 1825,2259 1850,2258 1876,2257 1901,2256 1926,2256 1951,2256 1977,2256 2002,2256 2027,2256 2052,2256 2078,2257 2103,2259 2128,2258 2154,2256"/>
                <TextEquiv>
                    <Unicode>zu hunibili</Unicode>
                </TextEquiv>
            </TextLine>
            <TextLine id="tr_1_tl_11" custom="readingOrder {index:10;}">
                <Coords points="944,2367 1162,2415 1328,2365 1673,2410 1856,2355 2796,2357 2928,2320 2931,2257 2793,2234 2568,2287 2295,2232 2114,2290 1809,2262 1516,2312 1440,2270 1020,2312 947,2282"/>
                <Baseline points="958,2363 1062,2366 1166,2362 1270,2358 1374,2354 1478,2351 1582,2350 1687,2346 1791,2345 1895,2341 1999,2337 2103,2337 2207,2332 2312,2331 2416,2327 2520,2325 2624,2322 2728,2321 2832,2317 2937,2304"/>
                <TextEquiv>
                    <Unicode>allgemein menschlichen Extelkeiten und Angetgefüh-</Unicode>
                </TextEquiv>
            </TextLine>
            <TextLine id="tr_1_tl_12" custom="readingOrder {index:11;}">
                <Coords points="962,2530 1608,2477 1791,2513 1861,2470 2265,2515 2350,2470 2392,2502 2703,2452 2811,2482 2831,2395 2573,2407 2470,2347 2265,2395 1851,2357 1298,2437 1157,2395 964,2415"/>
                <Baseline points="976,2498 1068,2499 1161,2491 1254,2490 1347,2486 1440,2481 1532,2480 1625,2474 1718,2471 1811,2470 1904,2471 1996,2471 2089,2468 2182,2467 2275,2463 2368,2462 2460,2457 2553,2454 2646,2448 2739,2444 2832,2438"/>
                <TextEquiv>
                    <Unicode>len. Und es gibt keine Heherttohleit,kotne Tor-</Unicode>
                </TextEquiv>
            </TextLine>
            <TextLine id="tr_1_tl_13" custom="readingOrder {index:12;}">
                <Coords points="1428,2553 1445,2558 1521,2550 1538,2558 1543,2553 1556,2565 1581,2550 1601,2555 1603,2487 1588,2485 1581,2492 1566,2487 1546,2500 1541,2495 1528,2500 1518,2490 1500,2487 1470,2505 1430,2505"/>
                <Baseline points="1441,2545 1468,2543 1496,2543 1524,2543 1552,2541 1580,2540 1608,2540"/>
                <TextEquiv>
                    <Unicode>sich</Unicode>
                </TextEquiv>
            </TextLine>
            <TextLine id="tr_1_tl_14" custom="readingOrder {index:13;}">
                <Coords points="959,2650 2858,2585 2861,2485 2670,2465 2513,2530 2149,2477 1558,2565 1400,2520 964,2558"/>
                <Baseline points="976,2620 1070,2623 1164,2620 1259,2619 1353,2613 1448,2608 1542,2604 1637,2600 1731,2599 1826,2599 1920,2596 2014,2593 2109,2590 2203,2589 2298,2582 2392,2581 2487,2573 2581,2575 2676,2570 2770,2572 2865,2566"/>
                <TextEquiv>
                    <Unicode>heit, durch die die Menechen nicht. penigetens für</Unicode>
                </TextEquiv>
            </TextLine>
            <TextLine id="tr_1_tl_15" custom="readingOrder {index:14;}">
                <Coords points="2312,2678 2330,2680 2350,2665 2415,2675 2435,2663 2502,2678 2555,2653 2583,2658 2585,2608 2555,2603 2545,2590 2485,2610 2427,2608 2402,2633 2317,2615"/>
                <Baseline points="2328,2662 2354,2662 2380,2661 2406,2659 2432,2658 2459,2656 2485,2652 2511,2650 2537,2650 2563,2650 2590,2650"/>
                <TextEquiv>
                    <Unicode>wollen</Unicode>
                </TextEquiv>
            </TextLine>
            <TextLine id="tr_1_tl_16" custom="readingOrder {index:15;}">
                <Coords points="1380,2673 1430,2695 1521,2673 1571,2700 1618,2670 1666,2695 1701,2678 1731,2688 1731,2648 1681,2625 1656,2630 1638,2613 1591,2643 1506,2638 1480,2653 1380,2618"/>
                <Baseline points="1393,2668 1419,2668 1445,2668 1472,2670 1498,2670 1525,2668 1551,2668 1578,2668 1604,2668 1631,2669 1657,2671 1684,2671 1710,2671 1737,2668"/>
                <TextEquiv>
                    <Unicode>wempler</Unicode>
                </TextEquiv>
            </TextLine>
            <TextLine id="tr_1_tl_17" custom="readingOrder {index:16;}">
                <Coords points="967,2786 1172,2768 1258,2811 1959,2733 2104,2768 2247,2718 2442,2758 2828,2723 2816,2590 2595,2670 2270,2700 2152,2633 1914,2615 1626,2703 1343,2648 1225,2688 972,2663"/>
                <Baseline points="984,2742 1076,2752 1169,2755 1261,2751 1354,2751 1446,2745 1539,2745 1631,2737 1724,2736 1816,2734 1909,2732 2002,2726 2094,2727 2187,2722 2279,2719 2372,2719 2464,2716 2557,2711 2649,2710 2742,2707 2835,2698"/>
                <TextEquiv>
                    <Unicode>Eugenbliche) interessanter machen würden, als es</Unicode>
                </TextEquiv>
            </TextLine>
            <TextLine id="tr_1_tl_18" custom="readingOrder {index:17;}">
                <Coords points="964,2901 2119,2908 2405,2838 2886,2866 2891,2753 2750,2740 2625,2788 2247,2718 2064,2786 967,2798"/>
                <Baseline points="979,2880 1074,2880 1170,2877 1266,2875 1362,2872 1458,2868 1553,2865 1649,2862 1745,2861 1841,2856 1937,2853 2032,2850 2128,2850 2224,2844 2320,2844 2416,2837 2511,2835 2607,2835 2703,2830 2799,2829 2895,2817"/>
                <TextEquiv>
                    <Unicode>ihnen in ihrem armen, vermutlich Hoch nur einmali-</Unicode>
                </TextEquiv>
            </TextLine>
            <TextLine id="tr_1_tl_19" custom="readingOrder {index:18;}">
                <Coords points="974,3066 1558,3001 1814,3039 2320,3016 2322,2928 2194,2873 1881,2913 1538,2883 1393,2938 1285,2911 977,2963"/>
                <Baseline points="990,3014 1056,3013 1123,3008 1190,3006 1257,3005 1324,3003 1391,3002 1458,3000 1525,2996 1592,2996 1659,2993 1725,2991 1792,2993 1859,2988 1926,2990 1993,2984 2060,2981 2127,2981 2194,2981 2261,2974 2328,2972"/>
                <TextEquiv>
                    <Unicode>gen Leben vergönnt zu sein pflegt.</Unicode>
                </TextEquiv>
            </TextLine>
            <TextEquiv>
                <Unicode></Unicode>
            </TextEquiv>
        </TextRegion>
    </Page>
</PcGts>
