<?xml version="1.0" encoding="UTF-8" standalone="yes"?>
<PcGts xmlns="http://schema.primaresearch.org/PAGE/gts/pagecontent/2013-07-15" xmlns:xsi="http://www.w3.org/2001/XMLSchema-instance" xsi:schemaLocation="http://schema.primaresearch.org/PAGE/gts/pagecontent/2013-07-15 http://schema.primaresearch.org/PAGE/gts/pagecontent/2013-07-15/pagecontent.xsd">
    <Metadata>
        <Creator>prov=READ-COOP:name=PyLaia@TranskribusPlatform:version=2.7.0:model_id=50870:lm=none:date=22_01_2024_21:36</Creator>
        <Created>2023-09-27T14:42:46.603+02:00</Created>
        <LastChange>2024-01-22T21:36:48.689+01:00</LastChange>
        <TranskribusMetadata docId="1589070" pageId="60127264" pageNr="57" tsid="145643052" status="IN_PROGRESS" userId="40391" imgUrl="https://files.transkribus.eu/Get?id=ZZMIAYJRWBMELOBQSMQRKZOF&amp;fileType=view" xmlUrl="https://files.transkribus.eu/Get?id=ZCSITHKKYTSSJWYGNIPDLBRR" imageId="48552341"/>
    </Metadata>
    <Page imageFilename="1589070_0057.jpg" imageWidth="2984" imageHeight="3608">
        <ReadingOrder>
            <OrderedGroup id="ro_1711787113764" caption="Regions reading order">
                <RegionRefIndexed index="0" regionRef="tr_1"/>
            </OrderedGroup>
        </ReadingOrder>
        <TextRegion orientation="0.0" id="tr_1" custom="readingOrder {index:0;}">
            <Coords points="459,569 459,3325 2664,3325 2664,569"/>
            <TextLine id="tr_1_tl_1" custom="readingOrder {index:0;}">
                <Coords points="446,727 782,753 1037,692 1294,753 1706,666 2517,645 2488,546 2172,584 2058,528 1666,554 1488,610 1419,584 1361,623 1098,568 642,586 573,631 451,599"/>
                <Baseline points="459,722 562,713 665,711 768,705 871,700 975,694 1078,690 1181,689 1284,682 1387,677 1491,672 1594,669 1697,664 1800,661 1903,657 2007,653 2110,649 2213,650 2316,640 2419,636 2523,630"/>
                <TextEquiv>
                    <Unicode>Ein gern geübter Sport mancher Politiker, Journa-</Unicode>
                </TextEquiv>
            </TextLine>
            <TextLine id="tr_1_tl_2" custom="readingOrder {index:1;}">
                <Coords points="454,862 873,883 1191,817 1302,846 2027,782 2512,793 2496,655 2358,658 2271,711 1523,716 1363,764 1040,695 881,761 605,711 459,756"/>
                <Baseline points="468,845 570,839 672,836 775,833 877,827 980,825 1082,818 1185,817 1287,812 1390,812 1492,803 1594,805 1697,793 1799,788 1902,785 2004,780 2107,776 2209,773 2312,770 2414,767 2517,773"/>
                <TextEquiv>
                    <Unicode>listen und Stobs ist es, irgend einem harmlosen,</Unicode>
                </TextEquiv>
            </TextLine>
            <TextLine id="tr_1_tl_3" custom="readingOrder {index:2;}">
                <Coords points="464,971 676,1011 772,966 889,1000 976,955 1255,939 1642,942 1735,981 1897,920 2077,960 2523,923 2501,793 2401,825 1886,790 1544,875 1103,849 1008,881 859,841 618,905 469,865"/>
                <Baseline points="480,973 582,968 684,961 786,958 889,955 991,950 1093,949 1196,942 1298,939 1400,934 1503,930 1605,925 1707,925 1809,919 1912,913 2014,907 2116,904 2219,903 2321,896 2423,891 2526,890"/>
                <TextEquiv>
                    <Unicode>ehrenhaften oder selbst odel geborenen Worte ei-</Unicode>
                </TextEquiv>
            </TextLine>
            <TextLine id="tr_1_tl_4" custom="readingOrder {index:3;}">
                <Coords points="504,1122 867,1088 1276,1125 1355,1080 1671,1098 1849,1045 2488,1040 2491,952 2268,960 2231,926 1931,976 1891,944 1698,997 1557,944 1350,952 1271,1005 997,955 793,1024 507,1019"/>
                <Baseline points="519,1096 617,1093 716,1092 815,1089 914,1083 1013,1081 1112,1072 1210,1069 1309,1066 1408,1063 1507,1060 1606,1054 1705,1052 1804,1046 1902,1044 2001,1039 2100,1036 2199,1032 2298,1027 2397,1019 2496,1012"/>
                <TextEquiv>
                    <Unicode>nen gelben Fleck anzuhaften, wie man es in ver-</Unicode>
                </TextEquiv>
            </TextLine>
            <TextLine id="tr_1_tl_5" custom="readingOrder {index:4;}">
                <Coords points="509,1244 1992,1175 2119,1202 2170,1167 2289,1202 2416,1156 2530,1194 2565,1045 2329,1101 2080,1048 1788,1127 1618,1077 1568,1119 1411,1080 1247,1141 515,1127"/>
                <Baseline points="525,1230 627,1225 729,1221 831,1214 933,1212 1035,1206 1137,1203 1239,1197 1341,1194 1443,1191 1545,1187 1647,1183 1749,1177 1851,1173 1953,1173 2055,1164 2157,1161 2259,1158 2361,1154 2463,1146 2565,1143"/>
                <TextEquiv>
                    <Unicode>schollenen Zeiten mit den Juden getan hat, damit</Unicode>
                </TextEquiv>
            </TextLine>
            <TextLine id="tr_1_tl_6" custom="readingOrder {index:5;}">
                <Coords points="512,1390 703,1403 886,1340 981,1379 1523,1318 1740,1347 2037,1297 2300,1326 2469,1308 2475,1217 2164,1170 2074,1233 1512,1249 1355,1215 1236,1273 897,1247 719,1316 517,1268"/>
                <Baseline points="528,1358 625,1354 723,1350 820,1344 918,1340 1015,1337 1113,1335 1210,1333 1308,1327 1405,1323 1503,1319 1601,1314 1698,1311 1796,1306 1893,1302 1991,1296 2088,1290 2186,1289 2283,1286 2381,1281 2479,1278"/>
                <TextEquiv>
                    <Unicode>sich der Pöbel bequem und ungestraft über sie</Unicode>
                </TextEquiv>
            </TextLine>
            <TextLine id="tr_1_tl_7" custom="readingOrder {index:6;}">
                <Coords points="523,1501 716,1525 814,1480 1151,1496 1294,1454 1443,1493 1775,1438 2069,1477 2276,1422 2369,1467 2528,1427 2491,1326 2385,1366 2183,1300 1706,1385 1493,1350 1419,1385 528,1406"/>
                <Baseline points="537,1490 636,1482 736,1481 836,1478 936,1469 1035,1469 1135,1466 1235,1457 1335,1453 1434,1451 1534,1443 1634,1442 1734,1438 1833,1432 1933,1430 2033,1424 2133,1421 2232,1417 2332,1412 2432,1407 2532,1406"/>
                <TextEquiv>
                    <Unicode>lustig machen,sie beleidigen oder sie misshan-</Unicode>
                </TextEquiv>
            </TextLine>
            <TextLine id="tr_1_tl_8" custom="readingOrder {index:7;}">
                <Coords points="517,1618 1721,1576 1846,1634 2326,1544 2496,1565 2499,1477 2427,1443 2273,1496 2143,1438 1981,1499 1194,1480 1058,1546 523,1501"/>
                <Baseline points="534,1612 632,1612 730,1608 829,1601 927,1600 1026,1600 1124,1593 1222,1585 1321,1585 1419,1578 1518,1574 1616,1571 1714,1571 1813,1563 1911,1560 2010,1559 2108,1552 2206,1547 2305,1542 2403,1539 2502,1538"/>
                <TextEquiv>
                    <Unicode>deln dürf«. In der letzten Epoche sind es vor</Unicode>
                </TextEquiv>
            </TextLine>
            <TextLine id="tr_1_tl_9" custom="readingOrder {index:8;}">
                <Coords points="517,1753 777,1798 899,1735 2541,1676 2546,1592 2196,1565 1777,1645 1496,1613 1034,1663 745,1605 523,1668"/>
                <Baseline points="534,1753 634,1746 735,1740 836,1734 937,1729 1038,1728 1138,1723 1239,1718 1340,1714 1441,1708 1542,1704 1642,1699 1743,1696 1844,1692 1945,1687 2046,1683 2146,1678 2247,1674 2348,1668 2449,1666 2550,1669"/>
                <TextEquiv>
                    <Unicode>allemjärei Worte, hinter denen die Gasseübuben</Unicode>
                </TextEquiv>
            </TextLine>
            <TextLine id="tr_1_tl_10" custom="readingOrder {index:9;}">
                <Coords points="530,1939 1252,1851 1387,1902 1735,1846 1825,1894 2106,1812 2411,1809 2414,1716 1714,1769 1660,1737 1560,1782 1215,1732 692,1817 538,1767"/>
                <Baseline points="549,1875 642,1872 736,1871 829,1864 923,1861 1016,1858 1110,1855 1203,1851 1297,1851 1390,1842 1484,1836 1577,1833 1671,1830 1764,1826 1858,1824 1951,1819 2045,1812 2138,1808 2232,1806 2325,1801 2419,1801"/>
                <TextEquiv>
                    <Unicode>der Zeit her sind: Fortschritt, Freiheit und</Unicode>
                </TextEquiv>
            </TextLine>
            <TextLine id="tr_1_tl_11" custom="readingOrder {index:10;}">
                <Coords points="541,2053 621,2042 687,2058 732,2040 753,2061 804,2027 883,2074 905,2069 907,1928 875,1915 809,1904 769,1910 743,1936 676,1926 626,1952 584,1931 544,1936"/>
                <Baseline points="555,2007 580,2007 605,2007 631,2007 656,2006 681,2004 707,2004 732,2004 757,2002 783,2001 808,2001 833,2001 859,2001 884,2002 910,2004"/>
                <TextEquiv>
                    <Unicode>Zweifel.</Unicode>
                </TextEquiv>
            </TextLine>
            <TextLine id="tr_1_tl_12" custom="readingOrder {index:11;}">
                <Coords points="546,2271 1040,2297 1379,2236 1538,2271 1881,2212 2491,2225 2512,2146 2401,2103 1790,2159 1597,2111 1395,2170 944,2146 687,2204 549,2159"/>
                <Baseline points="561,2257 658,2257 756,2257 854,2255 952,2249 1050,2243 1147,2241 1245,2238 1343,2234 1441,2228 1539,2222 1636,2219 1734,2216 1832,2211 1930,2204 2028,2201 2125,2199 2223,2194 2321,2190 2419,2186 2517,2192"/>
                <TextEquiv>
                    <Unicode>Wie köstlich ist Einsamkeit, wenn wir wissen,</Unicode>
                </TextEquiv>
            </TextLine>
            <TextLine id="tr_1_tl_13" custom="readingOrder {index:12;}">
                <Coords points="552,2401 1446,2363 1629,2427 1976,2340 2111,2366 2477,2313 2615,2371 2652,2363 2658,2249 2294,2241 2130,2286 2013,2233 1899,2273 1806,2231 1745,2278 1552,2260 1284,2316 934,2268 798,2324 554,2324"/>
                <Baseline points="567,2395 671,2387 776,2389 881,2379 985,2375 1090,2371 1195,2364 1299,2359 1404,2356 1509,2352 1614,2345 1718,2341 1823,2338 1928,2335 2032,2332 2137,2327 2242,2323 2346,2320 2451,2313 2556,2311 2661,2314"/>
                <TextEquiv>
                    <Unicode>dass von irgendwohr in der Welt, wäre es auch aus</Unicode>
                </TextEquiv>
            </TextLine>
            <TextLine id="tr_1_tl_14" custom="readingOrder {index:13;}">
                <Coords points="544,2565 1260,2541 1477,2483 2451,2488 2549,2469 2554,2371 2403,2393 2217,2342 2056,2355 1950,2416 1838,2377 1642,2427 1480,2385 1316,2440 1064,2393 788,2456 549,2432"/>
                <Baseline points="561,2517 660,2517 760,2511 860,2511 960,2502 1060,2499 1160,2494 1260,2493 1360,2487 1460,2483 1560,2479 1659,2476 1759,2473 1859,2467 1959,2463 2059,2458 2159,2455 2259,2454 2359,2446 2459,2443 2559,2440"/>
                <TextEquiv>
                    <Unicode>weiter Ferne, Sehnsucht nach uns ruft. Aber ist</Unicode>
                </TextEquiv>
            </TextLine>
            <TextLine id="tr_1_tl_15" custom="readingOrder {index:14;}">
                <Coords points="554,2666 1098,2634 1207,2682 1414,2613 1660,2647 1714,2607 1767,2647 2255,2578 2488,2613 2477,2472 2088,2530 1854,2488 1740,2552 1674,2523 1568,2560 1504,2517 1406,2562 1194,2523 560,2570"/>
                <Baseline points="570,2652 666,2646 762,2642 858,2637 955,2634 1051,2631 1147,2625 1244,2622 1340,2616 1436,2615 1533,2612 1629,2604 1725,2599 1821,2595 1918,2595 2014,2585 2110,2586 2207,2581 2303,2578 2399,2572 2496,2577"/>
                <TextEquiv>
                    <Unicode>dies denn auch noch Einsamkeit? Ist es nicht</Unicode>
                </TextEquiv>
            </TextLine>
            <TextLine id="tr_1_tl_16" custom="readingOrder {index:15;}">
                <Coords points="525,2838 793,2775 1109,2798 1387,2748 1538,2788 1724,2737 2180,2775 2255,2724 2411,2724 2517,2759 2655,2719 2660,2607 2340,2655 2162,2618 2053,2668 1719,2639 1538,2692 1401,2645 1130,2698 530,2716"/>
                <Baseline points="543,2783 649,2777 755,2773 861,2771 967,2767 1073,2756 1179,2753 1285,2749 1391,2742 1497,2741 1603,2734 1709,2732 1815,2726 1921,2719 2027,2715 2133,2714 2239,2710 2345,2706 2451,2702 2557,2695 2664,2700"/>
                <TextEquiv>
                    <Unicode>vielmehr jene bequemste und verantwortungsloseste</Unicode>
                </TextEquiv>
            </TextLine>
            <TextLine id="tr_1_tl_17" custom="readingOrder {index:16;}">
                <Coords points="568,2915 1369,2873 1565,2947 1889,2857 2472,2825 2560,2873 2581,2740 2271,2735 2186,2785 2064,2740 1841,2801 1599,2748 1544,2788 570,2843"/>
                <Baseline points="582,2912 682,2904 782,2901 882,2894 982,2893 1083,2885 1183,2883 1283,2877 1383,2873 1483,2869 1584,2865 1684,2861 1784,2855 1884,2852 1984,2850 2085,2843 2185,2837 2285,2834 2385,2829 2485,2826 2586,2828"/>
                <TextEquiv>
                    <Unicode>Art von Geselligkeit, dieInur zu fordern und zu</Unicode>
                </TextEquiv>
            </TextLine>
            <TextLine id="tr_1_tl_18" custom="readingOrder {index:17;}">
                <Coords points="578,3056 1456,3013 1570,3045 1711,3000 2395,2960 2509,3011 2629,2968 2631,2867 2241,2918 2180,2870 2016,2934 1923,2894 1761,2942 1477,2918 1241,2963 1167,2928 581,2968"/>
                <Baseline points="594,3037 696,3030 798,3025 900,3023 1002,3017 1104,3016 1206,3013 1308,3007 1410,3002 1512,3004 1614,2991 1716,2987 1818,2984 1920,2980 2022,2977 2124,2974 2226,2968 2328,2962 2430,2961 2532,2959 2634,2956"/>
                <TextEquiv>
                    <Unicode>nehmen versteht, ohne jemals etwas herzugeben; ja</Unicode>
                </TextEquiv>
            </TextLine>
            <TextLine id="tr_1_tl_19" custom="readingOrder {index:18;}">
                <Coords points="586,3215 1024,3149 1276,3143 1408,3188 1613,3125 1682,3162 2271,3098 2523,3135 2637,3098 2642,3008 2159,3003 1981,3061 1889,3019 1822,3056 1552,3034 1499,3069 1401,3027 1149,3029 992,3093 698,3109 592,3077"/>
                <Baseline points="603,3162 705,3162 807,3159 909,3153 1011,3148 1113,3146 1215,3142 1317,3137 1419,3142 1521,3137 1623,3124 1725,3120 1827,3116 1929,3109 2031,3106 2133,3100 2235,3097 2337,3094 2439,3093 2541,3083 2643,3091"/>
                <TextEquiv>
                    <Unicode>ohne sich auch nur fepAle zu ihrer Schuldigkeit</Unicode>
                </TextEquiv>
            </TextLine>
            <TextLine id="tr_1_tl_20" custom="readingOrder {index:19;}">
                <Coords points="576,3329 698,3342 849,3289 920,3292 995,3329 1027,3310 1122,3321 1127,3210 1095,3191 987,3233 830,3215 767,3231 653,3202 581,3223"/>
                <Baseline points="594,3294 620,3294 647,3293 674,3292 701,3290 728,3288 755,3286 781,3285 808,3285 835,3284 862,3282 889,3282 916,3281 943,3280 969,3278 996,3276 1023,3276 1050,3275 1077,3274 1104,3275 1131,3279"/>
                <TextEquiv>
                    <Unicode>zu bekennen?</Unicode>
                </TextEquiv>
            </TextLine>
            <TextEquiv>
                <Unicode></Unicode>
            </TextEquiv>
        </TextRegion>
    </Page>
</PcGts>
