2984 3848
1114 568 2035 715 Metr at Selbelbirnet?
908 764 2488 945 leicht sind wirgeneigt Andere des Grdes
747 904 2495 1046 des Verfolgungswahns zu bezichtigen-- und ver
744 1031 2508 1200 sen dabei, dass die Empfindung, Mittelpunkt der
747 1171 2336 1317 Weit zu sein,eine nahezu normäle Art der
754 1305 2581 1452 Selbstbehauptung vorstellt und dass das innere
757 1442 2414 1550 Gleichgewicht eines Individuuims eigentlich
2015 1496 2691 1599 nicht et lentin in
1736 1508 1935 1584 diem
744 1567 2691 1692 schon gestört ist, sobald ge sichsate peripherisch
749 1670 2657 1832 empfindet; dass also die Menschen im allgemeinen
830 1783 1014 1868 ioen
769 1785 2620 1969 eiken sozusagen physiologischen Grössenwahn nur
869 1890 1242 1979 berleihelt
744 1939 2652 2101 meetene zu dissimulieren versuchen,- Daher wird
742 2081 2620 2236 nicht nur Feindseligkeit oder Aprieigung, sondern
747 2204 2652 2358 auch schon Gleichgültigkeit von den meisten Men-
2072 2285 2652 2378 gewissermassen.
747 2353 2618 2481 schen als Verfolgung empfunden,- und mit Recht.
742 2456 2686 2623 Denn Mangel an Interesse und Förderung ist.in der
749 2583 2718 2743 Wirkung-von Schädigung nur graduell unterschieden,
740 2713 2691 2870 undin der. Oekonomig menschlicher Beziehungen be-
1442 2806 1898 2890 Noudsuaktan
742 2806 2410 3000 sondersethlech kaum anders einzuschätien.
1935 2965 2280 3098 brnelt
