2968 3608
628 479 2541 638 Wensch lihe Beziehungen aller Art sind dem
635 628 2511 764 los des absterbens geradeso unterworfen, wie
628 749 2473 903 das einzelne Individuum.Aber dass AxxEExxX
625 860 2592 1041 solche tote Beziehungen so selten rechtzeitte
620 978 2552 1157 begraben werden und in freier luft verwesen,
620 1114 2511 1251 das hauptsächlich ist es,was die Atmosthäre
623 1251 2443 1435 der Gesellschaft, ja der Helt,mit so üblen
615 1394 1248 1578 dufte erfüllt.
613 1611 2640 1798 der Renegat ist immer ein Weusch,der sich sei-
620 1760 2516 1934 ner eigenen Kinderwertigkeit dunkel bewusst
623 1904 2478 2067 ist, und den fäggen oder tückischen Versuch
628 1999 2504 2209 unternimnt, seine Familie, seine Nation, seine
610 2146 2501 2335 Rasse für seine härhst individuellen Mängel
620 2272 1732 2468 verantwortlich zu machen.
615 2529 2594 2700 Wer dein richtiger Jünger ist, der fängt damit
620 2652 2602 2844 an dich misszuverstehen, fährt damit fort dich
628 2789 2481 2980 zu kompromittieren und ondert damit dich zu
630 2947 1127 3124 verleugnen.
