3032 3640
507 386 2721 548 Manche Musik übt die seltsame Wirkung, das wir in ihrem
512 518 2495 664 Anhören gegen uns selbst milde werden und uns alle
518 620 2616 788 Sünden nachsehen möchten, die wir je begangen haben.
501 732 2421 900 Aber von noch höhererMacht ist jene andre, von
507 848 2616 1055 deren Klängen umrauscht wir beinah das Röse verzeihen
504 994 2065 1184 möchten, das die Menschen an uns sotan.
410 1165 1338 1388 Ze eine Stallketerte
639 1363 876 1476 vere
