2968 3624
1505 626 1635 728 k 2
1232 619 1436 733 mne
2190 588 2495 772 Rikol
489 886 2516 1080 Der Enthusiast fühlt sich seiner Sache niemals
545 1041 2467 1212 ganz sicher, daher sein unstillbarer, lästiger
540 1179 2556 1347 Drang Gefährten seiner Begeisterung zu werben.
537 1301 2483 1472 Der Skeptiker hingegen bedarf stels einer ge-
547 1434 2577 1609 wissen Isoliertheit, denn jadaxxGaExhxkaxxainam
547 1576 2490 1731 ZuxiRalx schon der Imstand,dass er einen Ge-
535 1681 2483 1851 fährten seines Zweifels findet, vermag ihn an
545 1828 1515 2027 diesem irre zu machen.
530 2154 2427 2320 Wo immer man einen Verstoss gegen die Moral
547 2294 2472 2429 zu sehen glaubte, ist es einer gegen den Ge-
530 2404 2579 2582 schmack, gegen die Logik oder gegen die Mahrhaf-
542 2577 1271 2730 tigkeit gewesen.
535 2796 2393 2971 Es fällt bekanntlich kein Haar von unserem
545 2875 2483 3089 Haupt ohne den Willen des Allmächtigen. Doch
547 3040 2467 3180 was den kopf auf unseren Schultern betrifft,
550 3160 2399 3369 ist os ratsam sich mehr auf sich selbst zu
550 3333 1001 3476 verlassen.
