2968 3608
448 569 2444 735 Hinter unserer Tat höllenweit, nie völlig zu be
456 705 2428 880 greifen, liegt das, was wir Schuld,- in Himmels
502 848 2505 1003 forne, von unserem sterblichen juge nichtzu er-
451 952 2583 1140 schauen, das, was wir Vergeltung nennen dürfen.Doch
451 1097 2602 1269 dass beide sind,Schuld wie Vergeltung, dafür zeugt.
486 1212 660 1290 was,
451 1229 2489 1395 daxx mit uns geboren, ohne Unterlass im Takt un-
477 1349 1977 1542 serer Herzen schlägt, das Gewissen.
469 1634 2548 1862 Die Lebenslüge manakhnsstaats wie manchen Indivi-
435 1795 2583 1982 dumms: Dass sie den Bankerott noch erwarten, ja so
451 1931 2465 2138 gar sein Ausbleiben noch für möglich halten zu
453 2076 2538 2280 einer zeit,da sie schon mitten darinnen stehen.
480 2353 2449 2530 keine Tat, die misslungene so wenig als die ge-
496 2524 2446 2693 glückte, ist aus der Welt zu schaffen.Auch das
483 2650 2487 2838 Beil, das geschwungen wurde und nichftraf, wirkt
477 2784 2489 2951 unaufhaltsam weiter, wenn auch in anderer Weise
486 2889 2538 3096 und manchmal selbst in anderer Richtung, als des
483 3053 2602 3200 Beilschwingers Absicht warsund es kann ein schlin
483 3160 2492 3348 meres Wordwerkzeug gewesen gein, als wenn es ge-
486 3267 1094 3393 troffen hätte.
