2984 3624
579 596 2433 799 Alles verstehen heigst alles verzeihen, Mas:
584 766 2467 924 ist schr edel gedacht und gesagt. Nur scha-
538 895 2459 1055 de, dass das Verzeihen neunundneunzig Mal un-
557 1029 2471 1199 ter hundert aus Bequemlichkeit und höchsteus,
591 1165 2383 1282 einmal- aus Cüte erfolgt; und dass die Güte
591 1266 2495 1428 unter hundert Fällen neupundneunzig Mal kei-
1342 1378 1732 1469 ümern des
586 1404 2390 1565 neswegs im Reithtum eines Herzens, sondern
591 1541 2510 1689 vielmehr in Mängelydes Verstandes ihre Ursa-
591 1670 1438 1818 che zu haben pflegt.
579 1907 2440 2067 Dess wir geschaffen sind das Anfassbare zu
591 2043 2392 2177 fassen und das Unerträgliche zu ertragen.
586 2170 2481 2302 das ist es, was unser leid so schmerzensväll
591 2273 2440 2464 und was es zuglöch so unerschöpflich reich
589 2426 871 2577 macht:
