2968 3608
1082 616 1550 729 o rk une
460 838 2443 1005 Ueber das Ausmass seines Talents wird uns ein
509 980 2470 1161 gewandter Autor zuweilen zu betrügen imstande
509 1115 2451 1279 sein, nie über den Grad des Interesses, das er
507 1227 2553 1421 selbst seinem -Problem und seinen Gstalten ent-
523 1380 1331 1572 gegengebracht hat.
520 1624 2306 1797 Im Wesen des Genies liegt es, dass es alle
523 1734 2492 1917 möglichen inneren und äusseren Migslichkeiten
1786 1838 2424 1936 smnpsuiden veiden
652 1890 907 1975 von dem
534 1879 2599 2060 die das Talent als Hemmnisse empfindet, an denen
498 2010 2563 2210 es zuweilen sogar zugrunde geht,- zu fördernden
496 2114 2492 2347 Elementen umzubilden, ja aus ihnen den letzten
537 2254 2465 2490 Antrieb zur Vollendung zu empfangen vrsteht.
463 2459 2506 2739 Müsst Ihr inner erst den Einen aus den Regräu
474 2626 2492 2843 men,um für den Andern Platz zu schaffen? Merkt
479 2774 2610 2980 Ihr nicht, wie verdächtig Ihr uns mit diesen Prak-
490 2884 2687 3111 tiken das neue Taent - und zugleich Kuere-Ehrlich-
479 3084 1002 3265 keit nacht?
