2984 3608
420 369 2361 603 Nicht die Dümmen sind es, die den schlimmsten
428 528 2482 705 Schaden für die nnaxeklickaxEntniaktungxhadauxx
420 660 2496 859 nauEEhx Entwicklung der Menschheit bedeuten, son-
428 794 2593 972 dern die vielen gescheidten, oder allzu gescheidten
433 926 2402 1128 Leute, die, ohne eigentlich zu heücheln oder zu
439 1023 2504 1212 lügen, die wunderbare Fähigkeit besitzen je nach-
433 1163 2402 1392 dem es eben ihr augenblicklicher Vorteil oder
436 1290 2380 1484 auch nur ihre Requemlichkeit erfordett, ihren
444 1419 2461 1651 verstand willkürlich abzustellen,wie man in ir-
460 1543 2577 1772 send einem Wohnraum, den man zu verdunkeln wünscht,
444 1737 1419 1947 ein Licht ausschaltet.
