3000 3688
1911 796 2774 938 ud eo ee crecuget actet
1531 813 1770 952 odte.
1016 884 2445 1044 kenn ein Valk zur Vernunft kannt, so
725 1042 2533 1212 heisst das Revolutien. Den Fall, dass Fürsten
742 1184 2478 1328 das Gleiche begegnen könnte, hat der Rprach-
976 1278 1406 1377 pellennn
732 1330 1677 1465 geiat (nicht vorgesehen.
957 1521 2594 1715 In einer Atmosphäre von Feindschaft läest
739 1694 2611 1878 sich leben; Mangel an Wohlwollen ist schlimmere
780 1855 1018 2025 Zuft.
971 2072 2672 2225 Hapoleon und Cäsar, wären sie irgendwo ein
758 2185 2530 2374 ander hegegnet, hätten gelichelt wie Auguren.
777 2320 2674 2469 Doch Christus und Mehanmed, fürcht" ich; hätten
763 2502 1760 2608 einander ernst genommen.
945 2689 2424 2863 Sie schliessen sich keiner Partef auf
936 2840 2405 2981 Hein. Ich mi l1 das Recht behalten, al
2162 2941 2351 3000 ine
2431 2847 2573 3007 Am
1016 2963 1233 3036 de wg
796 2981 2521 3126 Schweinkerle verachten zu dürfen, basender
765 3093 1921 3248 die, die meiner Ansicht sind.
