3016 3704
1251 510 1771 690 kungen.
885 758 2566 914 Er glabt nur wenige Menschen, die den wah-
693 853 2649 1055 ren Rolsten antipathisch sind: Diejenigen die er-
693 1035 1582 1164 beinahe liehen könnte.
824 1152 1400 1290 Gemenonteit
693 1242 2423 1434 solidarität der Bestrebungen knüpft euch mit
697 1373 2554 1558 Anafäder, Solidarität der Schicksale schnürrt
702 1507 2488 1652 auch mit Stricken, Solidarität der Verantwer-
700 1645 2437 1820 tungen schmiedet auch mit ketten aneinander.
885 1854 2469 2024 Es als Tugend auszurufen, dass sich Men-
688 1983 2515 2182 sohan zusammengehärig fühlen, - das nar der ge-
693 2160 2486 2330 niale Enfall etnas Mächtigen, der eine Barde
688 2284 1076 2398 brauchte.
885 2491 2656 2661 Wonn der Hass falgs ist, steigt er maskirt 7
685 2615 2554 2794 in die Weit herab und nennt sich gerechtigkeit.
1874 2855 2483 3025 (begebt uich a
1968 2982 2340 3140 de N
