2968 3800
608 646 2465 829 Wie oft ist äussere Forrehtheit nur der Vereuch
583 766 2530 960 Aen wwein zustand der seelischen Innenränne durch
600 912 2497 1095 eine wohlgehaltene Äussere Faesade zu macklerer.
585 1040 2530 1219 Wer genätigt ist ins Heue zu treten wird manchmal
588 1171 2610 1334 stennen, wie wenig von der sogenannten Aständigkeit
593 1317 2528 1480 er vorfindet, auf die er doch gefasst sein musete;
593 1442 2465 1593 freilich wird er meist bemerken, wenn er aus dem
590 1563 2575 1721 Tore tretend die Fescade hit aufnerkennerem Blicke
598 1676 2497 1849 masert, dass auch da an Flecken und Sprüngen kein
663 1844 1254 1982 xr Kangel ist.
