2824 3416
527 77 2172 168 in eine andere verwandem konner da ja bei Gott kein Dig unmog-
519 147 2182 241 lich seit Und wenn er, falls du Solches zu bezweifeln wagtest, dich
517 214 2180 297 beschuldigte, daß es dir an Demut mangle und daß sein König schon
517 276 2180 376 deshalb etwas Höheres bedeute als dein Aß, weil er eben die Gnade
519 345 2182 432 habe, du aber nichts — Oder wenn er, deines Widerstandes müde,
523 413 2184 529 einfach die Karten hinwürfe: es sei ja nur ein Spiel und darum
525 482 2186 573 nicht ernst zu nehmen und wenn er sich mit dieser Begründung
523 554 1584 656 weigerte, dir deinen Gewinst auszuzahlen,
583 621 2190 704 Unsinnige Beispiele meinst dur Keineswegs. Immer wieder bist
529 698 2188 783 du als redlicher Marin Abenteuern solcher Art ausgesetzt, wenn-du
525 760 2184 851 dir's einfallen läßt, dich mit einem unlautern Gegner in ein religiöses.
527 830 2174 916 auch wohl in ein philosophisches oder politisches Gespräch einzu-
529 897 2184 990 lassen. Denn im Geistesspiel gibt es noch öfters unehrliche Partner
532 976 2184 1057 als am Kartentisch; und solche Falschspieler des Geistes gebärden
538 1049 2182 1140 sich um 50 unverschämter, als sie immer wieder Leute finden, die
532 1113 2193 1223 sich aus Dummheit, aus Snobismus oder in der Erwartung bei der
534 1169 2193 1254 Sache auch ein Geschäft zu machen, auf die Seite jener unredlichen
540 1242 2182 1350 Spieler stellen und mindestens deren guten Glauben, wenn nicht gar
529 1316 1619 1410 ihr gutes Recht zu beschwören bereit sind.
1015 1385 1632 1478 Psychophysisches Gesetz
588 1420 2186 1534 Es ist nun einmal so, daß die Menschen immer erst Raum in
538 1518 2182 1611 ihren Herzen schaffen müssen, wenn ein neues Wesen ihnen gegen-
540 1584 2193 1688 übertritt, das auf ihre Liebe, Freundschaft, Sympathie, ja nur auf
542 1655 2193 1744 ihre Beachtung Anspruch erhebt. Das menschliche Gefühl ist nur
544 1717 2209 1819 selten einem unerschöpflich sprudelnden Quell vergleichbat, meist
546 1790 2195 1879 ist es wohl abgemessen in ein Reservoir gezwängt, aus dem es unter
550 1879 2205 1960 ewig gleichem Druck in eine beschränkte Anzahl von Leitungen
540 1929 2188 2014 abfließt; und wenn ein neues Rohr sich füllt, muß ein anderes sich
546 1997 2186 2089 leeren oder gar völlig versiegen. Und ebenso verhält es sich auf
556 2078 2190 2157 geistigem Gebiete. Sobald von einer neuen Seite her Begeisterung.
550 2132 2199 2224 Anerkennung, Aufmerksamkeit gefordert wird, werden alle diese
546 2199 2195 2280 Gaben von einem anderen Objekt, so weit als möglich, mit größter
550 2269 2201 2357 Hast abgezogen. Und so ausnahmslos wirkt dieses Gesetz sich aus,
546 2338 2195 2431 daß nicht nur ein Mensch gegen den andern als Gesamterscheinung,
552 2417 2203 2487 sondern daß auch die Eigenschaften und Leistungen innerhalb
552 2477 2201 2575 ein und derselben Persönlichkeit immer wieder gegen-
556 2556 2201 2645 einander abgewogen und ausgespielt werden, als müste jede unvor-
550 2620 2203 2741 hergeschene neue Ausgabe durch sorgfältigste Sparsamkeit an
