2952 3624
533 558 2545 781 weiss es der Künstler, ob das Urteil, das er von
530 714 2518 932 Kritiker eifährt, sei gs Zustimnung oder Ableh-
535 847 2520 1043 nung sachlicher Anteilnahme eutetammt oder ob-
548 975 2452 1193 es durch irgendwelche andere Uolive gelrübt
598 1168 739 1284 ist
560 1261 2440 1470 die drei Kriterien des Kunstwerks: Einheit-
560 1450 1972 1608 lichkeit „Intensität,kontinuität.
563 1678 2585 1862 Manchem Urteil gegenüber, das ich gedrucktlese,
580 1796 2452 1990 ergeht es mir so, dass ich vor allem denke:
613 1932 2465 2118 Wie klug, wie zutreffend, wie gerecht. Jedes
580 2038 2545 2276 Wort möcht ich unterschreiben.- Und doch habe
585 2156 2570 2377 ich keine rechte rreude dran, denn gleich mier
598 2291 2590 2530 ioh tegen drängt es mich den Kritiker zu fra-
593 2452 2457 2638 gen; Hand aufs Herz,mein rreund,hättest du
593 2565 2515 2749 dies auch geschrieben, wenn du für den autor,
606 2676 2575 2904 iessen Werk du beurteilst nicht besondere jer
653 2796 2575 3035 sönliche Syntathie enffändest? Oder, wenn die
636 2965 2618 3141 as 1ob,das du geg endel hast,nicht. irgendwel-
761 3085 1942 3206 tareaid auf enen anno
658 3060 2663 3284 olen moralischen oder sonstigen Teidnn brächte
