2856 3512
531 85 2169 171 an n   e et u aner iien Kutes
519 138 2188 252 barillen und Senies gibri m) Wäre es ke nicht denkbar, daß auch
523 208 2192 306 die Menschheir für irgendeinen höheren, uns als Ganzes unfalbaren
529 260 2186 375 Organismus, innerhalb dessen sie Bedingung, Notwendigkeit und
525 335 2194 444 Sinn ihres Daseins finder, eine Krankheit bedeutet und das sie
525 383 2200 523 jenen Organismus zu zerstören sucht und endlich, je höher sie sich
1236 465 2200 550 —geradeso wie das Bazillengeschlecht
521 486 1213 604 entwickelt, zerstören muß
519 531 2138 640 das „erkrankte menschliche Individuum zu vernichten trachter?
579 594 2196 725 Und dürfen wir nicht weiter fragen, ob es nicht die Aufgabe
533 665 2194 802 jeder lebendigen Gemeinschaft bedeuter, sei es Bazillengeschlecht, sei-
540 736 2194 859 es Menschheit, die ihr übergeordnete Welt — sei dies ein mensch-
538 808 2203 952 liches Individuum, sei es das Universum — allmählich zu vernichtend
592 888 2200 998 Auch wenn diese Annahme der Wahrheit nahe käme — unser
550 942 2203 1059 Vorstellungsvermögen wüßte damit nichts anzufangen; denn unser
544 1009 2211 1134 Geist ist nur fähig, das Absteigende, Tiefere, niemals aber das
550 1100 2213 1190 Aufsteigende, Höhere zu erfassen; nur das Niedere hann von
556 1163 2211 1277 uns relativ gewußt, nhr das Höhere von uns immer nur geahnt
556 1227 2215 1325 werden. In diesem Sinne darf man die Geschichte der Menschheit
558 1288 2217 1400 vielleicht als ihren ewigen Kampf gegen das Göttliche begreifen,
556 1363 2225 1459 das trotz allen Widerstandes allmählich doch mit Notwendigkeit
550 1440 2211 1532 durch das Menschliche vernichtet wird; und diesem Gedankengang
558 1490 2217 1607 folgend dürten wir vielleicht annehmen, daß diesem uns göttlich
558 1584 2228 1675 erscheinenden oster als göttlich geahnten uns übergeordneten Element-
567 1627 2234 1767 immen Wleder sein noch höheres übergeordnet ist, und so (weiter
561 1725 1200 1842 bis in die Unendlichkeit.
1248 1765 1552 1875 Skepsis —2
619 1807 2244 1942 Der Gedanste der Seelenwanderung wird völlig sinnlos, wenn
586 1907 2236 2013 wir nicht zugleich eine Fortdauer des lchbewußtseins als gegeben
567 1980 2234 2096 annehmen. Als ein An der er dagewesen sein, das heißt: überhaupt
577 2069 1119 2171 nicht dagewesen sein.
640 2103 2244 2223 Wie zum Beweis dafür, daß die Seelen wandern, erzählen uns
577 2180 2236 2296 manche leute, Männer, und noch öfter Frauen, daß sie die deurliche
573 2244 2232 2367 Empfindung härten, schon früher einmal, erwa zur Zeit der Antike
577 2319 2246 2440 oder der Renaissance oder in irgendeiner anderen vergangenen
583 2386 2240 2498 merkwürdigen Epoche, in anderer Gestalt, selbstverständlich immer
583 2459 2246 2561 als merkwürdige Persönlichkeiten, als Fürsten, Künstler, Abenteurer
594 2544 2250 2632 männlichen oder weiblichen Geschlechts, als dämonische oder sara-
588 2590 2244 2711 nische Naturen auf der Welt gewesen zu sein. Keiner noch hat sich
586 2661 2255 2786 erinnert, in früherer Zeit als Betiler, als Kanalräumer, als Sklave,
592 2730 2257 2838 als Bierversilberer, als Waschfrau, als Sitzkassierin, als Pfahlbauer-
590 2805 2263 2921 als Menschenaffe — oder gar in irgendeiner Epoche gelebt zu haben.
592 2884 2263 3003 von der er früher niemals aus Büchern oder Errählungen Kenntnis
2315 290 2613 375 nun
2278 579 2592 713 vielleicht
2455 1211 2636 1336 doct
2375 1546 2551 1698 ud
2363 1684 2657 1807 imme
