<?xml version="1.0" encoding="UTF-8" standalone="yes"?>
<PcGts xmlns="http://schema.primaresearch.org/PAGE/gts/pagecontent/2013-07-15" xmlns:xsi="http://www.w3.org/2001/XMLSchema-instance" xsi:schemaLocation="http://schema.primaresearch.org/PAGE/gts/pagecontent/2013-07-15 http://schema.primaresearch.org/PAGE/gts/pagecontent/2013-07-15/pagecontent.xsd">
    <Metadata>
        <Creator>prov=READ-COOP:name=PyLaia@TranskribusPlatform:version=2.7.0:model_id=50870:lm=none:date=22_01_2024_21:36</Creator>
        <Created>2023-09-27T14:42:47.418+02:00</Created>
        <LastChange>2024-01-22T21:36:49.999+01:00</LastChange>
        <TranskribusMetadata docId="1589070" pageId="60127296" pageNr="65" tsid="145643062" status="IN_PROGRESS" userId="40391" imgUrl="https://files.transkribus.eu/Get?id=THSLLOZUTJPLTYUSKSOMUKCR&amp;fileType=view" xmlUrl="https://files.transkribus.eu/Get?id=GMVIMCOKJGBTRZHFUYMLXIEB" imageId="48552373"/>
    </Metadata>
    <Page imageFilename="1589070_0065.jpg" imageWidth="2984" imageHeight="3608">
        <ReadingOrder>
            <OrderedGroup id="ro_1711787125349" caption="Regions reading order">
                <RegionRefIndexed index="0" regionRef="tr_1"/>
            </OrderedGroup>
        </ReadingOrder>
        <TextRegion orientation="0.0" id="tr_1" custom="readingOrder {index:0;}">
            <Coords points="591,660 591,3191 2550,3191 2550,660"/>
            <TextLine id="tr_1_tl_1" custom="readingOrder {index:0;}">
                <Coords points="574,745 2362,736 2335,591 1443,620 972,550 811,615 577,625"/>
                <Baseline points="591,737 679,740 768,742 857,734 946,734 1035,734 1124,736 1212,736 1301,728 1390,728 1479,731 1568,725 1657,725 1746,726 1834,727 1923,722 2012,719 2101,719 2190,716 2279,716 2368,713"/>
                <TextEquiv>
                    <Unicode>Das unnutzeste und zugleich gefährlichste</Unicode>
                </TextEquiv>
            </TextLine>
            <TextLine id="tr_1_tl_2" custom="readingOrder {index:1;}">
                <Coords points="574,926 729,938 825,871 2511,854 2511,779 2321,717 2152,762 1503,733 1276,818 577,808"/>
                <Baseline points="591,872 687,869 783,866 879,864 976,866 1072,866 1168,860 1265,860 1361,859 1457,854 1554,854 1650,851 1746,852 1842,854 1939,851 2035,848 2131,845 2228,845 2324,845 2420,842 2517,845"/>
                <TextEquiv>
                    <Unicode>Element der menschlichen Gesellschaft bilden</Unicode>
                </TextEquiv>
            </TextLine>
            <TextLine id="tr_1_tl_3" custom="readingOrder {index:2;}">
                <Coords points="589,1033 811,1076 1151,1030 2063,1064 2473,977 2475,907 2314,854 1776,888 1650,849 1469,866 1353,938 591,926"/>
                <Baseline points="603,1003 696,994 790,993 884,991 978,991 1072,989 1165,990 1259,986 1353,985 1447,985 1541,988 1634,982 1728,979 1822,977 1916,975 2010,976 2103,973 2197,971 2291,973 2385,973 2479,976"/>
                <TextEquiv>
                    <Unicode>Individuen, deren zielgerichtete Begabung zu</Unicode>
                </TextEquiv>
            </TextLine>
            <TextLine id="tr_1_tl_4" custom="readingOrder {index:3;}">
                <Coords points="627,1175 1925,1172 2111,1098 2449,1100 2417,1020 2063,1064 1819,1028 912,1042 818,1083 630,1052"/>
                <Baseline points="642,1120 732,1118 823,1119 913,1124 1004,1117 1095,1114 1185,1118 1276,1114 1367,1111 1457,1110 1548,1112 1639,1108 1729,1105 1820,1105 1911,1102 2001,1102 2092,1099 2183,1096 2273,1096 2364,1096 2455,1096"/>
                <TextEquiv>
                    <Unicode>ihrer geistigen Beweglichkeit in einemauf-</Unicode>
                </TextEquiv>
            </TextLine>
            <TextLine id="tr_1_tl_5" custom="readingOrder {index:4;}">
                <Coords points="589,1286 1016,1310 1595,1230 2446,1252 2511,1230 2514,1134 1151,1199 1088,1163 589,1168"/>
                <Baseline points="603,1248 698,1242 794,1245 890,1241 985,1239 1081,1236 1177,1236 1272,1236 1368,1233 1464,1233 1560,1231 1655,1230 1751,1227 1847,1227 1942,1227 2038,1223 2134,1224 2229,1222 2325,1220 2421,1218 2517,1227"/>
                <TextEquiv>
                    <Unicode>fälligen Wissverhältnis stoht. Nicht übekalt</Unicode>
                </TextEquiv>
            </TextLine>
            <TextLine id="tr_1_tl_6" custom="readingOrder {index:5;}">
                <Coords points="586,1423 1076,1450 1334,1438 1503,1365 2478,1368 2480,1286 586,1310"/>
                <Baseline points="600,1370 694,1367 788,1367 882,1368 976,1371 1070,1364 1164,1364 1258,1361 1352,1361 1446,1361 1540,1361 1634,1358 1728,1355 1822,1355 1916,1355 2010,1354 2104,1352 2198,1348 2292,1347 2386,1344 2481,1341"/>
                <TextEquiv>
                    <Unicode>überall vermögen diese Wenschen ihr verderb-</Unicode>
                </TextEquiv>
            </TextLine>
            <TextLine id="tr_1_tl_7" custom="readingOrder {index:6;}">
                <Coords points="586,1544 1310,1556 1501,1486 1599,1517 2362,1484 2473,1520 2475,1431 2396,1406 1855,1443 1228,1419 1127,1455 589,1423"/>
                <Baseline points="600,1505 698,1499 797,1499 896,1498 995,1496 1094,1493 1193,1495 1292,1491 1391,1490 1490,1487 1588,1487 1687,1487 1786,1482 1885,1483 1984,1481 2083,1478 2182,1478 2281,1481 2380,1475 2479,1478"/>
                <TextEquiv>
                    <Unicode>liches Wesen zu entfalten: der Arbeiter, der</Unicode>
                </TextEquiv>
            </TextLine>
            <TextLine id="tr_1_tl_8" custom="readingOrder {index:7;}">
                <Coords points="586,1684 1419,1679 1503,1619 2434,1616 2434,1544 2174,1527 1508,1578 1317,1537 1040,1571 586,1544"/>
                <Baseline points="600,1636 692,1624 784,1621 876,1621 968,1624 1060,1623 1152,1619 1244,1623 1336,1618 1428,1617 1520,1616 1612,1616 1704,1616 1796,1609 1888,1609 1980,1609 2072,1607 2164,1606 2256,1606 2348,1606 2440,1597"/>
                <TextEquiv>
                    <Unicode>Handwerker, der Richter, de Rechtsanwalt, der</Unicode>
                </TextEquiv>
            </TextLine>
            <TextLine id="tr_1_tl_9" custom="readingOrder {index:8;}">
                <Coords points="586,1792 1327,1819 1735,1747 2458,1739 2458,1669 2220,1657 1957,1703 1435,1665 586,1696"/>
                <Baseline points="600,1756 693,1756 786,1754 879,1751 972,1752 1066,1748 1159,1747 1252,1747 1345,1750 1438,1744 1532,1743 1625,1740 1718,1741 1811,1740 1904,1738 1998,1738 2091,1733 2184,1735 2277,1735 2370,1729 2464,1732"/>
                <TextEquiv>
                    <Unicode>Arzt, der Priester, der Bauer, der Künstär, der</Unicode>
                </TextEquiv>
            </TextLine>
            <TextLine id="tr_1_tl_10" custom="readingOrder {index:9;}">
                <Coords points="596,1937 1542,1949 1937,1875 2302,1877 2302,1814 2258,1797 598,1819"/>
                <Baseline points="612,1878 696,1878 781,1878 866,1878 951,1880 1036,1876 1120,1875 1205,1871 1290,1869 1375,1872 1460,1872 1544,1869 1629,1872 1714,1867 1799,1864 1884,1866 1968,1865 2053,1862 2138,1859 2223,1857 2308,1860"/>
                <TextEquiv>
                    <Unicode>Polizist, der Beante, der Soldat ist ohne</Unicode>
                </TextEquiv>
            </TextLine>
            <TextLine id="tr_1_tl_11" custom="readingOrder {index:10;}">
                <Coords points="2125,1937 2145,1932 2157,1944 2224,1918 2263,1940 2302,1918 2316,1928 2333,1920 2362,1937 2400,1928 2403,1872 2374,1877 2330,1858 2289,1877 2210,1860 2178,1872 2128,1870"/>
                <Baseline points="2138,1929 2164,1926 2191,1922 2218,1918 2245,1916 2272,1914 2299,1914 2326,1915 2353,1919 2380,1918 2407,1914"/>
                <TextEquiv>
                    <Unicode>nmog</Unicode>
                </TextEquiv>
            </TextLine>
            <TextLine id="tr_1_tl_12" custom="readingOrder {index:11;}">
                <Coords points="598,2051 1913,1990 2239,1995 2340,2072 2386,2055 2388,1932 2304,1916 1807,1959 1672,1923 601,1957"/>
                <Baseline points="612,2019 701,2007 790,2004 879,2004 968,2007 1057,2001 1146,2001 1236,2001 1325,2004 1414,1996 1503,2001 1592,1998 1681,1995 1770,1995 1860,1992 1949,1989 2038,1989 2127,1989 2216,1986 2305,1983 2395,1992"/>
                <TextEquiv>
                    <Unicode>poisitve leistung, so gering sie sei,nicht</Unicode>
                </TextEquiv>
            </TextLine>
            <TextLine id="tr_1_tl_13" custom="readingOrder {index:12;}">
                <Coords points="1296,2080 1551,2063 1583,2084 1710,2075 1778,2101 1778,2014 1713,2024 1672,2000 1626,2029 1464,2000 1414,2031 1387,2017 1368,2034 1296,2014"/>
                <Baseline points="1308,2072 1333,2072 1358,2069 1383,2066 1408,2066 1433,2066 1458,2066 1483,2065 1508,2063 1533,2062 1558,2060 1583,2062 1608,2063 1633,2065 1658,2066 1683,2066 1708,2066 1733,2066 1758,2065 1783,2063"/>
                <TextEquiv>
                    <Unicode>de Cagiter</Unicode>
                </TextEquiv>
            </TextLine>
            <TextLine id="tr_1_tl_14" custom="readingOrder {index:13;}">
                <Coords points="593,2188 1860,2191 2053,2130 2234,2191 2470,2130 2470,2060 2338,2072 2121,2000 1889,2005 1735,2087 1276,2084 1192,2012 1093,2000 907,2075 596,2077"/>
                <Baseline points="609,2138 702,2132 795,2132 889,2134 982,2133 1075,2128 1169,2129 1262,2126 1355,2126 1449,2123 1542,2126 1635,2122 1729,2119 1822,2114 1915,2114 2009,2114 2102,2114 2195,2114 2289,2111 2382,2117 2476,2111"/>
                <TextEquiv>
                    <Unicode>denkbar. Boder von diober deh eneehörigen</Unicode>
                </TextEquiv>
            </TextLine>
            <TextLine id="tr_1_tl_15" custom="readingOrder {index:14;}">
                <Coords points="608,2314 1390,2326 1522,2253 2417,2256 2449,2171 1853,2200 1737,2164 1457,2220 1312,2174 1172,2217 1057,2178 610,2183"/>
                <Baseline points="621,2263 712,2260 804,2259 895,2260 987,2257 1078,2260 1170,2259 1261,2255 1353,2254 1444,2252 1536,2250 1628,2251 1719,2249 1811,2247 1902,2246 1994,2243 2085,2243 2177,2243 2268,2240 2360,2237 2452,2240"/>
                <TextEquiv>
                    <Unicode>ist darauf gestellt etwas Besimmtes hervor-</Unicode>
                </TextEquiv>
            </TextLine>
            <TextLine id="tr_1_tl_16" custom="readingOrder {index:15;}">
                <Coords points="610,2437 1127,2456 1322,2386 1419,2434 1486,2384 1638,2410 1805,2374 2123,2386 2316,2444 2473,2379 2475,2292 2246,2268 2094,2323 1515,2330 1450,2294 1160,2357 1110,2309 613,2318"/>
                <Baseline points="624,2389 716,2389 809,2389 902,2389 995,2387 1088,2386 1181,2386 1273,2383 1366,2380 1459,2380 1552,2379 1645,2374 1738,2374 1831,2374 1923,2372 2016,2373 2109,2374 2202,2372 2295,2368 2388,2368 2481,2362"/>
                <TextEquiv>
                    <Unicode>zubringen, um seine Daseinsberechtigungzuer-</Unicode>
                </TextEquiv>
            </TextLine>
            <TextLine id="tr_1_tl_17" custom="readingOrder {index:16;}">
                <Coords points="608,2550 709,2596 825,2557 1271,2574 1648,2504 2427,2543 2543,2504 2545,2437 608,2456"/>
                <Baseline points="621,2520 717,2514 813,2514 910,2517 1006,2514 1103,2513 1199,2511 1296,2511 1392,2508 1489,2508 1585,2504 1681,2502 1778,2502 1874,2499 1971,2502 2067,2496 2164,2496 2260,2494 2357,2493 2453,2494 2550,2493"/>
                <TextEquiv>
                    <Unicode>weisen, und steht so dauernd unter derkontrol-</Unicode>
                </TextEquiv>
            </TextLine>
            <TextLine id="tr_1_tl_18" custom="readingOrder {index:17;}">
                <Coords points="601,2683 994,2709 1283,2639 1428,2709 1665,2639 2304,2642 2306,2569 1998,2531 1814,2589 1373,2552 1206,2608 965,2557 818,2596 601,2577"/>
                <Baseline points="615,2649 699,2646 784,2646 869,2649 954,2644 1039,2645 1123,2642 1208,2641 1293,2637 1378,2639 1463,2637 1547,2634 1632,2634 1717,2632 1802,2636 1887,2631 1971,2628 2056,2628 2141,2627 2226,2625 2311,2625"/>
                <TextEquiv>
                    <Unicode>le darjenigen, die auf seine spezifische</Unicode>
                </TextEquiv>
            </TextLine>
            <TextLine id="tr_1_tl_19" custom="readingOrder {index:18;}">
                <Coords points="647,2815 1464,2840 1510,2806 1674,2825 1783,2760 2446,2784 2521,2772 2523,2663 2412,2639 2147,2721 2005,2663 1891,2709 1530,2683 1476,2724 649,2700"/>
                <Baseline points="660,2780 753,2772 846,2771 939,2773 1033,2772 1126,2770 1219,2766 1313,2765 1406,2765 1499,2762 1593,2759 1686,2759 1779,2756 1872,2755 1966,2755 2059,2756 2152,2758 2246,2759 2339,2754 2432,2753 2526,2750"/>
                <TextEquiv>
                    <Unicode>leistung angewiegen sind, und damit zugleich</Unicode>
                </TextEquiv>
            </TextLine>
            <TextLine id="tr_1_tl_20" custom="readingOrder {index:19;}">
                <Coords points="649,2948 1735,2970 1872,2948 1875,2835 1327,2820 1235,2854 1069,2811 651,2847"/>
                <Baseline points="663,2909 723,2903 784,2901 845,2903 906,2901 966,2895 1027,2894 1088,2896 1149,2894 1209,2897 1270,2900 1331,2898 1392,2897 1452,2896 1513,2889 1574,2890 1635,2888 1695,2888 1756,2888 1817,2890 1878,2897"/>
                <TextEquiv>
                    <Unicode>unter der der Allgemeinheit.</Unicode>
                </TextEquiv>
            </TextLine>
            <TextLine id="tr_1_tl_21" custom="readingOrder {index:20;}">
                <Coords points="801,3064 1257,3083 1484,3028 1848,3049 2034,3011 2280,3052 2478,3025 2480,2895 2236,2909 2157,2965 1296,2941 801,2989"/>
                <Baseline points="815,3034 898,3026 981,3025 1065,3024 1148,3022 1232,3022 1315,3019 1399,3019 1482,3016 1566,3018 1649,3015 1732,3013 1816,3013 1899,3013 1983,3010 2066,3007 2150,3007 2233,3009 2317,3004 2400,3007 2484,3007"/>
                <TextEquiv>
                    <Unicode>Auf drei dabitdan Lebausgebieten aber</Unicode>
                </TextEquiv>
            </TextLine>
            <TextLine id="tr_1_tl_22" custom="readingOrder {index:21;}">
                <Coords points="596,3223 755,3238 1074,3177 1201,3228 1411,3153 1906,3141 2036,3189 2270,3151 2405,3201 2408,3054 2263,3088 2162,3047 2036,3100 1949,3052 1503,3100 598,3076"/>
                <Baseline points="612,3165 702,3162 792,3162 882,3159 972,3162 1062,3157 1152,3157 1242,3154 1332,3151 1422,3148 1512,3148 1602,3148 1692,3151 1782,3148 1872,3142 1962,3142 2052,3142 2142,3142 2232,3139 2322,3136 2413,3139"/>
                <TextEquiv>
                    <Unicode>ist eine solche Kontrolle praklisch nicht</Unicode>
                </TextEquiv>
            </TextLine>
            <TextEquiv>
                <Unicode></Unicode>
            </TextEquiv>
        </TextRegion>
    </Page>
</PcGts>
