2872 3432
309 713 2571 926 Wenn einer, der nicht gütig, sondern nur gutmütig ist, in
309 863 2475 1091 der Nachlässigkeit seines Herzens einmal etwas wahrhaft
306 987 2524 1192 Gutes tut, so wird es selten ohne Reue ablaufen. Denn so
303 1114 2550 1344 sehr uns das Gedächtnis einer Handlung bedrücken mag, die
303 1261 2622 1448 unserer nicht würdig war, noch schwerer lastet die Erinner-
303 1393 2513 1593 ung einer Tat auf uns, deren wir selbst nicht vollkommen
352 1523 1010 1642 ert gewesen sind.
424 1809 557 1942 ele
