2904 3336
380 1079 565 1224 Diu
601 409 2502 574 Wir sind in jedem Falle verdampt unsere Ne-
1998 560 2154 625 nir
591 577 2399 762 beumenschen auszunützen, Nicht seftr aus so-
627 656 2560 887 genannten ogeistischen Gründen, sondern sin ei
627 812 793 892 cen
603 832 2430 1007 nam tieferen sinne: zur Erfüllung unseres
786 940 1885 1005 dure iune Culen besugte
601 1005 1221 1142 derehrer
1286 986 2637 1147 ns vonegtes Schicksals
608 1108 2428 1267 Die Menschen, die wir zu diesem Zueck nich
1995 1168 2690 1300 umaiteturlint
639 1221 2572 1404 brauchen können, entfernen, wir eit Intena-
606 1351 2502 1529 tlacher Siekerbeit aus unserer Nähe; und mit
603 1490 2418 1668 unhaugstem scharfblick mählen wir aus der
591 1582 2512 1788 Menge, der Uns Begegnenden gerage die jenigen
591 1748 2490 1913 aus, die afen ihrem Wesen nach dazu gesehaf-
589 1877 2440 2048 fen sind ung das unsere entdecken und ent-
680 1973 911 2077 falter
606 1995 2454 2192 Eten undrso unser Schicksal erfüllen zu
594 2137 966 2315 tassen..
