3000 3608
869 750 1214 982 vertangen.
920 953 1109 1037 1
1653 936 2395 1099 wie alt au bist, so
960 946 1487 1104 MiElst du riss
769 1073 2385 1226 Frage nicht die Jahre, die du gelebt hast,
750 1198 2302 1356 sondern den Augenhlick, den du geniesst.
960 1471 2520 1641 Mistrauiach bist duf Ich verstehe dieh:
788 1629 2397 1803 au willst dir die Mühe ersparen; die Men-
757 1779 1669 1930 schen kennen zu lernen.
982 1911 2488 2129 Ee ist minder leichtsinnig, sich in FI
752 2074 2603 2254 nanzielle, als in ethische Schulden zu stürzen.
747 2196 2675 2335 Dort gieht ee Rattung: Haupttroffer, Erbschaften,
759 2314 2613 2505 neue Quellen des Verdienstee; wer einhal zu gut
764 2460 2096 2634 ver, ist hankerott auf Lebenszelt.
992 2637 2627 2795 Horch" auf die Varleunder, so wirst du die
776 2788 1878 2946 Fahrheit über dich erfahren.
