2984 3624
490 571 2431 770 Oder wenn du dieseel nicht besondere Gelegen-
496 704 2525 908 heit gehebt hätst dein eigenes Licht leucliten
514 871 2390 1054 zu lossen? Ia,Frege ich am Ende, hättest du,
498 963 2473 1210 wenn da Herk zufällig ven einer Andern wäre,
553 1117 2515 1336 überhauft bemerkt, dass er dein rob verdient?
519 1205 2525 1450 And, wenn du es bemerkt, lättest, wäre es dir der
517 1328 2551 1589 rühe werl gewosen, es aufzuzeichnen oder gar in
527 1529 1495 1719 1ie reitine zu selzen?
605 1717 2465 1957 Wös dein werk in die Zukunft trägt ist nie
574 1837 2554 2090 a- Problem, das du genählt, nicht der Geist,mit
553 1977 2429 2230 iem du es behendelt;-s- sind immer nur die
553 2147 2530 2348 iestalten, die du gebildet und die Atmosfhäre,,
556 2298 2131 2499 1ie du un sie härpn geschaffen hast.
553 2452 2481 2724 ie mahre Procblio teigt zur Kinuel auf, nie
603 2648 2489 2857 ein Turm, auf dessen freier Höhe, von Stürmen
569 2770 2664 2990 antrauet, tis leiche des Kolder aufgebahrt liegt.-
571 2909 2572 3094 aber auch auf dem Grunde jeder richtigen Kond-
574 3013 2538 3243 die, tief verborgen in vernauerten Räunen, ruht
1748 3146 1946 3243 mag
623 3185 2410 3355 ein tragisches seheinnis, wand ex auch der
