<?xml version="1.0" encoding="UTF-8" standalone="yes"?>
<PcGts xmlns="http://schema.primaresearch.org/PAGE/gts/pagecontent/2013-07-15" xmlns:xsi="http://www.w3.org/2001/XMLSchema-instance" xsi:schemaLocation="http://schema.primaresearch.org/PAGE/gts/pagecontent/2013-07-15 http://schema.primaresearch.org/PAGE/gts/pagecontent/2013-07-15/pagecontent.xsd">
    <Metadata>
        <Creator>prov=READ-COOP:name=PyLaia@TranskribusPlatform:version=2.7.0:model_id=50870:lm=none:date=22_01_2024_21:36</Creator>
        <Created>2023-09-27T14:42:44.506+02:00</Created>
        <LastChange>2024-01-22T21:36:44.941+01:00</LastChange>
        <TranskribusMetadata docId="1589070" pageId="60127187" pageNr="36" tsid="145643031" status="IN_PROGRESS" userId="40391" imgUrl="https://files.transkribus.eu/Get?id=QSTUXIOUNXABBTEPUZXEPLPN&amp;fileType=view" xmlUrl="https://files.transkribus.eu/Get?id=SCFJQATASSJNLWSSJNVOUMKE" imageId="48552264"/>
    </Metadata>
    <Page imageFilename="1589070_0036.jpg" imageWidth="2776" imageHeight="3512">
        <ReadingOrder>
            <OrderedGroup id="ro_1711787081978" caption="Regions reading order">
                <RegionRefIndexed index="0" regionRef="tr_1"/>
            </OrderedGroup>
        </ReadingOrder>
        <TextRegion orientation="0.0" id="tr_1" custom="readingOrder {index:0;}">
            <Coords points="510,258 510,3405 2675,3405 2675,258"/>
            <TextLine id="tr_1_tl_1" custom="readingOrder {index:0;}">
                <Coords points="1113,338 1833,313 1835,240 1693,236 1647,194 1530,219 1424,202 1194,255 1117,217"/>
                <Baseline points="1125,319 1160,319 1196,317 1232,315 1267,313 1303,313 1339,310 1374,310 1410,309 1446,306 1482,304 1517,302 1553,299 1589,298 1624,298 1660,298 1696,296 1731,293 1767,292 1803,293 1839,295"/>
                <TextEquiv>
                    <Unicode>AernuR schurzieR.</Unicode>
                </TextEquiv>
            </TextLine>
            <TextLine id="tr_1_tl_2" custom="readingOrder {index:1;}">
                <Coords points="1086,426 1265,386 1386,415 1664,397 1733,367 1864,378 1866,309 1088,340"/>
                <Baseline points="1096,394 1134,389 1173,387 1211,385 1250,384 1289,382 1327,382 1366,380 1405,379 1443,376 1482,373 1521,373 1559,373 1598,370 1637,370 1675,368 1714,367 1753,366 1791,363 1830,361 1869,364"/>
                <TextEquiv>
                    <Unicode>Bemerkungen mit Frafezeichen.</Unicode>
                </TextEquiv>
            </TextLine>
            <TextLine id="tr_1_tl_3" custom="readingOrder {index:2;}">
                <Coords points="1257,472 1311,459 1359,470 1428,447 1591,459 1716,438 1716,405 1701,401 1593,392 1503,407 1468,392 1369,418 1344,397 1259,386"/>
                <Baseline points="1269,450 1294,449 1319,447 1344,445 1369,444 1394,444 1419,443 1444,441 1469,441 1494,441 1519,440 1544,439 1569,439 1594,439 1619,439 1644,437 1669,434 1694,433 1720,433"/>
                <TextEquiv>
                    <Unicode>Rationalismus —</Unicode>
                </TextEquiv>
            </TextLine>
            <TextLine id="tr_1_tl_4" custom="readingOrder {index:3;}">
                <Coords points="777,551 862,591 1060,562 1209,599 1670,511 2179,534 2317,511 2319,434 1735,424 1290,488 779,463"/>
                <Baseline points="788,540 864,537 941,534 1018,531 1095,532 1171,531 1248,522 1325,517 1402,513 1478,510 1555,507 1632,504 1709,498 1785,498 1862,494 1939,492 2016,489 2092,486 2169,486 2246,485 2323,486"/>
                <TextEquiv>
                    <Unicode>iel und wenig, groß und Klein, nah und ferng das sind höcher,</Unicode>
                </TextEquiv>
            </TextLine>
            <TextLine id="tr_1_tl_5" custom="readingOrder {index:4;}">
                <Coords points="1192,854 1223,841 1236,852 1242,845 1284,848 1311,831 1340,835 1369,858 1415,848 1417,774 1399,774 1349,745 1305,762 1278,749 1234,770 1194,766"/>
                <Baseline points="1203,833 1230,829 1257,826 1284,824 1312,824 1339,824 1366,824 1393,824 1421,824"/>
                <TextEquiv>
                    <Unicode>Jahrbuch</Unicode>
                </TextEquiv>
            </TextLine>
            <TextLine id="tr_1_tl_6" custom="readingOrder {index:5;}">
                <Coords points="499,923 1795,910 2158,885 2161,822 1639,802 1420,860 1123,829 852,860 691,808 501,856"/>
                <Baseline points="510,916 592,913 675,913 757,911 840,907 923,906 1005,903 1088,901 1170,898 1253,895 1336,890 1418,891 1501,888 1583,883 1666,883 1749,883 1831,877 1914,874 1996,871 2079,869 2162,869"/>
                <TextEquiv>
                    <Unicode>relative Begriffe, und eine durchaus sentimentale Naturberrachtung</Unicode>
                </TextEquiv>
            </TextLine>
            <TextLine id="tr_1_tl_7" custom="readingOrder {index:6;}">
                <Coords points="2282,944 2313,935 2359,958 2409,944 2503,989 2528,969 2555,985 2593,975 2595,858 2557,845 2432,839 2330,891 2284,889"/>
                <Baseline points="2293,946 2318,946 2343,945 2369,943 2394,942 2420,940 2445,942 2470,943 2496,941 2521,940 2547,940 2572,940 2598,940"/>
                <TextEquiv>
                    <Unicode>muss</Unicode>
                </TextEquiv>
            </TextLine>
            <TextLine id="tr_1_tl_8" custom="readingOrder {index:7;}">
                <Coords points="505,1000 2156,950 2158,885 2100,870 1749,925 1645,889 507,944"/>
                <Baseline points="519,994 601,988 683,982 765,979 847,977 929,975 1011,973 1094,972 1176,967 1258,965 1340,962 1422,960 1504,957 1586,955 1669,952 1751,949 1833,947 1915,945 1997,940 2079,937 2162,934"/>
                <TextEquiv>
                    <Unicode>das man es nennen, wenn die Menschen, immer wieder anläßlich</Unicode>
                </TextEquiv>
            </TextLine>
            <TextLine id="tr_1_tl_9" custom="readingOrder {index:8;}">
                <Coords points="511,1081 2163,1017 2142,946 516,998"/>
                <Baseline points="525,1051 607,1051 689,1048 771,1048 853,1045 935,1043 1017,1039 1099,1038 1181,1036 1263,1033 1345,1030 1427,1028 1509,1026 1591,1023 1673,1021 1755,1018 1837,1015 1919,1012 2001,1009 2083,1008 2165,1000"/>
                <TextEquiv>
                    <Unicode>besonders höher oder besonders niederer Tiffern in eine Art reli-</Unicode>
                </TextEquiv>
            </TextLine>
            <TextLine id="tr_1_tl_10" custom="readingOrder {index:9;}">
                <Coords points="520,1159 1979,1079 2169,1106 2171,1010 2133,1008 522,1079"/>
                <Baseline points="531,1131 613,1121 695,1122 777,1114 859,1113 941,1113 1023,1114 1105,1106 1187,1104 1269,1101 1351,1098 1433,1097 1515,1095 1597,1092 1679,1090 1761,1087 1843,1084 1925,1081 2007,1078 2089,1077 2171,1075"/>
                <TextEquiv>
                    <Unicode>giöser Verzückung geraten. Denn es ist um nichts merkwürdigen,</Unicode>
                </TextEquiv>
            </TextLine>
            <TextLine id="tr_1_tl_11" custom="readingOrder {index:10;}">
                <Coords points="2240,1188 2290,1186 2346,1156 2405,1173 2438,1152 2467,1161 2505,1144 2543,1148 2545,1077 2486,1086 2392,1054 2378,1065 2359,1052 2309,1065 2244,1058"/>
                <Baseline points="2251,1155 2277,1155 2304,1155 2331,1154 2358,1153 2385,1152 2412,1152 2439,1150 2466,1148 2493,1147 2520,1145 2547,1143"/>
                <TextEquiv>
                    <Unicode>xned</Unicode>
                </TextEquiv>
            </TextLine>
            <TextLine id="tr_1_tl_12" custom="readingOrder {index:11;}">
                <Coords points="526,1213 1804,1190 2146,1167 2177,1108 528,1154"/>
                <Baseline points="537,1191 619,1191 701,1185 783,1185 865,1182 947,1179 1029,1179 1112,1175 1194,1170 1276,1170 1358,1167 1440,1164 1522,1161 1604,1158 1687,1158 1769,1161 1851,1159 1933,1152 2015,1146 2097,1143 2180,1143"/>
                <TextEquiv>
                    <Unicode>das das licht von gewissen Gestirnen her erst M Jahrtausenden</Unicode>
                </TextEquiv>
            </TextLine>
            <TextLine id="tr_1_tl_13" custom="readingOrder {index:12;}">
                <Coords points="528,1269 2177,1227 2179,1156 2021,1154 530,1211"/>
                <Baseline points="540,1260 622,1254 704,1257 786,1254 868,1251 950,1248 1032,1245 1114,1241 1196,1239 1278,1236 1360,1236 1442,1231 1524,1230 1606,1227 1688,1227 1770,1222 1852,1219 1934,1216 2016,1215 2098,1214 2180,1212"/>
                <TextEquiv>
                    <Unicode>zu uns gelangt, daß ein halbes Gramm Uran erst nach fünfrausend</Unicode>
                </TextEquiv>
            </TextLine>
            <TextLine id="tr_1_tl_14" custom="readingOrder {index:13;}">
                <Coords points="526,1344 2177,1286 2177,1227 2067,1221 528,1271"/>
                <Baseline points="540,1328 622,1324 704,1322 786,1322 868,1318 950,1314 1032,1314 1114,1310 1196,1308 1278,1305 1360,1305 1442,1303 1524,1299 1606,1298 1688,1296 1770,1293 1852,1288 1934,1285 2016,1284 2098,1281 2180,1281"/>
                <TextEquiv>
                    <Unicode>Millionen Jahren völlig zerfallen ist, daß in einem Kubikzentimeter</Unicode>
                </TextEquiv>
            </TextLine>
            <TextLine id="tr_1_tl_15" custom="readingOrder {index:14;}">
                <Coords points="520,1394 2150,1369 2184,1288 522,1342"/>
                <Baseline points="531,1394 613,1394 696,1392 779,1388 862,1387 944,1384 1027,1382 1110,1379 1193,1376 1275,1373 1358,1371 1441,1370 1524,1367 1606,1367 1689,1361 1772,1361 1855,1358 1937,1355 2020,1353 2103,1352 2186,1349"/>
                <TextEquiv>
                    <Unicode>Meerwasser über eine Million Radiolarien enthalten sind und daß</Unicode>
                </TextEquiv>
            </TextLine>
            <TextLine id="tr_1_tl_16" custom="readingOrder {index:15;}">
                <Coords points="532,1476 2181,1449 2184,1371 534,1401"/>
                <Baseline points="543,1463 625,1463 707,1460 789,1457 871,1454 953,1451 1035,1451 1118,1446 1200,1445 1282,1443 1364,1442 1446,1438 1528,1433 1610,1433 1693,1430 1775,1427 1857,1428 1939,1423 2021,1422 2103,1421 2186,1418"/>
                <TextEquiv>
                    <Unicode>der Ichthyosaurus schon vör zweihundert Millionen Jahren gelebt</Unicode>
                </TextEquiv>
            </TextLine>
            <TextLine id="tr_1_tl_17" custom="readingOrder {index:16;}">
                <Coords points="534,1543 2175,1507 2177,1445 536,1476"/>
                <Baseline points="546,1532 627,1533 709,1531 791,1526 872,1523 954,1520 1036,1517 1117,1516 1199,1514 1281,1511 1363,1509 1444,1506 1526,1504 1608,1502 1689,1499 1771,1496 1853,1493 1934,1493 2016,1490 2098,1487 2180,1487"/>
                <TextEquiv>
                    <Unicode>hat, — um nichts merkwürdiger, als daß das Körpermaß des erwach-</Unicode>
                </TextEquiv>
            </TextLine>
            <TextLine id="tr_1_tl_18" custom="readingOrder {index:17;}">
                <Coords points="526,1622 1797,1566 1954,1599 2179,1561 2181,1520 528,1547"/>
                <Baseline points="540,1606 622,1597 704,1597 786,1594 869,1592 951,1588 1033,1587 1116,1585 1198,1582 1280,1580 1363,1576 1445,1573 1527,1573 1609,1573 1692,1567 1774,1567 1856,1564 1939,1561 2021,1560 2103,1558 2186,1555"/>
                <TextEquiv>
                    <Unicode>senen Menschen fünf bis sechs Fuß beträgt, daß das Licht der Sonne</Unicode>
                </TextEquiv>
            </TextLine>
            <TextLine id="tr_1_tl_19" custom="readingOrder {index:18;}">
                <Coords points="532,1683 2148,1655 2184,1574 534,1624"/>
                <Baseline points="546,1672 628,1669 710,1666 792,1664 874,1662 956,1660 1038,1656 1121,1653 1203,1651 1285,1649 1367,1645 1449,1645 1531,1642 1613,1639 1696,1636 1778,1639 1860,1634 1942,1632 2024,1626 2106,1624 2189,1621"/>
                <TextEquiv>
                    <Unicode>schon nach acht Minuten bei uns eintrifft, daß gewisse chemische</Unicode>
                </TextEquiv>
            </TextLine>
            <TextLine id="tr_1_tl_20" custom="readingOrder {index:19;}">
                <Coords points="541,1756 1159,1760 1351,1720 1403,1756 1996,1697 2169,1726 2190,1651 543,1676"/>
                <Baseline points="552,1738 634,1735 716,1735 798,1732 880,1729 962,1726 1044,1725 1126,1720 1208,1720 1290,1717 1372,1715 1454,1712 1536,1710 1618,1708 1700,1708 1782,1705 1864,1703 1946,1697 2028,1696 2110,1695 2192,1693"/>
                <TextEquiv>
                    <Unicode>Stoffe sich innerhalb weniger Sekunden auflösen, daß der Anfang</Unicode>
                </TextEquiv>
            </TextLine>
            <TextLine id="tr_1_tl_21" custom="readingOrder {index:20;}">
                <Coords points="541,1827 2106,1783 2184,1770 2186,1724 543,1756"/>
                <Baseline points="552,1806 633,1803 715,1803 797,1800 879,1797 961,1795 1043,1793 1124,1790 1206,1788 1288,1785 1370,1785 1452,1782 1534,1779 1616,1778 1697,1776 1779,1776 1861,1770 1943,1767 2025,1764 2107,1763 2189,1764"/>
                <TextEquiv>
                    <Unicode>des Menschengeschlechtes nur auf 30 bis 10.000 Jahre zurückgehr</Unicode>
                </TextEquiv>
            </TextLine>
            <TextLine id="tr_1_tl_22" custom="readingOrder {index:21;}">
                <Coords points="534,1893 2188,1852 2190,1772 2140,1766 536,1822"/>
                <Baseline points="549,1875 631,1875 713,1869 795,1870 878,1866 960,1865 1042,1860 1125,1860 1207,1857 1289,1854 1372,1852 1454,1850 1536,1848 1618,1845 1701,1842 1783,1842 1865,1839 1948,1838 2030,1835 2112,1833 2195,1833"/>
                <TextEquiv>
                    <Unicode>usw. Daß überhaupt etwas ist, der Geist ebenso wie die Materie,</Unicode>
                </TextEquiv>
            </TextLine>
            <TextLine id="tr_1_tl_23" custom="readingOrder {index:22;}">
                <Coords points="536,1950 2129,1920 2190,1908 2192,1850 536,1893"/>
                <Baseline points="549,1947 631,1944 713,1941 796,1938 878,1935 961,1934 1043,1931 1125,1929 1208,1926 1290,1924 1373,1923 1455,1919 1537,1917 1620,1914 1702,1911 1785,1909 1867,1906 1949,1908 2032,1904 2114,1902 2197,1899"/>
                <TextEquiv>
                    <Unicode>das Licht, der Äther, Entstehen, Blühen und Vergehen, Id as ist</Unicode>
                </TextEquiv>
            </TextLine>
            <TextLine id="tr_1_tl_24" custom="readingOrder {index:23;}">
                <Coords points="536,2021 2190,1979 2173,1910 1088,1964 539,1946"/>
                <Baseline points="549,2012 631,2009 713,2006 795,2006 878,2003 960,2000 1042,2002 1125,1999 1207,1994 1289,1989 1372,1989 1454,1988 1536,1986 1618,1985 1701,1982 1783,1979 1865,1976 1948,1974 2030,1973 2112,1971 2195,1971"/>
                <TextEquiv>
                    <Unicode>das Wunder und gegenüber diesem ewigen Rätsel hat Staunen,</Unicode>
                </TextEquiv>
            </TextLine>
            <TextLine id="tr_1_tl_25" custom="readingOrder {index:24;}">
                <Coords points="541,2085 2125,2060 2192,2044 2194,1983 543,2023"/>
                <Baseline points="555,2078 637,2078 719,2078 801,2078 883,2075 965,2071 1047,2068 1129,2066 1211,2063 1293,2061 1376,2058 1458,2057 1540,2054 1622,2051 1704,2051 1786,2046 1868,2045 1950,2044 2032,2041 2114,2039 2197,2039"/>
                <TextEquiv>
                    <Unicode>Ehrkurcht, ja, wenn man will/Glaube seinen Sinn: Zif f ern und</Unicode>
                </TextEquiv>
            </TextLine>
            <TextLine id="tr_1_tl_26" custom="readingOrder {index:25;}">
                <Coords points="543,2181 1265,2133 2192,2140 2194,2044 1718,2092 1570,2056 545,2096"/>
                <Baseline points="555,2150 637,2150 719,2147 801,2145 883,2141 965,2140 1047,2135 1129,2135 1211,2135 1293,2130 1376,2127 1458,2126 1540,2123 1622,2120 1704,2117 1786,2115 1868,2114 1950,2111 2032,2111 2114,2108 2197,2108"/>
                <TextEquiv>
                    <Unicode>Maße, hohe wie niedere, sind nichts als ein unerläßliches Mittel</Unicode>
                </TextEquiv>
            </TextLine>
            <TextLine id="tr_1_tl_27" custom="readingOrder {index:26;}">
                <Coords points="2280,2227 2340,2200 2357,2209 2369,2198 2392,2213 2415,2202 2434,2219 2474,2194 2488,2200 2509,2186 2551,2186 2551,2133 2536,2129 2461,2150 2438,2146 2424,2129 2392,2146 2340,2133 2325,2144 2282,2140"/>
                <Baseline points="2293,2195 2319,2193 2345,2190 2371,2187 2398,2186 2424,2186 2450,2186 2477,2186 2503,2186 2529,2187 2556,2189"/>
                <TextEquiv>
                    <Unicode>um</Unicode>
                </TextEquiv>
            </TextLine>
            <TextLine id="tr_1_tl_28" custom="readingOrder {index:27;}">
                <Coords points="547,2221 2196,2188 2198,2136 2144,2113 549,2169"/>
                <Baseline points="558,2218 640,2218 722,2215 804,2210 886,2209 968,2207 1050,2206 1132,2203 1214,2200 1296,2197 1379,2197 1461,2194 1543,2192 1625,2189 1707,2189 1789,2184 1871,2183 1953,2182 2035,2179 2117,2177 2200,2171"/>
                <TextEquiv>
                    <Unicode>der Verständigung zwischen uns Menschen; Andacht aber vor den</Unicode>
                </TextEquiv>
            </TextLine>
            <TextLine id="tr_1_tl_29" custom="readingOrder {index:28;}">
                <Coords points="553,2298 2194,2265 2179,2181 555,2234"/>
                <Baseline points="564,2293 645,2286 727,2284 809,2281 891,2279 973,2278 1054,2277 1136,2272 1218,2272 1300,2266 1382,2266 1463,2261 1545,2260 1627,2257 1709,2257 1791,2254 1872,2252 1954,2248 2036,2248 2118,2248 2200,2242"/>
                <TextEquiv>
                    <Unicode>Quantitäten, vor ungehever kleinen und ungeheuer großen</Unicode>
                </TextEquiv>
            </TextLine>
            <TextLine id="tr_1_tl_30" custom="readingOrder {index:29;}">
                <Coords points="2240,2286 2273,2298 2344,2280 2415,2300 2470,2277 2601,2313 2605,2209 2574,2221 2534,2211 2518,2225 2480,2211 2440,2223 2415,2202 2388,2221 2348,2200 2307,2221 2242,2215"/>
                <Baseline points="2251,2278 2276,2276 2301,2274 2327,2273 2352,2272 2378,2272 2403,2272 2429,2272 2454,2272 2479,2271 2505,2268 2530,2265 2556,2263 2581,2262 2607,2260"/>
                <TextEquiv>
                    <Unicode>vernchrende</Unicode>
                </TextEquiv>
            </TextLine>
            <TextLine id="tr_1_tl_31" custom="readingOrder {index:30;}">
                <Coords points="551,2386 1601,2330 1920,2367 2196,2332 2198,2254 553,2298"/>
                <Baseline points="564,2356 650,2353 736,2353 822,2350 909,2347 995,2344 1081,2341 1167,2338 1254,2337 1340,2335 1426,2333 1512,2330 1599,2327 1685,2326 1771,2323 1857,2322 1944,2320 2030,2317 2116,2314 2203,2311"/>
                <TextEquiv>
                    <Unicode>Zahlen, welches Maß immer in Zeit und Raum sie ausdrücken</Unicode>
                </TextEquiv>
            </TextLine>
            <TextLine id="tr_1_tl_32" custom="readingOrder {index:31;}">
                <Coords points="541,2455 1854,2415 1872,2342 543,2376"/>
                <Baseline points="552,2424 618,2424 684,2421 750,2421 816,2420 882,2415 948,2413 1015,2413 1081,2410 1147,2410 1213,2409 1279,2406 1345,2406 1411,2402 1478,2401 1544,2401 1610,2395 1676,2393 1742,2392 1808,2390 1875,2392"/>
                <TextEquiv>
                    <Unicode>mögen, ist nicht Frömmigkeit, sondern Götzendienst.</Unicode>
                </TextEquiv>
            </TextLine>
            <TextLine id="tr_1_tl_33" custom="readingOrder {index:32;}">
                <Coords points="1234,2495 1273,2480 1292,2495 1353,2492 1367,2480 1413,2488 1430,2472 1472,2482 1534,2472 1536,2409 1468,2417 1453,2432 1378,2409 1344,2428 1317,2428 1286,2409 1236,2413"/>
                <Baseline points="1245,2475 1271,2475 1298,2475 1325,2474 1352,2473 1379,2472 1405,2472 1432,2469 1459,2466 1486,2466 1513,2467 1540,2469"/>
                <TextEquiv>
                    <Unicode>Mystik -2</Unicode>
                </TextEquiv>
            </TextLine>
            <TextLine id="tr_1_tl_34" custom="readingOrder {index:33;}">
                <Coords points="587,2566 2133,2538 2206,2526 2209,2474 1964,2447 589,2513"/>
                <Baseline points="600,2556 680,2557 761,2555 841,2552 922,2550 1003,2550 1083,2547 1164,2545 1244,2544 1325,2541 1406,2538 1486,2535 1567,2532 1647,2532 1728,2529 1809,2526 1889,2524 1970,2521 2050,2522 2131,2519 2212,2517"/>
                <TextEquiv>
                    <Unicode>Den Verlauf einer Infektionskrankheit im menschlichen Körper</Unicode>
                </TextEquiv>
            </TextLine>
            <TextLine id="tr_1_tl_35" custom="readingOrder {index:34;}">
                <Coords points="553,2645 2206,2601 2209,2530 555,2576"/>
                <Baseline points="564,2628 646,2628 728,2625 811,2623 893,2620 976,2619 1058,2616 1140,2613 1223,2610 1305,2610 1388,2607 1470,2606 1552,2603 1635,2601 1717,2598 1800,2598 1882,2595 1964,2592 2047,2589 2129,2589 2212,2586"/>
                <TextEquiv>
                    <Unicode>dürfen wir uns vielleicht als die Geschichte eines Geschlechts von</Unicode>
                </TextEquiv>
            </TextLine>
            <TextLine id="tr_1_tl_36" custom="readingOrder {index:35;}">
                <Coords points="551,2726 1979,2689 2121,2670 2123,2595 553,2647"/>
                <Baseline points="564,2699 642,2696 720,2693 798,2695 876,2690 954,2687 1032,2689 1110,2686 1188,2684 1266,2681 1345,2678 1423,2675 1501,2675 1579,2670 1657,2669 1735,2666 1813,2663 1891,2664 1969,2662 2047,2659 2126,2663"/>
                <TextEquiv>
                    <Unicode>Bazillen vorstellen Dein Entstehen, Blühen und Vergehen;</Unicode>
                </TextEquiv>
            </TextLine>
            <TextLine id="tr_1_tl_37" custom="readingOrder {index:36;}">
                <Coords points="555,2791 2213,2751 2217,2666 557,2722"/>
                <Baseline points="567,2768 649,2765 732,2762 814,2764 897,2762 979,2761 1062,2755 1144,2753 1227,2750 1309,2747 1392,2745 1475,2744 1557,2741 1640,2738 1722,2738 1805,2735 1887,2732 1970,2732 2052,2728 2135,2726 2218,2732"/>
                <TextEquiv>
                    <Unicode>Geschichte so gut, wie die Geschichte des Menschengeschlechtes,</Unicode>
                </TextEquiv>
            </TextLine>
            <TextLine id="tr_1_tl_38" custom="readingOrder {index:37;}">
                <Coords points="549,2858 2204,2812 2206,2739 2152,2728 1923,2768 1566,2741 551,2793"/>
                <Baseline points="561,2837 643,2831 725,2831 808,2829 890,2828 973,2827 1055,2824 1137,2819 1220,2819 1302,2819 1385,2816 1467,2813 1549,2810 1632,2810 1714,2807 1797,2805 1879,2802 1961,2800 2044,2802 2126,2798 2209,2795"/>
                <TextEquiv>
                    <Unicode>freilich in anderen Massen, aber doch der Idee nach das gleichen</Unicode>
                </TextEquiv>
            </TextLine>
            <TextLine id="tr_1_tl_39" custom="readingOrder {index:38;}">
                <Coords points="612,2906 770,2937 883,2897 2215,2866 2215,2824 2133,2799 614,2852"/>
                <Baseline points="624,2905 703,2899 783,2899 863,2898 943,2895 1023,2892 1103,2893 1182,2888 1262,2887 1342,2884 1422,2884 1502,2878 1582,2878 1662,2878 1741,2875 1821,2872 1901,2872 1981,2870 2061,2866 2141,2865 2221,2863"/>
                <TextEquiv>
                    <Unicode>Solch ein Bazillengeschlecht lebt im Blut, in der Lymphe, im</Unicode>
                </TextEquiv>
            </TextLine>
            <TextLine id="tr_1_tl_40" custom="readingOrder {index:39;}">
                <Coords points="551,2985 2073,2958 2206,2941 2209,2870 764,2933 553,2902"/>
                <Baseline points="564,2977 646,2974 728,2971 811,2966 893,2965 976,2962 1058,2961 1140,2959 1223,2959 1305,2954 1388,2951 1470,2950 1552,2950 1635,2947 1717,2944 1800,2944 1882,2939 1964,2938 2047,2938 2129,2935 2212,2929"/>
                <TextEquiv>
                    <Unicode>Gewebe eines menschlichen Individuums; dieser von unserem Stand-</Unicode>
                </TextEquiv>
            </TextLine>
            <TextLine id="tr_1_tl_41" custom="readingOrder {index:40;}">
                <Coords points="559,3060 2234,3010 2236,2945 2186,2935 2010,2975 1923,2941 1716,2981 562,2981"/>
                <Baseline points="570,3052 653,3040 736,3040 820,3037 903,3036 987,3031 1070,3028 1154,3029 1237,3026 1321,3025 1404,3022 1487,3021 1571,3019 1654,3016 1738,3014 1821,3011 1905,3008 1988,3009 2072,3004 2155,3001 2239,3007"/>
                <TextEquiv>
                    <Unicode>punkt aus erkrankte Mensch ist ihre Landschaft, ihre Welt; und das</Unicode>
                </TextEquiv>
            </TextLine>
            <TextLine id="tr_1_tl_42" custom="readingOrder {index:41;}">
                <Coords points="564,3129 2136,3098 2221,3087 2223,3006 564,3058"/>
                <Baseline points="576,3117 658,3108 741,3106 823,3105 906,3103 988,3102 1071,3099 1153,3096 1236,3093 1318,3093 1401,3091 1484,3089 1566,3086 1649,3084 1731,3081 1814,3081 1896,3078 1979,3075 2061,3075 2144,3075 2227,3073"/>
                <TextEquiv>
                    <Unicode>jene kleinsten Individuen unbewußt und absichtslos diese ihre Welt</Unicode>
                </TextEquiv>
            </TextLine>
            <TextLine id="tr_1_tl_43" custom="readingOrder {index:42;}">
                <Coords points="564,3186 2169,3167 2225,3152 2227,3090 564,3131"/>
                <Baseline points="576,3180 658,3177 741,3177 824,3174 906,3173 989,3169 1072,3168 1154,3168 1237,3165 1320,3164 1403,3160 1485,3156 1568,3156 1651,3153 1733,3150 1816,3151 1899,3147 1981,3147 2064,3144 2147,3144 2230,3150"/>
                <TextEquiv>
                    <Unicode>zu vernichten streben und oft wirklich vernichten, ist Bedingung.</Unicode>
                </TextEquiv>
            </TextLine>
            <TextLine id="tr_1_tl_44" custom="readingOrder {index:43;}">
                <Coords points="2457,3227 2509,3221 2547,3254 2580,3254 2641,3221 2670,3223 2670,3064 2653,3064 2637,3079 2549,3054 2528,3039 2457,3052"/>
                <Baseline points="2469,3219 2494,3213 2520,3213 2546,3213 2572,3213 2597,3213 2623,3213 2649,3214 2675,3216"/>
                <TextEquiv>
                    <Unicode>Wan</Unicode>
                </TextEquiv>
            </TextLine>
            <TextLine id="tr_1_tl_45" custom="readingOrder {index:44;}">
                <Coords points="568,3259 2225,3223 2215,3152 570,3194"/>
                <Baseline points="579,3249 661,3246 744,3246 827,3245 909,3243 992,3241 1075,3237 1157,3234 1240,3234 1323,3232 1406,3228 1488,3231 1571,3230 1654,3225 1736,3222 1819,3221 1902,3222 1984,3219 2067,3219 2150,3213 2233,3210"/>
                <TextEquiv>
                    <Unicode>Notwendigkeit, Sinn ihres Daseins. (Wi weiß überder nicht ob</Unicode>
                </TextEquiv>
            </TextLine>
            <TextLine id="tr_1_tl_46" custom="readingOrder {index:45;}">
                <Coords points="566,3340 2221,3307 2223,3223 2181,3219 568,3271"/>
                <Baseline points="579,3314 661,3311 743,3311 826,3311 908,3308 991,3307 1073,3305 1155,3302 1238,3302 1320,3299 1403,3298 1485,3295 1567,3292 1650,3291 1732,3291 1815,3288 1897,3286 1979,3286 2062,3287 2144,3282 2227,3282"/>
                <TextEquiv>
                    <Unicode>die einzelnen Individuen eines solchen Bazillengeschlechtessgeradeso</Unicode>
                </TextEquiv>
            </TextLine>
            <TextLine id="tr_1_tl_47" custom="readingOrder {index:46;}">
                <Coords points="2303,3355 2330,3348 2369,3365 2396,3342 2419,3359 2444,3342 2474,3359 2520,3344 2534,3355 2582,3355 2582,3248 2545,3254 2515,3238 2463,3271 2417,3263 2392,3275 2371,3267 2359,3279 2303,3277"/>
                <Baseline points="2314,3344 2341,3342 2368,3341 2395,3341 2422,3342 2450,3344 2477,3342 2504,3341 2531,3341 2558,3341 2586,3341"/>
                <TextEquiv>
                    <Unicode>lodet</Unicode>
                </TextEquiv>
            </TextLine>
            <TextLine id="tr_1_tl_48" custom="readingOrder {index:47;}">
                <Coords points="570,3396 2217,3367 2234,3298 570,3340"/>
                <Baseline points="582,3389 664,3383 747,3383 830,3381 913,3379 996,3376 1079,3377 1161,3374 1244,3371 1327,3368 1410,3367 1493,3364 1576,3364 1659,3359 1741,3359 1824,3357 1907,3356 1990,3356 2073,3354 2156,3350 2239,3356"/>
                <TextEquiv>
                    <Unicode>wie die menschlichen Individuen von höchst verschiedener Begabung</Unicode>
                </TextEquiv>
            </TextLine>
            <TextEquiv>
                <Unicode></Unicode>
            </TextEquiv>
        </TextRegion>
    </Page>
</PcGts>
