3000 3640
216 653 2517 865 Wie aber, fragte die Unendlichkeit den Herrn, soll ich der
1949 746 2098 828 ac
216 746 2550 970 Menschheit erscheinen, dass sie nicht vor Schreck erstarret
268 915 2328 1098 Da verkleidete sie der Herr in das Blau des Himmels.
230 1020 2573 1241 Und icht fragte die Zwigkeit, wie soll ich mich der Mensch
233 1139 2509 1346 heit offenbaren, dass sie nicht vor Grauen in Vernichtung
242 1364 507 1480 sänke?
606 1369 1594 1518 obe gab ete der der Hanichheit
242 1419 2497 1608 Da sagte der Herr: Ich will den Menschen einen Augenblick
236 1533 2509 1766 geben, da er dich begreifen wird. Und er schuf die Liebe.
277 1853 932 2078 verff! Als+
