2984 3608
505 297 657 444 4.23
1575 477 1869 616 Renie
880 530 2693 779 Bemerkungen zum Karitel „Kunst und Kritik
715 659 2587 898 (Aus den Buch der Sprüche und Bedenken".).
949 804 1928 997 Von Arthur Schnitzler.
667 964 2655 1276 Menn wir in einen Füreluerk des Vorhandensein
670 1157 2595 1400 einer Fellanschauung als künellorischen Vor-
609 1316 2638 1527 zug zu erpfinden glauben, so kommt diese Wir-
599 1400 2453 1659 kung niemals von der Tatsache oder von der
596 1540 2478 1811 1ru der Helteuscheuung her, die der Futorzum
1722 1702 2014 1791 muner
576 1669 2529 1907 Ausdruck bringt, sondernfnur von den Grad des
619 1806 2470 2029 Telentes, den er hiezu aufzuwenden imstäude
545 1940 738 2062 Mar.
593 2161 2480 2422 wie oft geschicht es - und muse nicht imer
533 2283 2425 2529 böge gemeint sein - dass der Kritiker seine
528 2435 2564 2696 eigene Fixeldee in das Werk des Tutors hinein
525 2569 2440 2828 trägl und nichts anderes mehr darin zu sehen.
512 2701 2425 2942 verueg ele obeu diese ldee, von der er selbst
533 2838 2394 3044 monomanieci beseesen irt;- während sie das
497 2932 2420 3188 Autor doch nur ein Element seines Nerkes und
528 3079 2559 3330 nicht einmal das nichtigste unter einem Butzend
517 3178 1278 3315 anderer bedeutet.
