2952 3608
929 541 2156 667 Bemerkungen aus dem Buch der
938 737 1889 885 Sprüche und Bedenken.
856 912 1848 1060 von Arthur Schnitzler.
638 1278 2384 1465 Wie-oft hassen wir nur die ldoe, die sich
478 1431 650 1513 unr
502 1436 2372 1593 d in einem bestimmten Menschen verkörpert
538 1554 2440 1756 und nicht diesefselbst.Und tritt uns das lu-
495 1695 2379 1884 dividuum leibhaftig entgegen, das uns in der
538 1845 2481 1952 Entfernung unleidlich oder gar gefährlich er-
497 1984 2442 2105 schien,so erblicken wir mit einem Mal nur ei-
502 2083 2379 2224 ne armgelige Kreätur,die von Geburt au ver-
495 2233 2335 2355 dammt ist zu Sünue, leid und Tod und unser
1453 2318 1807 2418 tegusfant
487 2338 2287 2520 Hass wandelt sich in Rükrung. Mitleid, viel
546 2466 1550 2658 leicht selbst in Liebe.
534 2706 2374 2898 Lebenskunst: Sie besonderen Gesetze seines
541 2886 2369 3009 Wegens den allgemeinen der Natur, des Staa-
548 2983 2391 3133 tes und der Gegellschaft unterzuordnen und
497 3116 2430 3296 sein ureigenes selbst über ihnen allen zu bö-
534 3279 1288 3414 haupten wissen.
