2984 3624
2550 348 2680 512 9.
681 546 2605 736 Wie lächerlich wäre dech ein Mensch,der sich
681 653 2550 828 über den ralschspieler in einer Prtie ent-
670 770 2533 960 rüsteto, zu deren erlaubten Spielmethoden, ja
658 908 2631 1095 spielregeln auch der Betrug gehört und woauch
630 1032 2504 1202 der ehrliche exieler es manchmal darauf an-
650 1162 2743 1348 legt für einen Betrüger gehalten zu werden, nun
831 1251 1018 1334 reme
656 1288 2510 1460 um de die Partner umso sielerer hineinzule-
644 1417 2398 1584 gen. Und doch - gleichen wir nicht alle
635 1550 2475 1734 diesem naiven Ribitz, die wir neugierig und
644 1668 2547 1863 erregt um die grünen rische der Politik he-
632 1794 2406 1981 rumstehen und den spielern zuschauen, die
635 1926 2547 2110 einander zum Besten halten, einanderabesten
618 2050 992 2188 redete
1228 2082 2579 2225 en oder tunzals wenn sieeiui-
618 2171 2582 2369 an der zum Besten hielten,- ohne dass es ihnen
388 2283 2700 2487 weiler zu, en schaden gersteht - da dohl mir die
607 2426 2487 2631 Kibitzees sind, die die pieldifferenzenund
604 2562 2527 2769 überdies noch die ganze Zoche zu zahlen ha-
595 2708 799 2820 ben.
