2984 3608
1870 386 2468 593 Almonat
1020 469 1508 627 Bemerkungen
581 584 2371 758 Es ist übel in der üell eingerichtet, dass
579 698 2344 886 auch die Grsseten füusller nur zeilweise
581 834 2373 996 ihr ganzes Cenie zur Verfürung haben, dass
569 960 2335 1134 sich aber auch die kleinsten Schurken im
572 1113 2459 1301 unterbrochene Jesilr ihres Charakters be-
579 1241 882 1360 finde.
569 1468 2366 1642 Hor. TGxer hat hat beinahe schon Cenie.Mer-
569 1596 2449 1770 nur Hilz hat hat meisters nicht einral den.
562 1808 2406 2030 In heter, Fraue pflegen die Autoren neist
569 1975 2406 2170 aur die rangel ihres Charakters, in ernsten
560 2101 1982 2311 dia ihres Teistandes zu verräten.
567 2340 2454 2549 derjenige Künstlas, verrag eia felnes Dasein
562 2497 2478 2673 in der Halt zu fihren und zugleich reinlich
567 2633 2368 2823 Arbeit zu leisten, der sich zu den von ihm
567 2761 2402 2921 Eechaffenn Gestalten in ein menschliches
567 2883 2478 3064 ind zu deieaschen, mit denen er lebt, in ein
546 3016 2404 3183 künstlerisdes Verhältnis zu setzen weise.
