3256 4504
875 1362 1104 1500 einen
1449 1390 2843 1567 Aets (gechnt werden. In diesen Sinne
1323 1542 2880 1688 die Geschichte der Menschheit vielleicht
1128 1621 1382 1786 he
1013 1658 2927 1875 ie etnen ewigen Kampf gegen das Töttliche begrei-
973 1833 2865 1998 fen, das tnotz allen Widerstandes allmühlich doch
951 1914 2934 2116 mit Notwendigkeit durch das Menschliche vernichtet
963 2109 2865 2244 wird; und diesem Gedankengang folgend dürfen wir
963 2205 2868 2382 vielleicht annehmen, dass diesem uns göttlich er-
963 2304 2905 2488 scheinenden oder als göttlichg geahnten, uns über-
971 2483 2873 2612 geordneten Element immer wieder ein noch höheres
971 2594 2863 2794 übergeordnet ist, und so weiter bis in die Unend-
981 2764 1392 2927 Lichkeit.-
