2968 3848
1503 600 1967 729 Relioneten
750 745 2467 919 Viel und wenig,gros- und klein, nah und fern,
733 886 2441 1036 das sind höchst relative. Begrifté; und eine
738 1014 2410 1174 durohaus sentimentale Naturbetrachtung dar-
738 1145 2146 1295 man es nenuen, wenn die Menschen imme
745 1279 1960 1429 en1selich besonders hoher oder
738 1403 1967 1548 derer Ziffern in eine Axt relig
1593 1505 1736 1586 .B.
1126 1519 1307 1598 Nen
745 1519 2334 1684 geraten. er es istum nichts merkwürdi
743 1664 2041 1795 das Licht von gewissen Gesiirnen.
748 1760 2593 1915 Jahrtausenden zu uns gelängt, dass ein halbes Er
738 1905 2536 2079 Uran erst nach fünftausend Miliionen Jahren vi
752 2038 2574 2184 l1z zerfalfen ist, dass in einem Kubikzentimeter
743 2157 2636 2336 heerwasser über eine Million Radiolarien enthal-
755 2288 2488 2484 ten sind unà dass der Ichtgosaurus schon vor
743 2415 2605 2588 zwe lhundert Millionen Jahren gelebt hat, fnichts
1550 2527 2684 2603 den kerpents der cmusne
750 2562 2569 2715 meriwürdiger als dassder iensch ge zienen
1593 2660 1819 2748 leben
757 2688 2650 2836 fünf bis sechs Fuss. hath irt, dass das Licht der
762 2796 1179 2900 Sonne schon
767 2831 2586 2979 14 acht Hinuten bei une Eintrifft, dass gewisse
755 2948 900 3017 voct
748 2941 2660 3124 chenische Stofte ciet interhalb weniger Gekunden
1486 3058 1705 3146 Anser
745 3069 2655 3208 auflösen, dass die Beuer des Menscienges-hlechtes
2000 3177 2693 3274 zuruckpeht rndt
767 3200 2617 3403 weer über 30 b1s 50,000 Jahre kam Hinmegett
