<?xml version="1.0" encoding="UTF-8" standalone="yes"?>
<PcGts xmlns="http://schema.primaresearch.org/PAGE/gts/pagecontent/2013-07-15" xmlns:xsi="http://www.w3.org/2001/XMLSchema-instance" xsi:schemaLocation="http://schema.primaresearch.org/PAGE/gts/pagecontent/2013-07-15 http://schema.primaresearch.org/PAGE/gts/pagecontent/2013-07-15/pagecontent.xsd">
    <Metadata>
        <Creator>prov=READ-COOP:name=PyLaia@TranskribusPlatform:version=2.7.0:model_id=50870:lm=none:date=22_01_2024_21:36</Creator>
        <Created>2023-09-27T14:42:42.432+02:00</Created>
        <LastChange>2024-01-22T21:36:41.368+01:00</LastChange>
        <TranskribusMetadata docId="1589070" pageId="60127137" pageNr="22" tsid="145643014" status="IN_PROGRESS" userId="40391" imgUrl="https://files.transkribus.eu/Get?id=OKIFABBJYKYEGKJOEIQFUXIZ&amp;fileType=view" xmlUrl="https://files.transkribus.eu/Get?id=AAXREDONVTGVSUGSLBEOTZOT" imageId="48552214"/>
    </Metadata>
    <Page imageFilename="1589070_0022.jpg" imageWidth="2984" imageHeight="3800">
        <ReadingOrder>
            <OrderedGroup id="ro_1711787057665" caption="Regions reading order">
                <RegionRefIndexed index="0" regionRef="tr_1"/>
            </OrderedGroup>
        </ReadingOrder>
        <TextRegion orientation="0.0" id="tr_1" custom="readingOrder {index:0;}">
            <Coords points="767,736 767,1733 2677,1733 2677,736"/>
            <TextLine id="tr_1_tl_1" custom="readingOrder {index:0;}">
                <Coords points="751,865 930,889 1120,815 1334,880 1612,818 1923,873 2185,868 2278,818 2591,832 2594,682 2542,663 2106,756 1947,720 1600,761 754,737"/>
                <Baseline points="767,800 858,802 950,805 1041,802 1133,803 1225,804 1316,801 1408,802 1500,800 1591,800 1683,798 1775,797 1866,797 1958,797 2050,795 2141,793 2233,794 2325,794 2416,791 2508,794 2600,788"/>
                <TextEquiv>
                    <Unicode>so lange die perrönliche Eristenz währt,steilt</Unicode>
                </TextEquiv>
            </TextLine>
            <TextLine id="tr_1_tl_2" custom="readingOrder {index:1;}">
                <Coords points="763,991 980,1013 1576,930 1983,958 2618,920 2591,827 2458,877 2040,861 1961,896 1781,851 1281,892 766,868"/>
                <Baseline points="779,934 871,934 963,931 1055,928 1147,931 1240,931 1332,931 1424,928 1516,928 1608,928 1701,928 1793,928 1885,926 1977,922 2069,924 2162,925 2254,922 2346,919 2438,922 2530,919 2623,910"/>
                <TextEquiv>
                    <Unicode>das Individuum einen absoluten, die Individuali-</Unicode>
                </TextEquiv>
            </TextLine>
            <TextLine id="tr_1_tl_3" custom="readingOrder {index:2;}">
                <Coords points="763,1072 1305,1125 1674,1063 1888,1098 2527,1072 2670,1110 2670,963 2439,1022 2240,968 1764,1015 1519,949 1227,1020 763,1018"/>
                <Baseline points="776,1053 871,1059 966,1059 1061,1059 1156,1059 1251,1062 1346,1058 1441,1053 1536,1056 1631,1053 1726,1058 1821,1053 1916,1053 2011,1053 2106,1053 2201,1050 2296,1050 2391,1050 2486,1050 2581,1048 2677,1038"/>
                <TextEquiv>
                    <Unicode>tat einen relativ Fert vor. Ist das Dasein abge-</Unicode>
                </TextEquiv>
            </TextLine>
            <TextLine id="tr_1_tl_4" custom="readingOrder {index:3;}">
                <Coords points="773,1229 2494,1210 2494,1127 2330,1089 2137,1144 1847,1108 1640,1148 1541,1091 1296,1155 773,1120"/>
                <Baseline points="785,1188 870,1191 956,1191 1041,1190 1127,1187 1213,1187 1298,1186 1384,1188 1470,1188 1555,1188 1641,1185 1727,1182 1812,1185 1898,1185 1984,1185 2069,1182 2155,1182 2241,1180 2326,1179 2412,1182 2498,1182"/>
                <TextEquiv>
                    <Unicode>schlossen, so kehrt das Verhältnis allmählig</Unicode>
                </TextEquiv>
            </TextLine>
            <TextLine id="tr_1_tl_5" custom="readingOrder {index:4;}">
                <Coords points="1082,1262 1103,1260 1115,1270 1127,1262 1134,1267 1144,1262 1163,1267 1170,1262 1198,1284 1210,1286 1215,1205 1179,1205 1172,1213 1167,1208 1148,1213 1129,1201 1087,1205"/>
                <Baseline points="1098,1250 1127,1247 1157,1249 1187,1247 1217,1241"/>
                <TextEquiv>
                    <Unicode>und</Unicode>
                </TextEquiv>
            </TextLine>
            <TextLine id="tr_1_tl_6" custom="readingOrder {index:5;}">
                <Coords points="766,1346 1350,1329 1526,1372 1847,1310 2007,1350 2525,1343 2594,1331 2596,1260 2328,1234 1983,1272 1878,1236 1698,1281 1348,1229 1067,1289 884,1239 768,1265"/>
                <Baseline points="779,1322 869,1320 960,1319 1051,1319 1142,1318 1233,1318 1324,1316 1415,1316 1506,1314 1597,1313 1688,1313 1778,1313 1869,1309 1960,1310 2051,1312 2142,1310 2233,1310 2324,1310 2415,1310 2506,1310 2597,1313"/>
                <TextEquiv>
                    <Unicode>sich um,um, insbesondere für die Geschichte der</Unicode>
                </TextEquiv>
            </TextLine>
            <TextLine id="tr_1_tl_7" custom="readingOrder {index:6;}">
                <Coords points="761,1479 2527,1472 2544,1400 2175,1362 1774,1410 1548,1358 1422,1403 763,1386"/>
                <Baseline points="773,1444 861,1446 950,1447 1039,1447 1128,1444 1217,1444 1305,1444 1394,1444 1483,1443 1572,1442 1661,1444 1749,1438 1838,1444 1927,1441 2016,1441 2105,1441 2193,1441 2282,1441 2371,1438 2460,1441 2549,1438"/>
                <TextEquiv>
                    <Unicode>Menschheit kommt nur mehr die Individualität</Unicode>
                </TextEquiv>
            </TextLine>
            <TextLine id="tr_1_tl_8" custom="readingOrder {index:7;}">
                <Coords points="766,1621 2630,1595 2630,1500 766,1514"/>
                <Baseline points="779,1573 871,1576 964,1574 1057,1574 1150,1573 1243,1576 1335,1573 1428,1576 1521,1576 1614,1576 1707,1575 1799,1575 1892,1573 1985,1573 2078,1568 2171,1567 2263,1570 2356,1570 2449,1568 2542,1570 2635,1564"/>
                <TextEquiv>
                    <Unicode>das Individuum dagegen nicht mehr im Geringsten</Unicode>
                </TextEquiv>
            </TextLine>
            <TextLine id="tr_1_tl_9" custom="readingOrder {index:8;}">
                <Coords points="773,1783 922,1788 982,1757 1041,1766 1110,1736 1153,1762 1174,1743 1222,1766 1270,1752 1267,1648 770,1659"/>
                <Baseline points="785,1707 810,1707 836,1706 862,1705 887,1705 913,1707 939,1707 965,1707 990,1705 1016,1704 1042,1704 1068,1705 1093,1707 1119,1707 1145,1707 1171,1707 1196,1707 1222,1707 1248,1706 1274,1704"/>
                <TextEquiv>
                    <Unicode>in Betracht.</Unicode>
                </TextEquiv>
            </TextLine>
            <TextEquiv>
                <Unicode></Unicode>
            </TextEquiv>
        </TextRegion>
    </Page>
</PcGts>
