3272 4504
1656 1379 1930 1490 dein
919 1415 2807 1607 hur ein Spiel. und weiter nicht ernst zu nehmen
2507 1509 2675 1576 dece
1537 1524 2269 1628 mit dum Regrracto
939 1550 2789 1749 und wenn er sich daraufein weigerte dir den Ge-
939 1723 1721 1879 winngt auszuzahlen?
942 1801 2846 2005 Unsinnige Beispiele meinst auf Keineswegs. Inner
960 1925 2864 2137 wieder bist du aie redlicher Mann Abenteuern sol-
963 2047 2875 2256 cher Art ausgesetzt, wenn du dir's einfallen läest
963 2176 2945 2404 dich. mit einem unlautern Geger in ein religidees,
978 2316 2911 2533 auch wohl in ein philosophisches oder politisches
981 2430 2846 2652 Gespräch einzulassen. Denn im Geietesspiel giot
991 2554 3071 2766 es noch örterf unehrliche Partner als am Kertentisch;
996 2691 2965 2890 und solche Falschepieler des Geistes gebärden sich
1004 2800 2960 3040 unso unverschänter, ale sie inner wieder Leute fin-
1007 2942 2893 3149 den, die sich aus Dumnheit, aus Snobsemus oder in
2161 3064 2440 3159 aufern
1017 3066 2919 3304 der Erwartung bei der Sache auch Ehr Geschäft zu
2800 3149 3022 3252 deen
1912 3180 2655 3296 uer enedlichen vpcele
1017 3219 2934 3423 machen, auf ite Seite)stellen und mindestens den
1754 3335 2481 3431 peredliehen Opteter
1030 3351 2926 3555 guten Glauben dieser Erturkexteter, wenn nicht
1203 3503 1405 3591 deren
1043 3447 2753 3669 gar thr gutes Recht zu beschwörenberit sund
