2968 3688
728 601 2607 784 Dis Jimmerlicheten Patrana sind iwar die, deren
735 760 2530 920 Vorneumhelt gerade so weit geht, dass sie ihnen
732 906 2548 1041 noch he ine Kosten verursacht und deren Mul ge-
723 1004 2441 1207 radeso gross ist, dasa ihnen doch nichts ge-
732 1142 1250 1306 schohen kenn.
716 1360 2494 1549 Hast Du die Irnara Abgeschlossenheit errungen
718 1514 2417 1654 in jedem Augenblich uum Tod bereit zu sein.
707 1654 2523 1823 dann bist Du auch innerlich so retch geworden.
714 1783 2504 1938 dass Du in der Erigheit keine leere Stunde zu
709 1898 1273 2029 f端rchten hnst.
679 2113 2523 2331 Horch auf die Verlaumder, so wiret Du die Mahr-
688 2289 1652 2434 heit, 端ber Dich erfairmn.
662 2483 2307 2691 Schuttig ein Apuoriena, so fallt eine Lilge
676 2635 2225 2824 noraus und eine Banalit端t hletht 端hrig.
