3000 3848
1092 531 1669 696 Retinm
1455 656 1710 745 Srosm
509 645 2583 856 Der Gedanke der Seelenwanderung wird vellig einnios.
507 805 2688 1003 wenn wir nicht zugleich eine Fortdauer des Ichbewussts-
515 957 2634 1133 seins ale gegeben annehmen. Als ein Anderer dagewesen
507 1073 2371 1263 sein, das heisst überhaupt nicht dagewesen sein.
715 1209 1016 1290 Wie jun
520 1220 2642 1379 A eine At ven Beweie dafür, dass die Seelen wandern,
528 1333 2688 1512 erzählen uns mänche Leute, Männer und noch öfter Frauen.
509 1472 2623 1656 dass sie die deutliche Empfindung hätten schon früher
967 1599 1217 1680 ater
512 1596 2490 1775 einmal, bateplelenetee zur Zeit der Antike oder der
507 1715 2580 1886 Renaiesance oder zu irgend einer anderen- vergangenen
512 1843 2653 2027 merkwürdigen Epoche, in anderer Gestalt, seibetverständ-
520 1970 2588 2154 lick imner als merkmürdige Persönlichkeuten, ale Fur-
523 2111 2588 2274 steh,Künstler, Abenteurer männlichen oder weiblichen
520 2236 2504 2417 Geschlechte, als damonische oder satanischebNaturen
523 2371 2659 2550 auf der Melt gewesen zu sein. Keiner noch hat sich er-
534 2496 2607 2675 innert in fryherer Zeit als Bettlerjals Kanalräumer,
531 2629 2428 2810 als Sylave, ale Bierversilberer, als Maschfrau, als
523 2756 2585 2911 Sitzkasslerin, als Pfahlbauer, als lienserenakte - oder
515 2878 2596 3068 aberhdupt in irgend einer Epoche gelebt zu haben, von
509 3016 2515 3195 der er früher niemals aus büchern oder Trathlungen
512 3163 1474 3312 kenntnis erhalten hätte.
515 3263 2518 3474 Man mickte auch gerne wiesen, wie sich solche leute
