2968 3624
473 699 2578 905 Anführungszeichen sind oft nichts als eine Faule
484 839 2614 1015 Ausrede, mittels deren der Autor die Verantwortung
476 977 2570 1142 für eine Banalität, die ihm in die Feder kam,oder
473 1109 2581 1293 für die ihm nichts besseres einfiel,gridesornae
473 1230 2583 1428 gen dem schlechten- Geschmack seiner Zeitgenossen
470 1354 1406 1535 auf zubürden versucht.
470 1596 2479 1780 Ich traue den Enthusiasten nicht, die von ihrer
470 1777 2523 1929 Fähigke it sich zu begeistern geradeso sehr oder
462 1890 2567 2041 noch tiefer gerührt sind, als von dem Gegenstand,
462 2011 1945 2187 für den sie sich begeistert haben.
454 2303 2515 2484 Manchey künstler wissen sich ihren Ruf mühselig
748 2443 930 2520 seine
465 2462 2625 2658 genug (dadurch zu erhalten,dass sie sich immer wie-
443 2608 2520 2765 der an Aufgaben wagen, denen ihre Kraft nicht ge-
424 2735 999 2897 nachsen ist.
913 2881 1246 3035 Vergellun
440 2966 2432 3125 Das ist die e,die der Genius der Kunst am
1629 3081 1967 3178 zu sctaffen
454 3084 2660 3271 Dilettanten mt; Wenn er(versucht iu produrtoren
2116 3222 2509 3332 mictt nin
451 3235 2374 3442 gerät er unter das eigentliche Nireausseines
