2968 3624
475 533 2181 718 so sinnlos die Melt dir erscheinen mag,
488 698 2314 845 vergiss nie, dass du durch de in Handeln,wie
478 803 2329 973 durch dein Unterlassen ein redlich reil zu
475 925 1843 1088 dieser Sinnlosigkeit beiträgst.
458 1148 2464 1346 keinen Aulass zur Lüge häben,heisst noch nich
470 1316 1193 1471 aufrichtig sein.
465 1571 2276 1756 Du kannst einen Wenschen daran hindern zu
473 1718 2309 1878 stehlen, aber nicht däran ein Dieb zu sein.
465 1966 2301 2124 Nur unter deinesgleichen hast du das Recht
455 2096 1441 2229 dich einsam zu fühlen.
688 3244 938 3427 am.
