2968 3848
1471 571 2059 761 Orgotinhye. Jert
766 744 2520 902 Es ist nun einmal so, dass die Menschen immer
775 895 2597 1061 erst Raum in ihren Herzen schaften müssen, wenn
766 1022 2563 1176 ein neues. Wesen ihnen gegenübertritt, das auf
773 1152 2510 1313 ihre Liebé, Freundschaft, Sympathie, ja nur, auf
778 1279 2626 1402 ihre Beachtung Anspruch erhebt. Das menschliche
775 1421 2628 1555 Gefühl ist nur seiten einem unerschöflich spru-
1932 1558 2657 1716 ist ist. es wohl ab-
766 1541 1646 1718 deinden Quell vergleic
775 1680 1601 1814 gemessen in ein Reser
1790 1668 2539 1807 gezitngt, aus dem es
763 1795 2503 1968 unter ewig gleichem Druck in eine xxrux be-
768 1932 2549 2088 schränkte Apzahl von Leitungen abflieset; und
766 2057 2621 2206 wenn ein neues Rohr sien füllt mus- ein anderes
2424 2148 2628 2232 eben
1903 2155 2215 2239 wertigen
766 2162 2539 2335 sicl leeren, oder trebinet völlig aus. Undauf
830 2273 1471 2345 vnhelten victen
768 2306 2076 2470 geistigem Gebiete ist se riet
2369 2326 2621 2477 et4t
766 2436 2539 2587 Sobald von einer neuen Seite her Begeisterung
766 2570 2160 2738 Anerkennung, Aufmerksankeit gefordert
2261 2582 2561 2693 sird, wer-
1970 2664 2170 2753 Geben
2422 2676 2563 2743 vn
756 2705 2561 2842 den 4x alle diese seeliehg leuente auf
1361 2796 1526 2882 Ohe
1930 2791 2059 2868 al
754 2834 2575 2971 einem anderen Seite, so weit ex nur möglich, mit
756 2928 2513 3103 gröerter Hast Erogen. Und so ausnahmelos,-
1109 3048 1596 3144 plpetretter
751 3086 2652 3235 betrete rhtzexExxerEExe - wirkt
742 3228 2671 3389 dieses Gesetz sich aus, dass nicht nur ein Mensch
1159 3360 2585 3547 andern ais Gesantereoheinung, sondern
730 3377 946 3470 geget
