2984 3624
1757 352 2431 516 Reppelte
959 495 1539 630 Bemerkungen.
1866 469 2433 658 Malendte
446 663 2345 837 Die meisten Woultaten werden aus Gründen der
487 783 2410 964 Eitelkeit, aus Gewissensbedenken und aus mehr
490 902 2475 1081 oder minder bewusster Ingst erwiesen; und an,
492 1042 2418 1233 seitensten sind diejenigen, die ohne weiteren
498 1156 2534 1358 Umweg aus dem Herzen kommen. Aber selbst. dieses
498 1288 2498 1454 üben wir mehr in unserem eigenen Interesse als
508 1425 2578 1581 im Intoresse derjenigen aus,denen wir sie erwei-
503 1537 2451 1721 seu,denn sie bedeuten nichts anderesals vor-
508 1653 2506 1850 läufige Abzahlungen auf die ungeheuere Schuld,
508 1806 2576 1987 als deren unwiderstehlichste Wahner die unschul-
505 1949 2516 2135 digsten unserer Glähbiger,die Kinder der Armen-
516 2081 2516 2252 und "lenden, und als die bedauernswertesten un-
516 2192 2436 2371 ter ihnen die Kaisenkinder vor unseren Türen
516 2371 837 2501 stchen.
1252 2477 1747 2596 -
521 2508 2402 2752 Menn ein nicht währhaft gütiger, sondern nur
526 2672 2480 2889 schlechtweg gutmütiger lensch in der Nachlüs-
518 2809 2602 2993 sigkeit seines Herzeus einmal eine ausgesprochen
539 2967 2399 3130 edle Handlung begeht,so wird es selten ohne
531 3073 2526 3273 Reue ablaufen. Denn so sehr uns das Gedächtnis
