2984 3624
1969 555 2216 664 cenc
604 627 2462 778 Eine neue staatsform wird stets xit gewalt-
604 757 2348 917 samef Mitteln geschaffen. Auch dinjanige
604 890 2339 1031 dann; und dann vielleicht ganz besonders,
604 1008 2429 1152 wenn sie unter dem Schlagwort von der Ab-
1544 1082 1967 1171 eingeheitet
597 1119 2388 1275 schaffung der Gewalt iet wurde. Nur
604 1245 2343 1417 dass die Cewaltsamkeit in solchen Fälden
602 1380 2464 1533 eine s chbe ichende Form anzunehmen ziekt und
599 1484 2432 1681 sich in akeie mittelst hinterhältigeh
1493 1598 1726 1695 pflist
595 1630 2362 1807 Wethoden auszunirken Kpkt, alseest. be.
627 1777 1944 1965 erfrichligen Rerrbulimen.
