2984 3848
1355 592 2359 780 d. herthit  Kramtt!
799 836 2573 992 Jede Art von ägthetischer Weltanschauung ist
810 957 2499 1141 mit Egoismus nehe verwandt, Wenn er nicht
803 1092 2585 1251 geradezu als eine ihrer uellen gelten darf:
808 1227 2555 1379 und auf die Wirklichkeit angewandt kann sich-
959 1295 1435 1383 ist der Auttet
801 1351 2629 1525 eine,üsthetische Meltanschauung bis. zur Schur-
932 1432 1122 1516 rem
806 1474 2543 1651 kerei entwickeln. Wem wir gehen zuschen, so
794 1621 2576 1775 irt dtese Schurkeret Sctonvtel früfer da. dls
799 1744 2545 1858 wir une i ergemeter eingeteen enn renn
1141 1823 2338 1914 beoructino uese bet octur
789 1870 2552 2045 wir unshäten einen bunten Schmetzerling, der
775 2014 2569 2147 eben unser Aur erfreute, etwas zuleide zu tuh,
1965 2098 2103 2184 uns
792 2119 2662 2282 und im nüchsten Augenblick denwiderlichen Nurm-
850 2271 2580 2401 chtios oder gar absichtlich mit unserem Fues
782 2378 2606 2524 zerftreten;- was haben wir denn anderes getan-
1027 2501 2578 2673 n kurm mit dem Tod zu bestrafen,well er
1132 2655 2634 2806 em Schönhgitseinn nicht so gut bestan-
2240 2748 2452 2853 e Ani
929 2734 2662 2983 hat as der sefsene Faiter, der und entrückte.
