3272 4504
892 1315 2830 1482 retn technisch (man verzeihe dieses materialisti-
898 1440 2740 1612 sche Wortkin einem solche metaphysischen Zu-
1302 1595 2892 1730 ) den Vrgang der Seelenwenderung eigentl
902 1638 1230 1748 sammenha
900 1705 2890 1890 lich vorstellen?- Geht die Seele des Daringeschle-
910 1845 2862 2010 denen schon im Augenblick des Todes in den neuen
908 1945 2895 2175 Leib ein ; und wenn das der Fall Eak wäre-in einen
915 2082 2792 2285 leib,der eben geboren oder in einen, der eben ge-
922 2215 2892 2402 zeugt wird?- Oder sollen wir eine Axt von uaran-
948 2362 2895 2550 taine annehmen, eine Wartezett innerzalh des Welt-
1000 2490 2890 2675 der innerhalb der Unendlichkeit, wo die See-
912 2592 2888 2795 len der Verstorbenen verweilen oder wenigstens in
1870 2728 2138 2798 solaus
918 2730 2925 2922 der Idee vorhanden sind, bie sich wieder ein richti-
915 2845 2898 3090 ges oder wie esfmeist leidet zu geschieben scheint.
928 3020 2828 3165 ein nicht ganz passendes leibliches Quartier für
922 3098 2788 3298 sie gefunden hat? Und wandern alle Seelen Vier
925 3268 2758 3412 gibt es welche, die nach ihrer ersten oder nach
930 3400 2880 3558 ihrer tausendsten irdischen Eristenz deg Wandern,
1010 3530 1138 3600 mi
935 3530 2715 3685 att -ind und Apr als ee reiné Seelen weiter
935 3660 2922 3810 existieren und dann nichts weiter zu tun haben als
940 3752 2835 3940 neugneren Spiritieten durch Tiechklopfen auf tö-
1882 3885 2308 3968 i remille
932 3882 2880 4068 richte fragen törichte) Mahrsskeintteb treuuch ge-
2108 4028 2882 4158 Und kängt das Man-
930 4058 2105 4215 meinte(Antworten zu erteilen?
