3272 4504
1114 1369 2817 1535 u.s.w. Dass überhaupt etwas wird,dass etwes
1121 1505 2927 1673 ist, das etwas lebt, blüht und stirbt,der Geist
1116 1631 2796 1774 ebenso wie die Materie, das Licht, der Amxtk
1507 1755 1839 1842 Curteter,
1116 1776 2976 1940 Aether, das Blühen und des Vergehen, das ist das
2703 1865 3009 1959 Ri theili
1133 1907 3014 2062 Wunder, und gegenüber diesem ewigen Geheimpteren
2677 1996 2817 2085 der
1128 2022 1257 2101 hat
1130 2029 2904 2200 Staunen, Ehrfurcht, ja, wenn man will, Glaube
1119 2162 2944 2298 seinen Sinn: Ziffern und Maasse,hohe wie nie-
1119 2270 2941 2471 dere, sind nichts als ein unerlässliches Mittel
2174 2408 2864 2567 uns ilenschen; An-
1123 2422 2005 2574 der Verständigung zwist
1133 2548 2876 2696 dacht aber vor, den Quantitäten, dar ungeheuer
1128 2672 2906 2829 kleifen und ungeheuer grossen Zahlen, -welches
1121 2787 2829 2962 Maass immer in Zeit und Raum eie ausdrücken
1121 2930 2820 3077 mögen, ist nicht Frömmigkeit, sondern bytzen-
1137 3084 1453 3218 dienst.
