<?xml version="1.0" encoding="UTF-8" standalone="yes"?>
<PcGts xmlns="http://schema.primaresearch.org/PAGE/gts/pagecontent/2013-07-15" xmlns:xsi="http://www.w3.org/2001/XMLSchema-instance" xsi:schemaLocation="http://schema.primaresearch.org/PAGE/gts/pagecontent/2013-07-15 http://schema.primaresearch.org/PAGE/gts/pagecontent/2013-07-15/pagecontent.xsd">
    <Metadata>
        <Creator>prov=READ-COOP:name=PyLaia@TranskribusPlatform:version=2.7.0:model_id=50870:lm=none:date=22_01_2024_21:36</Creator>
        <Created>2023-09-27T14:42:43.741+02:00</Created>
        <LastChange>2024-01-22T21:36:43.763+01:00</LastChange>
        <TranskribusMetadata docId="1589070" pageId="60127158" pageNr="29" tsid="145643023" status="IN_PROGRESS" userId="40391" imgUrl="https://files.transkribus.eu/Get?id=VJMAMBZMEKNFALZNUBXLORVQ&amp;fileType=view" xmlUrl="https://files.transkribus.eu/Get?id=IWKZMLZHGRLYWMPXCMNAOMNI" imageId="48552235"/>
    </Metadata>
    <Page imageFilename="1589070_0029.jpg" imageWidth="2968" imageHeight="3800">
        <ReadingOrder>
            <OrderedGroup id="ro_1711787069525" caption="Regions reading order">
                <RegionRefIndexed index="0" regionRef="tr_1"/>
            </OrderedGroup>
        </ReadingOrder>
        <TextRegion orientation="0.0" id="tr_1" custom="readingOrder {index:0;}">
            <Coords points="635,704 635,1845 2662,1845 2662,704"/>
            <TextLine id="tr_1_tl_1" custom="readingOrder {index:0;}">
                <Coords points="628,829 2550,781 2550,686 2502,683 2163,709 2103,668 1982,704 1741,648 1156,734 631,678"/>
                <Baseline points="641,797 736,797 832,795 928,795 1023,791 1119,788 1215,788 1310,782 1406,782 1502,778 1598,774 1693,772 1789,773 1885,770 1980,770 2076,764 2172,762 2267,761 2363,756 2459,755 2555,749"/>
                <TextEquiv>
                    <Unicode>zu einen echten Gefühl der Verentwortlichkeit und</Unicode>
                </TextEquiv>
            </TextLine>
            <TextLine id="tr_1_tl_2" custom="readingOrder {index:1;}">
                <Coords points="621,960 1284,917 1377,960 1706,910 1927,962 2126,910 2482,905 2447,819 623,837"/>
                <Baseline points="635,919 727,923 820,920 913,922 1005,916 1098,916 1191,913 1283,913 1376,910 1469,909 1562,906 1654,904 1747,901 1840,901 1932,898 2025,895 2118,895 2210,893 2303,889 2396,886 2489,883"/>
                <TextEquiv>
                    <Unicode>damit zum Bewusstwerden der Verpflichtung einen</Unicode>
                </TextEquiv>
            </TextLine>
            <TextLine id="tr_1_tl_3" custom="readingOrder {index:2;}">
                <Coords points="631,1055 781,1093 1035,1055 1178,1106 1394,1045 2216,1070 2286,1028 2525,1035 2528,957 2020,980 1854,927 1543,980 1352,935 1103,980 633,970"/>
                <Baseline points="644,1050 738,1053 832,1053 926,1049 1020,1045 1115,1041 1209,1042 1303,1039 1397,1036 1491,1032 1586,1032 1680,1029 1774,1029 1868,1028 1962,1024 2057,1025 2151,1021 2245,1020 2339,1018 2433,1011 2528,1011"/>
                <TextEquiv>
                    <Unicode>begangenen Fehler so welt ale möglich wieder gut</Unicode>
                </TextEquiv>
            </TextLine>
            <TextLine id="tr_1_tl_4" custom="readingOrder {index:3;}">
                <Coords points="1309,1126 1349,1128 1397,1108 1412,1121 1465,1108 1528,1123 1560,1108 1621,1111 1618,1055 1528,1060 1502,1045 1490,1058 1442,1065 1422,1045 1394,1045 1382,1058 1312,1068"/>
                <Baseline points="1322,1101 1347,1103 1373,1103 1398,1101 1424,1101 1449,1101 1475,1099 1501,1098 1526,1098 1552,1098 1577,1098 1603,1096 1629,1092"/>
                <TextEquiv>
                    <Unicode>gelangen</Unicode>
                </TextEquiv>
            </TextLine>
            <TextLine id="tr_1_tl_5" custom="readingOrder {index:4;}">
                <Coords points="915,1131 962,1138 987,1123 997,1128 1010,1123 1025,1131 1038,1118 1053,1118 1053,1070 1025,1065 1010,1068 995,1058 965,1065 950,1058 915,1063"/>
                <Baseline points="928,1104 954,1106 980,1107 1006,1107 1032,1106 1059,1104"/>
                <TextEquiv>
                    <Unicode>bis</Unicode>
                </TextEquiv>
            </TextLine>
            <TextLine id="tr_1_tl_6" custom="readingOrder {index:5;}">
                <Coords points="628,1241 997,1186 1437,1231 1678,1168 2415,1176 2492,1168 2495,1088 2206,1058 1832,1103 1739,1068 1334,1128 1151,1085 1023,1156 633,1075"/>
                <Baseline points="644,1182 736,1183 829,1180 922,1179 1014,1179 1107,1173 1200,1173 1292,1167 1385,1170 1478,1167 1571,1165 1663,1161 1756,1160 1849,1153 1941,1153 2034,1148 2127,1147 2219,1147 2312,1143 2405,1146 2498,1146"/>
                <TextEquiv>
                    <Unicode>zu machen, dahin hetagen ge nur wenige Menschen.</Unicode>
                </TextEquiv>
            </TextLine>
            <TextLine id="tr_1_tl_7" custom="readingOrder {index:6;}">
                <Coords points="1766,1231 1985,1221 2078,1241 2382,1219 2382,1171 2327,1151 2254,1173 2206,1156 2166,1176 1834,1161 1769,1178"/>
                <Baseline points="1782,1217 1812,1215 1842,1219 1872,1220 1903,1219 1933,1217 1963,1215 1994,1213 2024,1211 2054,1211 2085,1210 2115,1208 2145,1206 2175,1205 2206,1205 2236,1207 2266,1208 2297,1208 2327,1208 2357,1207 2388,1205"/>
                <TextEquiv>
                    <Unicode>dem Bewusstsein</Unicode>
                </TextEquiv>
            </TextLine>
            <TextLine id="tr_1_tl_8" custom="readingOrder {index:7;}">
                <Coords points="623,1329 1141,1332 1183,1367 1518,1301 2621,1304 2623,1203 2563,1183 2073,1244 1721,1206 626,1244"/>
                <Baseline points="638,1310 737,1307 836,1307 936,1304 1035,1301 1135,1301 1234,1301 1333,1298 1433,1295 1532,1294 1632,1292 1731,1289 1830,1286 1930,1283 2029,1280 2129,1277 2228,1277 2327,1270 2427,1272 2526,1271 2626,1265"/>
                <TextEquiv>
                    <Unicode>Die meisten lassen er sich an deritukt genügen,</Unicode>
                </TextEquiv>
            </TextLine>
            <TextLine id="tr_1_tl_9" custom="readingOrder {index:8;}">
                <Coords points="631,1455 1312,1475 1480,1430 1857,1465 2020,1412 2203,1477 2563,1432 2565,1354 2065,1319 1892,1367 633,1354"/>
                <Baseline points="644,1432 740,1438 836,1433 932,1434 1029,1432 1125,1430 1221,1426 1318,1423 1414,1423 1510,1418 1607,1420 1703,1418 1799,1417 1895,1414 1992,1411 2088,1408 2184,1407 2281,1403 2377,1403 2473,1400 2570,1391"/>
                <TextEquiv>
                    <Unicode>dass sie ihren Fehler einsehen, am schlechten be-</Unicode>
                </TextEquiv>
            </TextLine>
            <TextLine id="tr_1_tl_10" custom="readingOrder {index:9;}">
                <Coords points="638,1605 1095,1568 1188,1621 1799,1548 2201,1550 2319,1598 2384,1543 2653,1555 2658,1425 1849,1490 1726,1447 1432,1492 1256,1457 1053,1502 641,1450"/>
                <Baseline points="653,1567 753,1566 853,1564 954,1561 1054,1561 1155,1557 1255,1555 1356,1553 1456,1549 1557,1546 1657,1543 1757,1543 1858,1543 1958,1539 2059,1538 2159,1535 2260,1534 2360,1531 2461,1528 2561,1526 2662,1516"/>
                <TextEquiv>
                    <Unicode>wissen also, das unter Unständen ein ebenso treff-</Unicode>
                </TextEquiv>
            </TextLine>
            <TextLine id="tr_1_tl_11" custom="readingOrder {index:10;}">
                <Coords points="646,1726 1367,1711 1447,1756 1518,1716 1786,1741 1915,1681 2518,1703 2616,1671 2618,1583 2133,1621 1824,1593 1729,1631 1585,1580 1266,1626 849,1613 804,1575 648,1605"/>
                <Baseline points="659,1686 757,1695 855,1692 953,1687 1051,1689 1150,1686 1248,1683 1346,1683 1444,1681 1542,1680 1641,1674 1739,1674 1837,1670 1935,1668 2033,1668 2132,1665 2230,1661 2328,1659 2426,1660 2524,1659 2623,1650"/>
                <TextEquiv>
                    <Unicode>Liches Ruhekissen bedeutet als nach den Sprichtort</Unicode>
                </TextEquiv>
            </TextLine>
            <TextLine id="tr_1_tl_12" custom="readingOrder {index:11;}">
                <Coords points="631,1877 661,1859 784,1852 847,1869 930,1842 1073,1869 1073,1746 1028,1736 995,1754 905,1726 859,1749 839,1731 799,1751 756,1731 724,1749 631,1721"/>
                <Baseline points="644,1814 669,1819 695,1823 720,1823 746,1823 772,1823 797,1823 823,1823 849,1823 874,1823 900,1823 926,1822 951,1820 977,1820 1003,1820 1028,1818 1054,1816 1080,1814"/>
                <TextEquiv>
                    <Unicode>das gute.-</Unicode>
                </TextEquiv>
            </TextLine>
            <TextEquiv>
                <Unicode></Unicode>
            </TextEquiv>
        </TextRegion>
    </Page>
</PcGts>
