2904 3352
718 581 2408 775 Politische Ueberzeugung -? Das ist oft
1604 691 1752 775 die
713 718 2566 908 nichts anderes als in bequeme Larve, hin-
711 859 2568 1031 ter der r Lump seine widerliche Fratze
718 986 2534 1159 verstecken möchte, um (unter dem Schutz der
704 1082 2676 1282 Maskenfreiheit auf dem politischen Faschings
699 1242 2659 1390 rupmel, den wir am Aschermittwoch die Weltge-
1461 1351 2691 1456 cnte dem sital de henbeifuten
696 1368 2519 1560 schichte zu nennen liebemungestraft oder
699 1476 2637 1705 gar bejubelt sein feiges Unwesen zu treiben.
