2888 3656
503 705 2529 907 Nichts trübt das Bild der Melt so sehr als die
515 879 2453 1041 eingebildete Verpflichtung zu Solidaritäten.
510 1018 2329 1137 Dieser Irrglaube schafft Beziehungen zui-
518 1139 2423 1288 sohen Leuten, die nicht zu einander gehören,
518 1248 2324 1400 und verhindert solche zwischen Leuten, die
518 1364 2461 1513 einander finden sollten. Ueberdies nötigt er-
510 1501 2504 1650 anständige Menschen, die Partei von Nichten zu
515 1629 2365 1814 ergreifen und dadurch selbst zu Nichten zu
505 1796 834 1935 werden.
515 2044 2385 2271 Das Schlimmste, was einem Dichter passlern
510 2233 2377 2387 kann, für seinen eigenen Einfall nihht reif
510 2362 894 2519 zu sein.
1362 2642 2107 2822 (Horen, N. 1863).
