2984 3624
962 711 2499 917 trübt das Bild der Weit so sehr ale die
669 766 899 910 Hichte
528 847 2551 1053 eingebildete Verpflichtung zu Solidaritäten. Dieser
525 985 2509 1171 Irrglaube gehafft Beziehungen zwischen Leuten, die
491 1090 2593 1281 nicht zu einander gehören, und verhindert solche zul-
538 1249 2595 1424 schen Leuten, die einander finden sollten. Ueberdien
546 1375 2548 1579 nötigt er, anständige Menschen die Partei von Nieh-
538 1503 2494 1688 ten zu ergreifen und dadurch selbst zu Rächten zu
504 1696 815 1832 werden.
708 1879 2640 2067 Das schlimmste, was einen Dichter passleren kann,
518 2041 2347 2206 für seinen eigenen Einfall nicht reif zu sein.
525 2269 818 2426 /Horen
