2952 3624
429 568 2393 768 reister oft selbst wietteAnt, der das Gebäude
415 720 1944 893 aufgerichtet, - nichti dein abnen
429 901 2277 1096 Menn dem Fritiker ein Meck zur Beurteilung
401 1034 2421 1209 vorliegt, stehen ihn zwei Methoden, zur, Wahl.Ent-
384 1178 2376 1348 weder mag er sich auf dies eine Werk beschräu-
783 1294 1170 1381 vor den
376 1302 2644 1475 kon und e die übrigen des etetkenluters abseden
384 1441 2381 1610 aussor Dett;- oder er beziehe in sein Ur-
446 1562 2311 1735 teil die Gesamuterscheinung des Autors ein.
438 1684 2206 1856 weist aber übt er eine dritle lethode, die
396 1802 2373 1997 ihm in je dem Falle vernehrt sein-sollte,sinden
393 1955 2404 2105 er neben dem Werke, das ihm zur Feirteilung un-
404 2065 2322 2252 terbreitet ist, einzelu- andere nach Nahloder
404 2204 2438 2393 Laune, in den Freis seiner Peti eltungenaufnümat
396 2336 2285 2500 die Eristenz der übrigen,die ihr für seinen
1698 2475 2463 2593 eiblick eben nicht
396 2489 1356 2593 Zweck und seine wirkur
712 2497 2102 2656 villkirlin anfer butlisst und rich
1819 2591 2424 2712 diehteneus e
1393 2636 1636 2737 te
410 2627 1316 2732 genehm snd)iquariert
469 2681 2393 2791 volwenihee erlenbt, dee Dicheranicisul
404 2743 2446 2893 geter Nachtvel konmenheit zu fragmentieren sic
441 2865 1836 3037 erlaubt, wie es tw gerete passt
