2984 3624
1150 364 2516 553 (Dtsch. Wöchenschrift 5.12.1886).
701 766 2476 917 Manchmal ist die Menscheit einem kleinen
697 897 2494 1068 Mädchen zu vergleichen. Tritt ein grosser
716 1011 2585 1187 wann an sie heran,so wird sie volegen,läuft
711 1143 2508 1326 in die Kinderstube und spielt - mit ihren
699 1301 1316 1460 Puppen weiter.
697 1564 2499 1720 Oft klannert sich der Ersckreckte an den
711 1698 2551 1871 vor dem er erschrocken. Sd machen Natlonen.
697 1829 2667 2055 die Fuhrer der Revolutionen zu ihren Fürsten.
692 2154 2501 2347 Es ist keine Höflichkeit, einen Lahmen den
699 2325 1708 2481 Stock tragen zu wollen.
701 2613 2694 2774 Die Einen leben - wie man Champagner hinuntet
697 2734 2665 2898 stürzt; Andere wie man eine Suppe leät-löffel-
701 2858 2670 3034 welse, gleichgiltig;viele aber müesen ihr bis-
709 2984 2670 3160 chen leben wie Tropfen Massere auf der schnu-
697 3106 2541 3294 tzigen Erde suchen - inner gebückt - inner
689 3287 1049 3421 durstig.
