2856 3336
544 470 2376 603 Wa- das geben so mühevoll und oft so hoff-
493 566 2221 717 nungslos macht,das ist nicht einmal die
493 663 2419 824 Existenz des Onsinns und der Lüge in all ihr
1762 776 2113 858 schlimere
501 790 2739 972 rel foimen und traden; - das Anat
496 901 2334 1099 dasg wir immer wieder genötigt, ja wuchmal
544 1042 759 1136 erga
518 1057 2348 1241 sotst genzigt sind, uns mittdem Insinn aus
1549 1164 1719 1243 wei
530 1153 2646 1365 einan derzuselzen, als eigrete ihm ein ein sinn je
227 1306 2498 1487 eigen - unl mit der Lüge zu paktieren, als we sie gu-
465 1436 2521 1637 „teu Claubens-oder gar die Mahrheit selbermen
