2776 3400
1805 378 2050 480 sleht
587 332 922 506 Fin den
598 430 2446 577 Dem konsequenten Deterministen muer jeder e
603 544 2346 736 Glaube an Tie illenstreiheit mit den natur-
608 660 2313 857 wisgenschaftlichen/kenntniesen in ausolüten
608 841 1836 962 Widerspruch zu siehen erheinen.
603 912 2460 1102 Aber diese Erkenntniese sind eben nur naturwis-
606 1085 2330 1237 senschaftlicher Art. Es gibt andere, die wir
620 1204 2361 1361 meinethalben Ahnungen nennen wollen; das Wort
618 1344 2266 1487 Glaube gibt zu Missverständnissen Anlass.:
610 1454 2361 1648 Hicht die Ähnungen als solche sind Realität,
634 1586 2482 1753 woll aber das Bedürfnis,die Sehnsucht, der Zwang
627 1765 1024 1919 zu alnen.
2228 1755 2375 1943 1
632 1855 2266 1993 4ie an die Willensfreiheit glauben fassen.
1943 1931 2090 2028 all
2116 1966 2434 2104 + und
636 1978 2282 2140 der das Hereich des willens häufig szu wei-
632 2111 2361 2273 geben dem Determinismus eben nur so viel Kau
632 2270 1750 2382 als ihnen gerade genehm ist.
622 2354 2508 2525 (Man kann Determinismus und Villensfreit nebenei-
646 2510 2337 2636 ander siellen,nicht aber aneinander messen.
653 2548 2496 2698 Determinismus und Ulaube an die Wirlen-freiheit
644 2658 2556 2774 könnten im besten Frieden miteinander leben. Der
653 2729 2465 2838 eine ohne den andern ist Fatalismus,der andere
656 2814 1596 2936 ohne den einen Uebermut.
