2760 3368
552 406 853 630 o
1855 503 2400 654 doch im Gegen-
1690 498 1845 632 und
637 513 1661 678 s Göttliche, das Unfassbare
562 654 931 739 ctM
557 649 2341 797 Dalz Zu marchem Andern aogenannten Götulichen
549 773 2504 926 nicht aus der Welt zu Leugnende,Healitäten trotz
559 914 2278 1041 ihres scheiuvar irreaien benalts sind Musik
532 1024 1357 1199 Mathematik, Gewissen.
566 1165 2424 1310 Die erste-Schönheit, für die jede Erklärung ver-
566 1313 771 1442 sägt.
569 1410 2492 1551 wie zweite- eine apriorietieche Gesetzmässigkeit,
557 1554 2477 1702 die ausserhalb aller Erfährungen steht, Brücke in
569 1682 1286 1811 die Unenglichkeit.
562 1792 2424 1940 Das aritie -das absolut sichere Gefühl, das wir
566 1923 2336 2047 recht oder Unrecht tun, auch in Fälien,wo ein
562 2067 2383 2200 Nutzeil:ouer ein Schaden weder für uns noch für
566 2188 2319 2353 Andere nachzuweisen ist. Also das Gefühl von
562 2346 1600 2519 Hecht und Unrechit au sich.
