4324 4679
959 447 1048 612 B
2427 614 2546 677 de vouloir
1358 924 2711 1169 1/Juel de Somerl. 27. Dez. 17-1
1945 1069 2323 1147 VIII. Florianigasse 13
2004 1104 2323 1199 Tel. B-44-9-88
1134 1362 2277 1611 Sehr verehrter Herr Doctor Schnitzler
1794 1581 2624 1770 Ich denke Ihnen herzlich für
1152 1696 2711 1909 die freundliche Zusendung Ihres neuen Theatersten des
1132 1817 2709 2052 und habe es inzwischen auch gesehen. Wieder begeubet,
1145 1956 2702 2175 eine die Zeitheit und Seelentliche der Menschen,
1134 2093 2563 2277 die wahrhaft Menschen sind, die unendliche
1113 2197 2726 2394 Bürgsamkeit der Rede, die Sie wir keiner meisten
1128 2310 2874 2496 Sie haben mir mit ihrer neuen Dichtung viel geschenkt!
1644 2422 2776 2585 Mit Freude las ich auch, dass nun Ihr
1171 2544 2793 2737 gang zum Weise,“ auch in Wien aufs Theater kommen,
1139 2644 2598 2865 soll. Ich kann und liebe des Stück schon lange
2017 2743 2592 2817 tpegereurte
1774 2769 1902 2819 G.C.H.
1596 2759 2796 2939 Möge. Ihnen das neue sehr nur hutes
1128 2871 2318 3073 bringen – das wünsche ich vom Herzen!
1564 2986 2594 3173 steelten Verehrung zu sehr ergebenen
2158 3116 2574 3286 Emil Lucke
