4291 4680
1849 532 2063 660 1 1/2
2886 969 2968 1070 1
2571 1061 2972 1211 WIEN 13/1, 1929
2429 1180 2860 1278 IX/1 ROSSAUERGASSE 4.
1415 1404 2562 1615 Sehr verehrter Herr Doktor Schnitzler!
1904 1604 2760 1770 7 bei pserm früh folgschrie¬
1366 1715 2745 1887 auch Willischhof, wie sich meine konnte Mutter
1319 1820 2663 1973 aufhalt – und habe Ihr liebenswürdige Einleum¬
2440 1858 2798 1942 ⁠
1309 1911 2690 2081 erst am späten Abend angefunden. So könnte ich
1337 2017 2738 2193 ihr zu meinem größten Bedauern nicht mehr
1328 2116 2707 2286 folgen. Ich denke Ihnen sehr für Ihm besondere
1319 2220 2745 2392 Güte mir gegenüber, auch wieder dieses Mal.
1317 2323 2683 2498 und hoffe, ein anderes Mal die Freude. Sie
1311 2425 2782 2593 und die güdige Frau zu sehen, haben zu diesen
1704 2535 2655 2683 standes empfehle ich mich schon
1309 2661 2387 2820 und der gnedigen Frau aufs herzlicher
1970 2776 2626 2913 als Ihr treu ergebenen
2242 2889 2619 3008 Emil Kucke
