3415 4712
1854 474 2058 607 ...
1986 987 2383 1124 WIEN 27/1.17
1854 1102 2296 1217 IX/1 ROSSAUERGASSE 4.
718 1005 1013 1195 Luike
1035 1330 1594 1495 Goh zehte Herr!
1243 1419 2349 1620 Sie haben mir mit der Übersendung
829 1523 2270 1758 und Widmung Ihres neuen Buhrs vom ganz besondere
841 1634 2292 1860 Auszeichnung erwiesen wird eine große Freude bereitet.
1344 1642 1624 1735 _0.
831 1685 2375 1953 Meinen innigsten Dank dafür! Ich habe die Erzählung
833 1808 2318 2040 schon brühstückweise im Berliner Tageblatt gelesen und
829 1919 2423 2125 benützte den gestrigen Sonntag, sie noch einmal gründlich
829 2022 2361 2256 zu lesen. Wie schon ist, was ich auch diesmal wieder
833 2105 2391 2337 von der mündlich feiern und überlegenen Art Ver¬
823 2234 2371 2458 Menschenkenntnis und - Darstellung vergriffen. Es ist er¬
841 2333 2363 2548 stammlich, wie Sie die wir freuen mit wenig Reihen zu
831 2427 2387 2649 zeichnen und gegen einander abgehoben zur individuellen
833 2518 2387 2754 haltung zu bringen wissen. Ich und eine ist Schim¬
845 2625 2409 2861 fest am Erstleufen scheint nur der die tote Schwester
876 2770 2361 2948 Grüslers, die ja nicht „selber erscheint. Man schrieb
870 2863 2359 3065 Von verborgen plühende Feuenmatur, freilich mit
882 2928 2399 3144 dem Bedauern, dass sie einen so geringen Raum
