3415 4712
1630 531 2255 721 Votre très fait qu'il est en aussi avec le
2903 549 3140 700 Votre très fait une foisse
2152 1141 2563 1260 WIEN 10/7. 1911
826 1099 1174 1300 Lücke
2024 1227 2464 1336 IX/1 RossaUEGASSE 4.
1074 1548 1554 1701 Hochwehr Herr!
1460 1684 2433 1863 Ich habe mich mit Schrei zeitiger
1005 1793 2339 1986 Zeilen ganz außwordentlich pfreut und bei
1992 1898 2135 1976 G.C.H.F.P.
1001 1909 2401 2091 sehr froh, daß Sie meine Arbeit lesen und mehrs
1005 2003 2509 2177 doren finden. Es ist des Ergebens mitjährigen Scheunens
994 2156 2412 2280 und Nachdenkens und wenn es mich die letzte
1032 2244 2565 2393 Vollendung nicht erlegt hat! so brist es doch, hoffe ich.
994 2347 2458 2521 einige breichbar Gedanken und Einschten, verneidet
1019 2487 2448 2647 auch zum scholestischen Ton. Der modieren theoretische
1019 2624 2003 2758 Buche oft so ungenießbar macht.
1351 2685 2429 2829 Ich für mit dieser neu bembeiteten
961 2790 2353 2951 Sehr für langer Zeit am Theordisiren entsagt
967 2907 2402 3062 und sehr jetzt keine Störungen wahr für andere
980 3012 2378 3165 Arbeiten vor mir. Du mir schon liege nachgehen
