3415 4712
2516 445 2862 647 1. Decembre.
2318 1172 2419 1275 1
2068 1289 2455 1422 WIEN 5/12.1918
1930 1399 2373 1522 IX/1 ROSSAUERGASSE 4.
754 1315 1197 1539 Luke
905 1634 2228 1945 Wahr verehrter Herr Doktor Schnitzler!
1548 1896 2356 2066 Sie haben mir mit der
878 1974 2344 2249 zeitigen Übersendung Ihrer neuen Vorelle und
2371 1945 2530 2117 Car
882 2083 2423 2310 mit Herr ihrenden Widmung einen sehr zuste Freude
844 2203 2360 2430 gemacht, ich sehr thun meinen herzlichen Dank
844 2283 2404 2568 für Geschenk und Auszeichnung. Ich habe das Bühlen
846 2413 2407 2648 in seinem Zug gelesen und war von der rollendeten
855 2522 2423 2747 ren wissen Kunst der Derstellung so hingerissen.
861 2623 2497 2875 dass ich sogleich einen Teil noch einmal gelesen ha¬
848 2730 2394 2976 nun nicht mehr von der inhelllichen. sehr hoch
884 2860 2402 3030 plaubenen Spannung beherrscht. sondern ganz dem
878 2990 1964 3160 edlem Fluss der Erzählung hinzugeben.
1409 3032 2411 3234 Ich habe mich auf die Vorstellung
869 3152 2545 3364 des „Professor Berechende“ gefreut, den ich niemals gesehen
876 3274 2566 3484 habe. und nun tritt die Unterschwer auch hier dazwischen.
