3415 4712
361 526 501 648 : 1:
576 473 971 673 V. 7/1/17.
841 592 3042 822 Hätten Sie nun, sehr geehrter Herr Doktor Schnitzler, Interes-
508 713 2971 996 se für diese Sache, und möchten Sie sich an dem geplanten Buche betei-
508 834 3014 1080 ligen? Vorerst würde es sich nur um Ihre prinzipielle Zusage und um un-
536 943 2986 1211 gefähre Angabe des Thomas oder des Titels Ihres Aufsatzes handeln (der
545 1021 2980 1336 etwa 10 bis 15 Druckseiten umfassen könnte). Wenn Sie und die wenigen
554 1158 3017 1417 anderen Männer und Frauen, an die ich mich wende, die Erfüllung meiner
557 1295 3011 1538 Bitte in Aussicht stellen wollten, so würde Ihnen ein Vertrag zugehen,
564 1423 3058 1709 und ich dürfte dann damit rechnen, dass Ihr Aufsätz spätestens zwei Mo-
567 1526 3033 1812 nate nachher in meine Hände kommt. Das Buch soll gut ausgestattet wer-
582 1619 3092 1937 den, Bildbeigaben sind geplant, der Verlag würde Ihnen sogleich M. 200.
592 1747 3036 2011 als Honorar überweisen, und es wäre Ihnen freigestellt, Ihren Aufsatz
598 1846 3036 2180 vorher an Zeitungen zu geben (wobei aber Herr Seemann Buch und Verlag
617 1990 3051 2264 genannt wissen will). Für würdige literarische Gesellschaft würde ich
626 2108 3020 2363 die Bürgschaft übernehmen - gewinne ich die Zusage derer, auf die es
632 2239 2777 2460 ankommt, nicht, so kann die Sache eben nicht zustande kommen.
990 2323 3176 2569 Wollen Sie mir nun die Freude machen und dem Unternehmen prin-
654 2447 3154 2690 zipiell beistimmen und beistehen? Ich denke, dass das Thema interessant
663 2560 3051 2837 genug und einer Klärung und Entfernung aus dem üblichen Bereiche der
660 2675 3067 2974 Phrasen würdig ist. So bitte ich Sie, mir Ihre Unterstüzung nicht zu
669 2815 2706 3117 versagen, und wäre Ihnen für eine baldige Antwort dankbar.
1024 2902 3089 3198 Mit dem Ausdrucke meiner Verehrung empfehle ich mich Ihnen
1765 3039 2569 3232 als Ihr sehr ergebener
2036 3151 2544 3301 Emil Lueka,
