4270 4711
274 452 428 629 27 /
437 486 674 648 V. W. & C.
1913 901 3058 1091 Wien, 19. November 1920
1228 937 1571 1089 Lricke
1930 1040 2748 1237 12/1 Rossauergan
1459 1430 2998 1697 Sehr verehrter Herr Doktor Schnitzler!
1950 1688 2906 1896 Es ist überaus freundlich
1367 1793 2812 2003 von Ihnen, nur ihr neuen Naalle
1329 1932 2829 2121 zuziehen zu lassen, und ich denke Ihnen
1320 2048 2938 2245 sogleich für Ihre habe! Der ganz einheitliche
1293 2157 3015 2354 und klare wisse Ton, der diesjenige Gebild
1308 2279 2994 2478 die ein rein besonntes Gemelde fern dem
1344 2390 3056 2615 Hasten de Wilt hinstellt, ist im hoffen Maße
1327 2517 2936 2711 bevor deresweit. Jeder, da sich selbst der
1308 2651 2917 2833 Erzchlungskannst ergeben hat, kann wir nicht
1348 2767 2876 2955 bild bei einer anderen Gelegenheit hier
1288 2904 2962 3101 lernen, was u erzählen eigentlich heißt!
1757 2992 2906 3176 ßt habe in den letzten Wochen
1286 3139 2921 3315 noch ein Reihe von Jahren wieder einmal
1297 3242 2992 3456 Ihre früheren Stücke“ des weiten Land, und
1316 3349 2987 3565 den. Einsame Weg“ geshen und wir nichts
1320 3475 2942 3677 wie im tichsten davon vergriffen nur
2628 4117 2722 4276 G.C.P.
