4290 4712
2396 507 2697 627 V. P.
2250 1124 2571 1256 4/12.1924
1536 1215 1693 1304 WIEN
1393 1272 1827 1381 IX/1 RossauerGASSE 4.
1445 1532 2572 1762 Gah geehrter Herr Doktor Schrätzler!
1842 1746 2567 1906 Wie habe mir mit
1445 1827 2778 1997 den hoffenk theus Bücher und der Exe
2048 1955 2147 1998 3n
1417 1943 2535 2120 ehrenden Widmung wieder eine sehr
1409 2063 2535 2219 poste Freunde zuerst und ich danke
1429 2170 2716 2320 schneu von Gegen dafür! Da ist in ein¬
1457 2231 2685 2420 zwei Stunden eine solche Fülle von Erlebnis
1421 2353 2660 2506 und seelischen Wendlung hineinzugreßt, das
1419 2464 2665 2610 man nicht genug staunen kann, und nicht
1429 2543 2687 2728 zuletzt über die hohe Neuse. Die alles dies
1450 2651 2639 2816 der Entfltung und den Zusammenbruch des
1436 2749 2816 2905 Mädchen, in eine so ungebrochene seinheitliche
1452 2859 2679 3023 sich ununterbrochen sichsteizende Linie zu
1453 3002 1894 3097 bennen, dennen
1719 3032 2721 3205 Ich bin in Peter Verhandung und
1436 3158 2800 3296 denkbarkeit für Ihn fiele. Ihr vorhand ergeben
2308 3220 2696 3344 Emilkücke
