3415 4712
1014 467 1123 580 H.F.
1921 948 2007 1097 8
805 1431 2315 1621 einnimmt. In dieser zwei oder drei Seiten ligt ein
824 1543 2266 1749 jünger neun Roman versteckt und ich wünschte sehr.
828 1693 2259 1838 Dass Sie einmal Leise hatten, ihn in seiner Fülle zur
828 1799 2152 1960 derstellung zu bringen. - Man fühlt, wie der Feld
777 1902 2334 2069 selbst nicht recht wissend, mher es mit ihm geht, unschlber
787 2020 2257 2185 in eine Ehr getrieben wird, und man gewinnt nie
789 2104 2272 2290 Emiliek in den Mehmismus des seelischen Geschehens.
1179 2233 2356 2389 Nehmen Sie auch einmal meinen herzlichen
789 2338 1518 2478 Dein für Ihre zerste Ziele!
1274 2437 2034 2580 ßen verehrungsvollen Ergebenheit
2038 2528 2381 2687 Emil Kucka
