3512 4695
153 1567 1798 1766 Hoffentlich wird sie bald aufgehoben, man hat im diesen
236 1701 1846 1872 wirklich nicht viele erfreuliche Theater abende gehabt.
517 1815 1848 1965 th wiederhole meinen Druck und empfehle
171 1911 1906 2081 mich ihnen und des zündigen Frau aufs angelegen Dienst.
140 2016 1766 2189 Wenn sich fräulein Kily meiner noch erinnert, bitte ich
145 2146 1031 2295 ihr meinen heiß zu sezen.
536 2265 1295 2408 Ihr rechnungsvoll; ergeben
1303 2338 1714 2505 Emil Kucke
1569 501 2070 659 ' : " : "
2334 456 2425 614 :
2090 428 2235 713 1
