4326 4695
1535 518 1994 691 '1' 1 " 1 " „ „
810 516 969 717 1:1:
1778 715 2717 920 Wien, 19. Juni 1916
1239 1321 2715 1559 Sehr rechter Herr Doktor, Schmitzler!
1915 1595 2894 1760 Ich bin vorgesern von einem
1267 1726 2834 1887 längeren Reise zurückgekehrt und habe Ihr
1263 1835 2805 2018 Būh angefunden. Meinen herzlichen Dank
2815 1837 3025 2020 dans la
1299 1956 2818 2095 dass Sie mir es haben zusenden lassen, ich
1269 2070 2769 2219 habe mich Ihr damit gefreut und es sogleich
1287 2149 2838 2292 mit Beandwung geben. Was Sie da ohne
1607 2239 2092 2312 Aufgenommen von xxx
1305 2304 2759 2413 den geringsten Aufwand von Mitteln ver¬
1309 2370 2902 2519 mögen, ist zuß: dieses Duchemünder - Schreiben
1297 2485 2801 2624 und Fließen der verschiedenen Tiefenschichtungen
1281 2582 2862 2743 der Seele, wie eine Schön in die andern hinein¬
1257 2715 2848 2872 sicket, sie allmählich durchdringt, auflöst, um¬
1275 2818 2783 2958 wandelt – ein übergeßen Reichtum, und so
1283 2938 2820 3087 misheimbes und einfach dergestellt, an es eben
1275 3041 2818 3192 nur eine Meisterhand vermag. Ich bin Ihnen für
1305 3138 2576 3301 Dieses verwülle Geschenk innig dankbar.
1649 3253 2948 3383 Bitte nehmen Sie die beiligende u lkige
1261 3341 2856 3498 Geschichte, die nichts sein will als ein Speß. Freundlich
1212 3486 1519 3591 entgegen.
1553 3514 2874 3667 I bin in gerechnungsvoller Empkehrheit
2078 3647 2527 3780 Emil Kucke,
