4315 4695
1774 308 1914 456 xxx
1787 549 1966 676 ....
809 508 1579 780 1 1 1 „ „ —: —:
2758 542 2971 701 G.C.H.F.
2372 544 2706 724 Votre très-même.
3356 581 3474 714 11
1485 1181 1783 1386 prüher
2642 1317 2928 1442 0/10.1925
1737 1336 1889 1422 WIEN
1592 1404 2021 1488 IX/1 RossauerGASSE 4.
1585 1676 2635 1875 Sehr verehrter Herr Doctor Schrätzler!
2009 1943 2767 2079 Sie haben mir mit dem
1560 2037 2798 2184 Geschreibe Ihres Theaterstückes eine sehr große Freude,
2154 2116 2291 2191 n
1494 2155 2837 2290 jemahl und ich denk Ihren von ganzem Herzen.
1510 2254 2742 2420 I bin nun schon über, es zum zweiten Mal zu
1504 2363 2748 2501 lesen, es liegt eine so konzentrinde Fülle von
1495 2440 2864 2597 Menschlichkeit und Gesellung, dass man dieses Werk
1501 2554 2880 2705 nicht so leicht ausschöpfen kann, jede Gestalt ist nicht
1501 2653 2841 2799 nur da, lebendig und mit ihre Freude wir mit
2742 2751 2842 2807 —:-
1476 2740 2912 2901 ihren Leid, sie wurzelt im solchen tiefen ihrer Vergnügen¬
1463 2837 2837 3009 heit und ihres Geschickes, daß sie wir kubisch von
1445 2926 2812 3095 allen Seiten her läuftet und Seele ausstrahlt.
1451 3053 2803 3198 stewichern dies eine Vormüde ist, das wünscht eine
1427 3157 2803 3309 erst in einem tieferen nachdenklichen Sinn, wie
