4361 4600
2983 483 3739 701 'V- '''''' ''V^' 'V''s 'V-V'
661 470 889 614 G.C.R.
1843 432 2107 610 .... 1/2.
1022 486 1373 645 Votre træs.
3768 510 4014 636 1 „ „
2530 466 2734 692 10/1
909 599 1135 723 décrier de
512 612 614 745 H.H.
874 699 1162 796 G.C.H.F.P.P
1665 947 3450 1126 erschüttert und mit hoher Bewunderung erfüllt
1663 1084 3364 1242 keiner vermag wie Sie lebendige, blut durch¬
1663 1209 3433 1375 pulste Menschen zu bilden, dann zum sein
1648 1275 3286 1479 Schicksal erfüllt. Besonders im „Einsamer Weg“
1665 1417 3402 1570 ist mir völlig kleinen geworden, dass in dieser
1654 1519 3286 1694 großen Tagödie ein höchstes in Dichkamst
1639 1634 3304 1841 erfüllt wird; jeder der wenigen und ganz
1645 1772 3324 1920 durchpführen Gestellten erlebt in dem einen
1639 1872 3348 2067 Rehmen seine persönliche Tragödie und so
1641 2000 3424 2195 hat dieses Stück nicht einen einzigen Helden
1690 2142 3322 2315 ielmehr ist jeder der Menschen, die deren
1656 2257 3175 2439 erscheinen. »Held“ im Sinn trizischer
1650 2371 2291 2541 Vollendung.
2047 2488 3226 2670 Wenn ich es in den nächsten
1641 2603 3282 2765 tigen wegen will. Ihnen einen neuen
1614 2725 3180 2892 Kommen von mir zuzusenden, so tue ich
1639 2832 3149 3011 dies mit großem Zügen. Ich bitte Sie
1625 2958 3233 3140 nicht. Das auch zu lesen, es wirkliche nur
1599 3089 3213 3304 als ein geringes Zeichen meiner Verhäng¬
1603 3246 2069 3415 anzunehmen.
2069 3353 2883 3530 sten dieser Eyscheit:
2659 3484 3162 3714 Emil Kütter
