4332 4696
446 478 887 630 määrä: 1
1930 428 2025 662 1:
2828 870 2937 973 O
1911 898 2702 1073 Wien, 15. Mai 1917.
1249 1005 1678 1219 Lirke
1420 1442 2520 1650 hoch verehrter Herr Doktor Schnitzler!
1870 1656 2777 1800 Ihr Brief hat mir einen ganz
1388 1733 2747 1930 unvergleichliche Freude bereitt! Ich habe in
1369 1849 2929 2018 Diesen Tagen eine große Menge Briefe und andere
1358 1948 2895 2115 Gleichwünsche erhalten, aber was Sie mir im Schon
1371 2044 2811 2222 Güte und mit Ihrem Wohlwollen sagen, des.
1371 2134 2839 2310 leuftet uns allein, auch aus dem freundschaftlich¬
1369 2258 2691 2400 Gefühlten, weil hervor. Ich kei iren für Ge¬
1373 2346 3023 2541 gute Pfinnung und Ihre in Sie sagen es zu selbst!
1373 2466 2858 2655 zudezu freundschiftliche Sympathie, die Sie, der
1358 2601 2982 2762 großer Dichter nur, den ewig Anzeigende, entgegen
1360 2712 2841 2877 dringen mündlich denkbar und ich fühle, dass ich
1348 2796 3034 2978 Dies als ganz Weitvolles in meinem Leben bewahren
1333 2931 2597 3126 und hoffentlich auch noch redienen darf.
1860 3006 3047 3190 Sie waren auch dieses Mal so zeitig.
1365 3158 2967 3342 nur zu neuen Erzählungszuphen zu lassen. Dank!
1322 3259 2901 3449 Wieder diese seltsame magische Durchdringung von
1371 3396 3092 3557 Alltag und Wirklichtheil mit einem unschoben Geheimnis
1371 3497 3010 3683 retten, was für mich einer der größten Reize Ihrer
