3425 4714
2868 214 2972 419 be
1344 389 1589 594 Nau
2617 481 2954 588 1930.
2039 474 2578 646 Wien, 27. Janua
1053 514 1179 655 1
168 438 539 664 Sricke
1307 465 1760 729 Lofon B'144-9-58.
1880 527 2330 719 IX/1, Rossauergasse 4.
842 906 2180 1114 Sehr geehrter Herr Doktor Schnitzler!
995 1078 2933 1270 Ich erlaube mir, die folgende höfliche Frage an Sie zu
652 1231 2972 1427 richten: Würden Sie sich an einem Buche beteiligen, dass zum all-
658 1393 1745 1528 gemeinen Thema "Die Dame" hat?
1007 1411 2942 1638 Ich habe den Plan mit dem Verlag E. A. Seemann in Leip-
661 1540 3037 1788 zig besprochen, dort das grösste Interesse gefunden, aber Herr See-
664 1687 3046 1886 mann will eine endgültige Bindung begreiflicherweise erst dann ein-
637 1800 2994 1993 gehen, wenn ihm die prinzipiellen Zusagen einiger weniger, von uns
677 1919 2969 2115 gemeinsam festgesetzter deutscher Autoren vorliegt. Unter diesen
649 2020 3061 2207 möchte ich in erster Linie um Ihre Teilnahme bitten. Es sollen nicht
646 2097 3104 2363 Meinungen oder was ähnliches gewaltsam provoziert werden, sondern ich
658 2275 3070 2449 frage vorerst unverbindlich an, ob Ihnen die Sache interessant genug
658 2385 3101 2550 ist, ob Sie einen Beitrag zu dem geplanten Buch geben und helfen wol¬
658 2480 3101 2676 len, das stets schwankende und niemals recht zu fassende Gebilde "Da-
695 2581 3107 2804 me“ ins Klare und Sinnvolle zu ziehen. Wie Sie Stellung nehmen woll-
683 2718 3055 2896 ten, bliebe selbstverständlich Ihnen überlassen, es kann sich dabei
686 2786 3006 3021 um verschiedenes handeln : um Sinn und seelischen und kulturellen
695 2936 3107 3135 Wert der "Dame" in der Vergangenheit; oder um ihre Rolle in der unsi¬
689 3040 3126 3248 cher orientierten Gegenwart; oder um ihre Aussichten für die Zukunft,
701 3162 3107 3386 ob die "Dame" weiter eine gewisse Bedeutung für die europäische Welt
704 3294 3162 3475 bewahren wird, oder ob sie zu einem Scheinleben, vielleicht zum Unter-
701 3413 3141 3594 gang verurteilt ist. Damit soll selbstverständlich nur ungefähr ange-
707 3514 3150 3701 deutet sein, welche Problematik möglich wäre - jede andere bleibt un-
1570 3729 1800 3857 wirkt.
716 3710 1071 3836 verwehrt.
1586 3817 1895 3931 ... 4
1619 3900 1913 4032 musst.
