4343 4665
1095 1630 2728 1784 Hoffentlich wird sie bald aufgehoben, wenn hat in diesen
1091 1773 2791 1890 sehr wirklich nicht viele erfreuliche theiter ebende gehabt.
1435 1866 2784 1985 sich wiederhole meinen Dank mit empfhle¬
1098 1987 2838 2113 mich hine und des zündigen Frau aufs angelegen Viehste
1072 2048 2695 2228 Wenn sich fräuten Kily nenen noch erinnert, bitten ich
1059 2176 1951 2304 ihr meinen heiß zu sagen,
1440 2280 2217 2440 Ihr rechnungsvoll ergeben
2213 2397 2630 2550 Emil Kucke
3308 2715 3585 2940 Votre ami
