3415 4712
544 1571 1759 1719 vielleicht darf ich Ihren erzählen, dass ich
336 1678 1770 1826 dieser Tage die unerwandte Freude hatte. Dass ein
325 1771 1779 1947 Scheissil. Die Verzeubeten vom deutschen Volks.
331 1907 1797 2062 theile angenommen wurde. Ich habe mich bisher
298 2011 1704 2166 über den äußeren Ersch meiner Arbeiten, nicht
292 2131 1761 2308 beklagen können, aus den Theilen haben sich sprack
298 2252 1715 2400 erhellen, und gerade dies war meinen besonderen
290 2392 667 2535 Ehrsicht.
584 2486 1868 2648 Ich denke Ihren herzlich für die mir bewiesenen
248 2593 1676 2780 steilnehmen und sei Ihr vornehmungsvoll ergeben
1207 2728 1554 2873 Emilkücke
