4324 4679
943 796 2548 1054 Säcke. Sillin in Tirel. 10. Juni 19N
1760 1042 2177 1218 hein
1204 1241 2482 1568 Hoch rechter Herr Doctor Schritzler!
2057 1488 2629 1644 „Schon nahmals
1137 1575 2645 1836 meinen herzlichen Dacht, dass Sie mir Ihr
1130 1672 2636 1944 neues Buch „Thorese“ haben zusenden lassen.
1105 1806 2657 2103 Mann bin ich hier zur Ruhe gekommen und
1123 1893 2659 2179 habe es zu Ende gelesen. Sie haben hier aus
1079 1983 2834 2322 des tridielsten Allleglichkeit heraus ohne jeden Schauen
1100 2149 2719 2422 und Glanz eine Tragödie gescheffen, die immer
1121 2249 2684 2532 besonders gegen dem Schluß zu tief ergreift. Die
1162 2322 2791 2659 scheinnisroke Verstrickung der Mutter wider Willen
1128 2486 2770 2774 mit dem missretenen Sohn, der endlich, wider
1123 2588 2784 2864 Wüllen auch er, zum Vollstrecken der Neimsis werden
1109 2726 2770 2991 muß, das ist höchst eigentümlich und geht uns tiefe
1612 2929 2832 3176 verlaubt mir. Ihrer ein Wein¬
1116 2945 1674 3116 Menssliche hinein.
1095 3028 2959 3307 theordische Betrachtung über die Handlungen des Handproble
1139 3178 2788 3406 der Dichtung zuzusenden, vielleicht finden u in ein
1128 3353 1854 3542 bisher Interesse darin.
1755 3351 2738 3572 H'n mich Herr aufs bst und
1144 3406 2975 3699 wusse Theres einen schönen und frühtteren Samm¬
1619 3450 1707 3582 C.
1488 3614 2458 3794 Ihr verschrungsdoll ergeben.
2488 3559 2952 3748 Emil Lücke
