3415 4712
1963 464 2318 661 1:1 1:1-:1
1207 1207 1621 1331 WIEN 19/11 11/11
1067 1306 1503 1408 IX/1 RossauErGASSE 4.
270 1562 852 1728 Hoch zwohle Herr!
3170 1570 3322 1685 WIEN
3170 1669 3282 1738 SAUER
467 1706 1466 1878 /Sie haben mir mit dem Geschenk
1971 1708 2487 1896 Gch zwehter her!
2564 1817 3377 1996 Ihre zeitigen und meinkennen
79 1815 1464 1972 und der handschaftlichen Widmung Ihrer Vormüdie
1339 1890 1450 1974 que les
1913 1915 3375 2116 Worte haben mir eine große Freude bereitet! Es ist es
79 1933 1410 2087 an sehr große Ehe erwiesen! Ich war bei der
1898 2012 3375 2215 große Auszeihnung für mich, dass Sie meinen Buch gelesen
85 2032 1424 2186 von Aufführung zuzogen, habe jedoch – ich weiß
1901 2105 3373 2308 haben, und ich denke Ihren herzlich für Ihre Teilnahme. S.
81 2128 1489 2312 ist, wo es die Schuld der Schauspieler oder meines
1894 2203 3410 2383 ermütet mich. Ihnen auch mein philosophisches Buch. Grenzen
79 2215 1507 2387 letzes – nicht alles und zerden einem Nil
87 2290 1497 2462 das Lesen nicht aufgeschst oder hilsch gehört. Ehe
1878 2333 3365 2503 Seite“, das demnächst in erweiteter Form erscheinen wir
199 2404 1560 2568 Lesen sehr ich so ganz, wie mündlich viel
1909 2428 3389 2582 übersenden. Ich bin in verehrungsvoller Ergebenheit der
132 2505 1558 2667 Tiefe und rein menschlicher Charakteristik jeden
179 2627 1531 2785 Gefallen mitbekommen hat. Der alle voll
83 2706 1525 2898 ehren Lebens sind und vom höchsten Neud. zurück
81 2823 1511 2953 des lehrbenden Geistes gescheut. Dieses so sollen
83 2927 1596 3087 Ehele über die Menschen wird ihr treiben. Das mir
85 3012 1667 3182 oder ihre komische Willblick mitzuteilen vermag,
