4360 4679
3501 458 3628 612 1
3667 512 3759 595 :
2962 886 3049 1021 e
2856 1138 2964 1256 1
2615 1285 2987 1394 WIEN 5/12.1918
1292 1198 1733 1444 Luke
2473 1371 2916 1458 IX/1 ROSSAUERGASSE 4.
1441 1616 2741 1847 Sehr verehrter Herr Doktor Schnitzler!
2059 1866 2839 2024 Sie haben nur mit der
1379 1959 2789 2138 zeitigen Übersendung schon neuen Novellen und
2875 1918 3037 2097 Car
1375 2055 2906 2224 mit Ihrer ihrenden Widmung nun sehr gestern freunden
1346 2178 2845 2338 gemacht, ich sehr Ihnen meinen herzlichen Dank
1335 2282 2879 2446 für Geschenk und Auszeichnung. Ich habe das Bühlen
1329 2407 2887 2554 in seinem Zug gelesen und wir von der rellendeten
1327 2479 2902 2664 ren zwischen Kunst der Darstellung so hingerissen.
1331 2606 2964 2773 dass ich sogleich einen Teil noch einmal gelesen ha¬
1310 2706 2806 2852 nun nicht mehr von der inhelllichen. sehr hin¬
1342 2810 2858 2952 schriebenen Spennung beherrscht. sondern ganz dem
1331 2927 2417 3076 edlen Fluss der Erzählung hingegeben.
1895 2995 2870 3160 7 hiebe mich auf die Vorstellung.
1300 3139 2972 3291 des „Professor“ berechende“ gefreut, den ich niemals gesehen
1321 3243 2987 3392 habe. und nun tritt die Untersperr auf hier dazwischen
