4332 4696
2636 503 3190 680 V. P. F. G. A.
644 515 847 687 1,1
2199 503 2410 691 1:1:4
1582 1016 3110 1223 Dichtung immer person ist und nun noch immer
1574 1162 2981 1337 mehr wird. Es ist in dieser Erzählung nicht
1597 1244 3298 1436 eigentlich zu sezen, wo dieses Dümmkel Nrömende
1572 1386 3150 1553 Dichs begrübende Flünden eigentlich hervortritt
1567 1479 3262 1663 alles ist Geschehen, mit absichtlicher Wiridität in die Welt
1563 1593 3219 1779 gestellt; und doch ein geheimnisrolles Unterstränen
1616 1741 2273 1882 von fremden Müchten.
2106 1813 3274 1988 Verzeihen Sie, wenn ich dies alles nicht
1584 1933 3129 2093 besser auszusgehen vermag, kritische Betreffung von
1639 2064 3270 2222 isten ist meine Sache nicht, das sehe ich immer mehr
1576 2159 3086 2341 Über ich fühle gute das unendlich Lebendige in Ihrem
1576 2298 2919 2448 Rek, und in dem neuen nicht zuletzt.
2096 2391 3327 2567 Ih derweg thun nur noch zu sagen,
1597 2514 3205 2683 daß ich mich mit ihrer spazösischen Stellung zu um¬
1639 2655 2812 2814 und dem meinigen unendlich freue.
2140 2765 2966 2943 Ihr verehrungsvoll ergebener
2535 2913 2981 3072 Emil Lücken
