4343 4679
1966 477 2478 683 : " /
2534 470 2713 660 1
1923 846 2570 1108 1. Jänner 1918
1697 904 1800 1007 C
1169 972 1319 1059 WIEN
963 1025 1478 1164 IX/1 RossAUERGASSE 4.
1106 1386 2418 1648 Sehr verehrter Herr Doktor Schnitzler!
1659 1542 2756 1731 Sie haben mir mit der Zubei¬
2142 1654 2765 1789 freude gemacht.
1079 1708 2154 1881 Ihres neuen Buhrs nur zerste¬
1697 1753 2149 1858 Bouillez
1072 1778 2783 1986 und ich denke jene herzlich dafür! Da ich morgen
1039 1869 2841 2064 für zwei Wochen nach Deutschland reise und in den letzten
1068 1959 2722 2145 Tagen wenig Ruhe gefunden habe, sehr ich erst angesehr
1059 2044 2825 2232 in der Mitte des Bühes und will es mir mitnehmen.
1059 2129 2700 2322 I habe mit steigender Bewunderung über diesen Ihrer
1101 2230 2881 2407 menschöpflichen Beleitungen und Küchten an Beobachtungen
1099 2344 2870 2507 Gedanken und verblüssenden Einblicken in die Menschen gelesen
1115 2425 2772 2615 und sehr auf jeder Seite Neues und Überreichendes.
1119 2530 2904 2716 Es ist wahrhafte innere Bereicherung, in diesem Buche zu lesen.
1137 2619 2769 2785 und es wird mit einem Male nicht abgetan sein
1755 2684 2845 2906 Ich wünsche Zum von Gegen Nacht
1847 2832 1957 2886 ouvrage
1142 2839 2528 3020 und heim auch für das kommende Jahr!
1802 2948 2689 3112 ter Verehrung zu Ihr geben
2145 3072 2575 3239 Emil Lücke
