4326 4695
1241 533 1651 692 V. P. v. M.
1660 531 1749 674 1
1929 708 2724 889 Wien, 9. März 1916
1172 694 1579 905 Lis M
1387 1183 2641 1398 Hoch verehrter Herr Doktor Schützler!
1808 1404 2822 1588 Innissen dank. Dass Sie mir
1290 1532 2744 1727 Ihre neue Disting haben zu gehen lassen! Es
1284 1673 2771 1846 Wenst ein ganz seltsam tiefer und geheimnis
1275 1776 2856 1964 voller Ton aus ihren vollendeten diesen – ich kann
2274 1877 2426 1933 Avec les
1257 1922 2684 2070 nur nicht anmaßen, alles, was der durch die
1210 2050 2742 2195 Seelen von Menschen wird, ganz zu fassen, mir
1207 2173 2742 2309 eine schonung daran nicht in mir, die sich vielleicht
1210 2283 2764 2435 bei späteren Lesen zu reiner Einsicht kloren kann,
1198 2397 2791 2558 Solche Menschen hoffe und reiffer Äulten finden
1232 2513 2722 2686 sich heute nirgends als in Ihrem Dichtungen
1207 2657 2740 2802 Die Beweilden ist ein steckes und völlig aus sich
1183 2746 2704 2912 selbst gerechsenes, dabei hochso wasselhaftes Wesen
1205 2894 2905 3015 Wenn es mir erlaubt sein sollte, das zu sagen:
1214 3008 3011 3152 ich kann mir diese Menschen schwer ins 18. Jahrhundert
1180 3134 2869 3295 hinein denken, sie müten mich ganz heutig an.
1590 3252 2865 3394 Ih bei ihm von Gegen dankbar und
1196 3338 2818 3510 empfehl mich Ihnen als Ihr annehmungsvoll und
1180 3461 1640 3611 treu ergebenen
2215 3483 2643 3665 Emilkucke
