4343 4679
384 1393 1800 1540 wird einen hier in reichen Maße zuteil.
384 1492 1734 1641 Es ist eine wahre Komödie. Die wir nicht
338 1624 731 1736 viele besitzen.
795 1672 1847 1802 Ich sehe Ihnen, hochgeehrter Herr!
338 1781 1725 1913 meinen füglichsten Dank für Ihr Geschenk, das
328 1872 1734 2000 nur den grüßten Freude gemacht hat, und bitte
341 1989 1690 2119 Sie aus Ihre freundliche Erinnerung weiter
314 2113 512 2233 benehre,
539 2198 1758 2338 Mit meinem verbindlichen Entschlungen
1055 2338 1604 2464 Ihr zeug ergeben.
1273 2454 1634 2584 Emil Lücke
3535 1822 3919 1934 WIEN 10/4.1917
3399 1913 3837 1977 IX/ ROSSAURGASSE 4.
2357 1897 2836 2041 Ich gehder Herr.
2949 2051 3841 2173 Ihre zeitigen und amkennenden
2262 2136 3801 2270 Worte haben mir eine große Freude bereitet. Es ist eine
2241 2241 3756 2369 zieße Auszeichnung für mich, dass Sie mein Buch gelesen
2237 2340 3762 2462 haben und ich denke Ihnen herzlich für Ihre Teilnehme. Sie
2227 2443 3882 2578 ermütet mich. Ihnen auch mein philosophisches Brief. Grenzen der
3180 2516 3519 2578 Aufgenommen von ihm zu kurz
2200 2538 3828 2666 Seite“, das demnächst in erweiteter Form erscheinen wird, ge¬
2227 2631 3816 2776 übersenden. Ich bin in verehrungsvoller Ergebenheit der Thage
3484 2759 3839 2850 Emil Lücke
3878 2722 4022 2898 "
