4270 4711
2638 504 2789 575 "   "
2113 527 2424 673 1 1/2
2287 1673 2700 1797 WIEN 29/12. 1920
2155 1765 2601 1858 iX/1 ROSSAUERGASSE 4.
1211 1826 2335 2007 Sehr verehrter Herr Dr. Mor Schrützler!
1765 1915 2553 2075 Ich habe mich mit Ihren
1211 2031 2499 2194 gütigen Worten und mit Ihrem außer¬
1217 2104 2442 2269 feinen und ausstückes allen Bilde sehr
1209 2205 2642 2383 gefreut und ich sogar Ihnen meinen herzlichen
1209 2310 2569 2469 denk für Ihre Kirchenwürdigkeit. Morgen Ihnen
1204 2403 2549 2563 und der gnedigen Frau des kommenden Jahr
1222 2535 1671 2683 glücklich sein.
1489 2549 2695 2736 ße treuer Verehrung zur ganz ergeben
2104 2661 2517 2754 Emil nicht
