4291 4680
2169 485 2338 653 1 1/2/4
2490 492 2800 696 1:4:9
2567 1225 2993 1325 WIEN 14/2. 1920
2437 1302 2881 1386 IX/1 ROSSAURGASSE 4.
1220 1211 1586 1438 Seite
1571 1627 2572 1823 Sehr verehrter Herr Doktor Schnitzler!
1937 1869 2850 2017 Sie haben mir mit Ihrem neuen
1516 1955 2861 2112 Werk und der Widmung eine gese Freude je¬
1495 2071 2817 2223 mehr und eine große Ehre erwiesen u ich denke
1504 2162 2895 2333 Von herzlich für Ihr Gischeck und für The freundliche
1493 2274 2918 2424 Hofinnung! Das Lusspiel ist von so einer süßen, zwey
1948 2392 2046 2453 _
1509 2371 2895 2520 und uns so unendlich fernen Franzie erfüllt, daß
1475 2467 2870 2654 ich es mit wechsendem Entzücken gelesen habe. Sie
1493 2615 2827 2736 finden hier einen Ton, der mit seiner schriebenden
1498 2672 2931 2831 Unmut über jede heikle Situation herüberführt, und
1493 2777 2927 2924 in den sprachsicheren Kerzen um das Flück der Leistigkeit
1498 2927 2280 3059 dieses Geschehens empfinden lassen.
1914 3002 2947 3157 Ih freie mich auf die Darstellung. Die
1511 3075 2924 3295 allendings nicht so leicht der Kaffringtheit Ihrer Sichtung
