4520 5544
1593 594 2251 806 Situationen:
1118 891 2759 1140 1. Der sterbende Held, "Auch ich?“
1110 973 3443 1233 2. Absteigequartier. Rendevous, Kinderbegräbnis.
1110 1170 3866 1359 3. Tragödin nach dem Tod des Geliebten bei dessen Mutter.
1122 1266 3584 1471 4. Ekel vor den Frauen, weil die Mutter ihn liebte.
1129 1348 3918 1608 5. Einverständnis des Sohnes mit dem Verhältnis der Mutter
1270 1519 2299 1727 zum grossen Künstler.
1129 1597 3506 1846 6. Die untreue Tochter, der Vater, der Bräutigam.
1140 1805 2024 1965 7. Elses Abschied.
1144 1894 2700 2072 8. Pierrot im Kostüm nach Hause,
1151 1913 4003 2165 9. Staatsanwalt in ihren Armen das frivole Buch zensierend.
1144 2050 4130 2269 10. Sterbende Frau vor den Augen des Mannes Briefe verbrennend.
1159 2191 4052 2436 11. Der Wahnsinnige sichmit dem Revolver die Kleider zum Aus-
1181 2384 2095 2544 gang erzwingend.
1174 2369 4011 2659 12. Sie nimmt aus Italien das Andenken für den künftigen Ge-
1315 2600 1916 2759 liebten mit.
1166 2618 3662 2867 13. Das Parere des Arztes über sich selbst.
1174 2793 2603 3001 14. Die drei Abende im Prater.
1181 2874 3940 3131 15. Der gute Freund dem Autor die schlechten Kritiken vor-
1300 3075 1823 3231 lesend.
1185 3116 3907 3354 16. Das sechzehnjährige Mädel lachendwie ein Reiter sich
1326 3276 2358 3458 fast den Hals bricht,
1185 3391 2473 3599 17. Die heimgebrachte Frau.
