4456 5496
1705 349 2149 593 Figuren.
2494 590 3869 860 von einem Glücklichen geliebt
980 571 2509 853 1. Die Trösterin, Will einmal
2490 721 2693 838 G.H.F.P
1146 815 1807 958 werden.
1007 793 3760 1089 2. Telegraphenbeamter in der Sommerfrische mit Mitgefühl.
1007 1003 2528 1187 3. Verliebter Tanzmusikspieler.
1014 1097 3843 1303 4. Der hofft Geliebte untreu zu finden, verliebt sich aufs
1161 1240 1784 1424 Neue in sie.
1014 1255 4008 1525 5. Die Frau, der gegenüber man tut als wüsste sie nicht, dass
1168 1439 2776 1657 sie vom Tode ihres Bruders weiss.
1033 1476 3914 1799 6. Kartenspielerin, Beunruhigung des Mannes, wie sie es auf-
1172 1728 1454 1882 gibt.
1040 1735 3816 2043 7. Alternder Mann in schlechten Verhältnissen, sich damit
1198 1859 3944 2070 tröstend, dass alle seine jungen Freunde betrogen werden.
1037 1991 4038 2186 8. Wahnsinniger, der die geographischen Wahrheiten vernichtet.
1059 2119 3910 2381 9. Der Teunisspieler, wie ein Soldat im Kugelregen, das Rad
1198 2306 1991 2475 der edle Araber.
1037 2348 3982 2584 10. Der Maler zu bekannten Persönlichkeiten: Bleibeb S' ruhig,
1262 2513 2674 2697 das Köpferl möcht' ich haben,
1056 2543 4004 2847 11. Der Maler, dem alles versagt, wodurch die Andern Carriere
1258 2783 1619 2930 machen.
1724 2813 1927 2922 aie
1071 2750 3974 3013 12. Der jüdische Arztenssohn, der sich in die höhere Gesell-
1067 2960 2731 3129 schaft hineinzuschiessen versucht.
1063 3031 3816 3302 13. Der Witwer nach dem Selbstmord der Gattin im Caféhaus
3891 3088 4072 3234 ter.
1262 3242 1882 3399 perorierend.
1082 3302 4057 3542 14. Fürst in den Witzblättern lesend, wie man ihm nach dem Le-
1288 3467 1908 3625 ben trachtet.
1078 3486 3523 3689 15. Der Bub, der den Führer in den Abgrund stösst.
1097 3666 3073 3831 16. Der Mädchenhändler aus Menschenliebe,
1097 3711 3538 3948 17. Ich war eine berühmt anständige Schauspielerin.
1116 3828 3959 4098 18.Die kleine Schauspielerin, die sich schämt, vor "seiner"
3606 3955 3768 4098 tot
1247 4049 2055 4207 Frau zu spielen.
1116 4064 4128 4316 19. Uneigennützige Geliebte immer vom früheren Liebhaber lebend,
1101 4241 4034 4451 20. Der aus Bequemlichkeit seiner Frau verzieh und glaubt, es
1247 4399 1871 4556 war Edelmut.
1086 4357 4083 4673 21. Wenn ich einmal meine Memoiren schriebe. Und erzählt immer
1262 4613 2235 4797 dieselbe Geschichte.
2351 4658 2539 4770 dessi
1104 4624 4098 4913 22. Tochter des Totengräbers, die den Leuten ansieht, wann sie
1258 4834 2194 5026 sterben werden.
1131 4842 3711 5184 23. Trauernde Schauspielerwitwe, die zum Theater geht.
