4488 5544
1029 685 3733 880 24. Der sich für eine Frau ruinieren will und immer auf
1232 842 2421 1017 häusliche Weiber trifft.
1052 849 4093 1201 25. Der angebliche Geliebte der berühmten Schauspielerin, wurde
1251 1067 2544 1228 nur einmal herausgeworfen.
1037 1132 3668 1350 26. Hausierer, dem der Sohn im Gasthaus die Hand küsst.
1067 1209 4001 1530 27. Junger Mann durch Zufall in schlechte Gesellschaft, Miss-
1274 1427 2333 1622 deutung, Wiederkommen.
1071 1415 4146 1687 28. Krüppel sich seines Unglücks schämend, endlich stolz darauf,
1071 1622 3947 1859 29. Die eine Canaille werden will, weil er sie verliess und
1270 1782 2215 1966 die's nicht vermag.
1082 1782 3703 2073 30. Blinder, dem man den Glauben an seinen Ruhm lässt.
1094 1920 3924 2245 31. Der Pater, der in einem Buch beweist, dass in der Hölle
1285 2119 2073 2310 ein gutes Leben.
1098 2173 3902 2479 32. Der nur ein Jahr zu leben hat, Wechsel fälscht, gesund
1300 2368 1564 2521 wird.
1098 2372 3921 2697 33. Schauspieler, der endlich von der Partnerin persönlich
1300 2597 2337 2769 genommen werden will.
1109 2643 3852 2869 34. Der das Lotterleben schildern will und drin verkommt,
1109 2765 4024 3014 35. Der sich als Geliebter seiner Frau fühlt nach erledigtem
1297 2949 1805 3094 Liebhaber
1113 3018 3557 3232 36. Alter Dichter der jungen Generation hofierend.
1117 3144 4097 3374 37. Der Freiherr. Versuchter Doppelselbstmord. Er lebt weiter.
1323 3305 1767 3462 Carriere.
1132 3324 3932 3569 38. Kleiner Schauspieler. Ist über Nacht berühmt geworden.
1121 3488 3932 3722 39. Der in Russland seinen Söhnen verschweigt, dass er als
1331 3649 2176 3814 Jude geboren ist.
1140 3699 4139 3936 40. Dilettant. Früher anständig in die Literatur gekommen, sich
1323 3875 1985 4047 erniedrigend.
1144 3905 4043 4185 41. Die Frau, deren Mann den Liebhaber im Duell getötet hat,
1343 4093 2723 4257 sich interessant vorkommend.
1144 4123 4204 4368 42. Der Mann, der seiner Frau Frömmigkeit vorlügt, um ihr Glück
1346 4334 2383 4491 vollkommen zu machen.
1155 4387 3924 4624 43. Die Vortragsmeisterin, Schwägerin des Musikkrit!kers.
1155 4464 4154 4720 44. Schauspielerin, frühere Cocotte. Verhältnis mit dem Kardi-
1339 4617 4215 4900 nal, spielt für diemissionsgesellschaft: "Ich kaufe mir ein
1323 4816 1912 4984 Negerkind“.
1170 4842 3381 5122 44. Frau mit Lebenstrieb durch Güte gehindert.
