4504 5560
1015 799 4116 1115 46. Reiche Närrin im geheimen Strümpfe strickend und verkaufend.
1030 980 3950 1242 47. Ehebrecherin, die Romane schreibt, in denen das Eheglück
3294 1111 3892 1304 esen Mutter.
1416 1196 1987 1350 viesen wird.
1042 1157 3371 1450 48. xxx, die "Elegante Welt" herausgebend.
1049 1273 3807 1574 49. Junger Mann auf alle Damenbekanntschaften vorgesehen.
1061 1389 3942 1674 50. Mutter, fürs Familienblatt, schreibend; Tochter macht ihr
1065 1632 4166 1913 51. Der junge Mann in jedem Akt von einer Hochzeitsreise kommend
1254 1666 2091 1828 die Liebesszenen.
1069 1832 3209 2033 52. Pedant, der aufnotierte:Anna los werden.
1088 1967 2831 2183 53. Volkssänger mit eigenem Dichter.
3225 1890 3649 2091 Buek sene
1096 1979 3244 2272 54. Der Mann, der Abends "Schrumm" mitsingt.
1103 2083 3557 2380 55. Der, der den Grafen X erschossen hat im Kurort.
1107 2187 3904 2500 56. Pechvogel. Lustopielkonkurrenz. Liebesheirat. Virtuos.
1103 2419 2704 2696 57. Familie M.Der weinende Vater.
1315 2619 1902 2774 liebten mit.
1177 2723 1844 2897 13. Das xxx
1184 2835 2095 3013 14. Die drei Abende
1192 2959 2071 3136 15. Der gute Freund
1231 3433 1570 3626 17. Die
