3432 4120
366 409 469 630 9
518 654 2832 933 ehen damals getreten war. Da ein ziemlich heftiger
524 815 2805 1102 Wind wehte, trat er in den Hausflur, um sich hier
572 972 2711 1230 eine Zigarre anzuzünden. Als er wieder auf die
578 1124 2908 1363 Gasse kam, warf er einen flüchtigen Blick über das
585 1263 2968 1533 ganze Haus, vielleicht ohne jegliche Absicht, als
542 1393 2941 1642 mit einem Male an einem der Fenster das blinde Köpf-
557 1569 2895 1851 chen gewahrte, das über eine Handarbeit gebeugt zu
563 1708 2759 1957 sein schien. Im selben Moment aber blitzten die
575 1835 2877 2066 braunen Augen empor, und es schien unserem Freund
603 1972 3044 2256 Emil, als würden sie auf ihm verweilen. Ja, wenn ihn
582 2144 2974 2417 nicht alles täuschte, lächelte die Kleine egar, und
594 2341 2844 2553 Emil, übrigens noch immer ziemlich gleichgiltig,
612 2453 3035 2674 vielleicht sogar immer noch ohne jede Absicht, blieb
657 2587 2941 2808 vor dem Fenster stehen. Nach ein paar Minuten be-
618 2777 2880 3023 gänn er auf- und abzugehen, nicht ohne ab und zu
663 2908 2886 3174 nach dem hübschen Mädchen hinauf zublinzeln, und
663 3062 3053 3274 nach wieder einigen Minuten war es ihm völlig klar,
636 3204 3077 3422 dass er die kleine Schöne mit dem Lockenköpfchen und
651 3316 2986 3607 den lebhaften Augen erwartete. Unter den Fenstern,
694 3495 2986 3780 an deren einem das Mädchen sass, befand sich näm-
