3416 4120
505 647 2939 913 lich eine grosse Tafel mit der Firma eines bekannten
508 835 2942 1116 Modistengeschäftes. Als es sieben Uhr schlug, begann
562 1013 2963 1216 Emil, mit etwas schnelleren Schritten auf- und abzu-
535 1152 2915 1406 gehen, besonders nachdem er bemerkt hatte, dass die
532 1291 2930 1542 Blondine ihren Platz beim Fenster bereits verlassen
544 1445 2894 1681 hatte. Zwei Mädchen kamen lächelnd, Arm in Arm aus
562 1600 2857 1835 dem Haustor, sie liefen mehr, als sie gingen, die
617 1724 2951 1993 eine riss sich von ihrer Begleiterin los und eilte
584 1890 2870 2117 auf die andere Seite, einem jungen Mann entgegen,
590 2011 2969 2313 dem sie lebhaft die Hand reichte. Dieser führte die
599 2168 3024 2425 Hand mit scherzhafter Würde zu den Lippen und küsste
608 2340 2984 2567 sie. Das andere weibliche Wesen kam etwas langsamer
620 2455 2963 2746 nach, blieb bei dem Paare stehen und sah nengierig
629 2613 2927 2879 und ein bisschen kokett zu Emil herüber. Die Drei
635 2746 2994 3048 schlugen den Weg in eine Seitengasse ein und waren
692 2954 2111 3181 bald um die Ecke verschwunden.
959 3184 3111 3474 "Mein Fräulein", rief Emil plötzlich aus, denn
726 3368 3108 3625 ebenso plötzlich stand die blinde Schöne neben ihm,
695 3529 2994 3777 ohne dass er ihr Kommer bemerkt hatte, und wollte
