3400 4120
2887 464 2981 622 2
603 610 3039 904 mit natürlichem Verstande und einigem gesellschaftli
616 840 3060 1083 chen Witze begabt, lernte Melanie gegen Ende des Win-
616 1052 2863 1246 ters kennen; er begegnete ihr auf einem Spazier-
567 1201 2938 1383 gang und wandte seine Blicke unwillkürlich nach der
567 1374 2684 1534 kleinen Schönen zurück, die mit etwas eiligen
579 1498 2969 1695 Schritten an ihm vorbeigehuscht war und mit der bei-
573 1638 2981 1844 nahe mechanischen Raschheit eines jungen Lebemannes,
591 1829 2778 2001 der Abenteuer solcher Art genugsam gewohnt ist,
585 1950 2887 2120 machte er sich daran, sie zu verfolgen. Aber noch
613 2117 2929 2290 bevor er sich dazu entschlossen hatte, das hübsche
610 2250 2969 2447 junge Mädchen mit dem lustig gekrausten blinden Lo-
616 2399 2923 2620 ckenkopf und den lebhaften braunen Augen anzuspre-
613 2575 3023 2723 ehen, war sie bereits in einem Haustor verschwunden.
616 2714 3039 2869 Er war nicht besonders verdriesslich darüber, drehte
637 2863 3020 3023 sich wieder um und setzte seinen früher unterbroche-
634 3008 3057 3193 nen Weg wieder fort. Ein paar Tage später führte ihn
640 3148 2984 3321 der Zufall wieder durch die selbe Strasse, und von
646 3296 3017 3493 einer plötzlichen Erinnerung erfasst, blieb er eine
691 3448 3032 3612 Weile vor jenem Haustor stehen, in welches das Mäd-
