3400 4120
2519 539 2609 672 5
439 740 2854 941 eben mit XIg### einigen höflichen Bemerkungen ein Ge-
436 907 2860 1120 spräch einleiten, als das Mädchen still lächeln mit
495 1012 2891 1269 wohlklingender halblauter Stimme zu ihm sagte: "Also
495 1185 2748 1393 Sie haben wirklich mich erwartet?“ Emil verstand
461 1362 2782 1560 sich sonst auf das Lächeln der Frauen; dieses aber
498 1517 2829 1712 machte ihn ein wenig stutzig, er fühlte sich sogar
480 1668 2971 1860 verstimmt, ohne recht zu wissen warum. "Mein Fräulein,
470 1814 2813 2006 Sie haben doch nicht gezweifelt", begann Emil, und
529 1959 2903 2139 erklärte im Verlaufe seiner weiteren Rede, dass sie
495 2126 2813 2312 überhaupt das einzige Mädchen in der ganzen Stadt
526 2253 2674 2470 welches würdig wäre, erwartet zu werden.
542 2275 693 2355 sei
755 2442 2810 2721 Ihre Antwort darauf hatte etwas Abwehrendes,
504 2581 2826 2857 aber etwas sehr leise Abwehrendes. Da sie sich nun
545 2733 2922 2953 auch weiter nicht zierte, als Emil sich anschickte,
551 2869 2937 3104 sie zu begleiten, wollte es ihn beinahe dunken, als
526 3073 2940 3275 würde er hier sehr leichtes Spiel haben. Er warf ein
532 3172 2863 3429 paar Worte über den abgelaufenen Fasching hin, sie
526 3398 2891 3599 wusste auf alles recht verständig zu erwidern, ohne
542 3550 1792 3733 viel von Geist zu verraten.
