3400 4120
2395 630 2801 782 24/8.82.
507 674 1327 876 Für einen Andern.
652 741 2994 1030 Wenn die Leute nur schlechtweg von der Sache reden
523 914 2997 1182 en, so pflegten sie manchmal recht verwun-
542 1106 2887 1346 derte Fragen zu stellen. "Wie? Emil, der blasierte
529 1216 3060 1491 hübsche Mensch, der ein so verzweifeltes Glück bei den
551 1383 2997 1642 Weibern hat, bemüht sich... Und was noch sonderbarer
599 1535 3028 1784 ist, bemüht sich vergebens?... Und was das allerson-
570 1642 3076 1944 derbarste ist, er bemüht sich vergebens um eine kleine
583 1821 3016 2061 Modistin?“... Und wenn man sie sah und wen man sich
599 1992 3063 2206 ein bisschen näher erkundigte... Nach und nach hatte
633 2130 3072 2385 sich der ganze kleine Kreis, der sich für Emil inter
611 2263 3022 2515 essierte, ein bisschen näher nach Melanie erkundigt,
611 2461 3016 2691 die meisten hatten sie gesehen, und es war bald nie-
655 2590 3013 2811 mand mehr so recht verwundert. Sie war auch in der
633 2745 3035 2972 Tat reizend, und von einer so ausserordentlichen Un-
640 2861 3032 3110 schuld in ihrem ganzen Wesen, wie es im allgemeinen
649 3025 3158 3274 unter den Modistinnen der Vorstadt zur Zeit, wo unsere
659 3199 2987 3435 Geschichte spielt, nicht so häufig gefunden wurde.
2754 3262 2994 3375 25/8.
649 3306 2994 3586 Emil v.W., Attaché bei der F'schen Gesandtschaftam,
684 3482 3022 3744 ein junger Mann von gefälligem und elegantem Wesen
