3557 4648
1533 475 1697 601 -65—
2420 623 3053 759 23.12.1907  53
652 781 1174 906 Lieber Arthur!
1111 840 3031 1004 Danke schön für Deinen Brief. Ich möchte nicht, dass Du
664 969 3000 1114 falsch deutest, was ich über Reinhardts Verhältnis zu Deinen Werken
670 1092 3125 1234 schrieb. Er bemüht sich sehr, ihnen gerecht zu sein, aber ich habe immer
670 1202 3094 1353 das Gefühl, dass ihm das innere Verstehen dafür fehlt, und es ist schon
677 1303 3163 1473 sehr bös.wenn einer sich erst bemühen muss. Aber am guten Willen fehlts
664 1457 3125 1577 ihm sicher nicht. Nur dass dieser dabei leider schliesslich gar nichts
670 1561 3100 1697 nützt. - Der Ritschernüsste gesagt werden, dass sie Anfang Mai oder im
667 1684 3144 1816 September hier sein soll. Die Mildenburg hat einem erkwürdige Macht über
670 1778 3125 1920 sie, sodassie nicht blos aus ihr heraus holen, sondern sogar bis zu ei-
664 1898 3157 2049 nem gewissen Grad in sie hinein pumpen kann. Ihr würde ich das Darstel-
670 2021 3031 2147 lerische ganz überlassen, ohne selbst dreinzureden; bei zweien kommt
683 2143 3132 2279 nichts heraus. Ich abwr würde mit grosser Passion den Strakosch machen
680 2244 3129 2380 und dem Mädel den Rhythmus der Verse einbläuen, wovon ich aus Erfahrung
683 2376 3091 2502 weiss, dass ichs kann. Wenn es trotzdem schliesslich scheusslich wird,
674 2458 3182 2612 können wir nichts dafür. Garantieren könnte ich für die Höflich ja auch
680 2597 3144 2713 nicht, die freilich einen vagen Schimmer von Seele oder Poesie oder wie
677 2716 3185 2864 man xx das nennt für die Rolle hätte, den das Chactische, das die Ritscher
680 2820 2543 2937 sehr stark hat, vielleicht nicht völlig ersetzen kann.
2628 2817 2776 2927 G.H.F.P
1205 2946 2974 3078 Ich selbst habe vor Ansteckungen gar keine Furcht,
689 3053 3217 3192 muss aber auf meine Frauen Rücksicht nehmen, hoffe jedoch, dass ich frühes-
705 3185 3135 3308 tens erst am 15.Januar zu Reinhardt zurückkehre, dass Deine liebe Frau,
692 3273 3119 3421 der ich das Allerbeste wünsche, noch vorher so weit sein wird, dass ich
692 3380 2836 3525 zu Euch kann, was ich Dich bitte, mich gleich wissen zu lassen.
1174 3500 2786 3664 Herzlichst mit den wärmstenWeihnachtswünschen
1168 3648 1366 3812 Dein
