3543 4551
1601 379 1734 561 19-
688 636 3017 713 viel Vergnügen macht, Denn in diesem Falle sind wohl die Berliner
679 679 3082 851 über den absoluten Werth (als die Entfernteren) eher kompetent. Oder
682 842 3042 969 wenigstens bilde ich es mir jetzt ein, was auf dasselbe hinausläuft.
1074 969 3020 1089 Wann schickt Du mir wieder einmal etwas für die “Zeit”?
688 1027 3159 1225 Ich rechne bestimmt darauf, Und was macht Dein Stück? Ich möchte, wegen
685 1175 2326 1367 Neumann-Hofer,baldigst darüber Näheres wissen.
1064 1311 1663 1450 Nochmals dankend
1070 1404 1823 1570 herzlichst Dein alter
2459 1444 2749 1570 Hermann
2428 1644 3002 1848 Wien, 10.11.1897
3063 1715 3193 1836 55
682 1789 1212 1959 Lieber Arthur!
1145 1919 3057 2048 Möchtest Du mirerlauben, bei meiner nächsten Conference
700 2039 3051 2169 (am 28.d.M.) Deine Geschichte aus dem letzten Heft des "CostHopolis"
697 2147 3128 2277 vorzulesen? Ich bilde mir ein, dass ich den Ton treffen werde, und irre
694 2280 3066 2391 ich mich darin nicht, so ist die Wirkung glaub ich sicher. Also, wenn
703 2375 2955 2533 es Dir recht ist, so schreib oder telephonier mir bitte ein Wort.
1178 2493 3202 2644 Und vergiss doch nicht ganz auf die "Zeit", Haft Du nicht
694 2607 3171 2783 wieder was Kleines? Ich würde das neue Jahr sehr gern wieder mit etwas
697 2721 2894 2881 von Dir beginnen. Lass mich wissen, ob ich darauf rechnen kann.
1172 2860 1564 2999 Herzlichst
1178 2974 1558 3122 Dein alter
2428 2962 2891 3137 Hermann Bahr
2437 3218 3002 3360 Wien, 12.11.1897
3085 3264 3242 3424 56
691 3369 1222 3501 Lieber Arthur!
1154 3449 3190 3634 Prinzipiell bin ich der Meinung, dass der Vorleser (wie im
700 3588 3076 3770 Dramatischen der Regissuer) das Recht haben muss, nach seinem Gefühl
700 3659 3110 3832 zu streichen und zu ändern. Aber in Deinem Falle ist mir Dein Wunsch
