5771 4696
2990 451 3169 673 -5-
2145 698 4578 852 der Therapie. Am 30. November sind es hundert Jahre, dass er geboren
2157 795 4656 971 wurde und ich brauche also für diesen Tag ein nicht über sechs Spalten
2157 917 4550 1096 langes, populäres, biographisches Feuilleton. Können Sie mir das ver-
2173 1087 2521 1227 schaffen?
2558 1168 4691 1346 Dabei wiederhole ich die bereits neulich durch Loris vermit-
2170 1287 4684 1412 telte Bitte um irgend eine Novelette, so kurz als möglich, die ich am Ta-
2167 1431 3291 1550 ge Ihrer Première bringen will.
2586 1469 4625 1650 Kann ich bis längstens Ende der nächsten Woche auf den er-
2176 1606 4672 1826 sten der versprochenen Beiträge zur Entdeckung von Wien bestimmt rech-
2170 1816 2358 1963 nen?
2596 1863 3554 2048 In herzlicher Freundschaft
3914 1885 4406 2029 Hermann Bahr
3967 2098 4493 2226 Wien, 3.11.1893
3970 2167 4637 2373 III.Salesianerg.12
2192 2364 2727 2518 Lieber Freund!
2696 2348 4653 2615 Wenn Sie mir nichts anderes geben, will ich es versuchen
2201 2549 4609 2740 den Artifex durchzusetzen. Doch wäre mir aufrichtig gesagt etwas an-
2201 2674 4603 2856 deres lieber. Aber das Wichtigste bleibt, dass Sie mir endlich etwas
2208 2765 4641 2934 für den Wiener Spiegel senden - nun haben Sie einmal versprochen. nun
2204 2859 4559 3031 hilft Ihnen nichts mehr. Sie müssen in den sauren Apfel beissen und
2217 3009 4615 3169 bitte vergessen Sie mir auch nicht das Feuilleton über Schönlein zu
2217 3197 2568 3310 besorgen.
2712 3178 3520 3341 Mit herzlichen Grüssen
2709 3313 3109 3491 Ihr treuer
3970 3303 4468 3473 Hermann Bahr
3995 3491 4594 3645 Wien, 30.12.1893
2217 3626 4634 3820 Möchten Sie mir, lieber Freund, morgen Vormittag noch sagen lassen, in
2236 3767 3648 3974 welchem Kostüm man da eigentlich kommt.
4005 3789 4227 3945 Bahr
