3560 4632
1719 437 1857 631 49-
798 650 3089 819 Ich gern später einmal Dein Urteil darüber haben. Es ist möglich,
807 810 3129 961 dass ich den Abzug noch einmal, etwa in zwölf Tagen, brauchen werde.
2387 902 2569 964 sehr
1183 933 2864 1069 Verzeih die Hast, mir gehts gar nicht gut.
1177 1041 2867 1183 Herzlichst mit vielen Grüssen an Deine Frau.
2667 1164 2784 1324 H.
2535 1383 2889 1488 11.8.1904
3074 1395 3219 1506 120
792 1506 3191 1623 Bitte, lieber Arthur, schreib mir auf der angebogenen Karte die genaue
785 1599 3114 1697 Adresse des Dr.Stefan Epstein, dem ich auf eine Anfrage nach Saint-
788 1691 3114 1826 Briac geantwortet hab, was er aber nicht bekommen zu haben scheint.
1109 1811 2190 1937 Deine Frau herzlichst grüssend
1103 1925 1500 2064 Dein alter
2519 2011 2630 2113 H.
2529 2224 2941 2387 19.10.1904
3074 2341 3216 2479 121
776 2356 1361 2513 Lieber Arthur!a
1235 2455 3225 2606 Leider reise ich eben nach Ragusa. Hoffentlich nächstens
801 2590 3169 2713 einmal. Deine Frau, die ich herzlichst grüsse, soll jedenfalls zu den
785 2701 3265 2837 Schwestern Flöge gehen.Mariahilferstrasse 1 (Casa piccola),die für die
782 2815 2011 2966 meinige herrlich gearbeitet haben.
1204 2929 1605 3089 Herzlichst
2476 2908 2593 3083 H.
2479 3154 3062 3317 Pola, 21.10.1904
779 3265 2350 3440 Herzlichst mit vielen Grüssen an Deine Frau.
3139 3277 3283 3459 122
