3557 4648
1478 530 1788 713 —66—
1088 545 1240 691 V. P.
2061 545 2203 731 1m
527 514 1035 694 Von tädtigen und überallen werden.
2402 657 2761 892 3.6.1908
2950 694 3136 861 154
685 799 1221 1010 Lieber Arthur!
1134 855 3158 1081 Nur geschwind herzlichsten Dank für Deinen Roman. Darüber
685 1050 3021 1190 müssen wir einmal lange reden. Bis ich erst mit meinem fertig bin,
688 1159 2070 1314 in dem ich jetzt über die Ohren stecke.
1137 1277 3089 1413 Eiligst herzlichst mit den allerbesten Grüssen an Deine
691 1429 1075 1556 liebe Frau
1153 1460 1323 1596 Dein
2408 1456 2702 1645 Hermann.
2467 1714 2913 1862 Wien XIII./7
2464 1822 2804 1915 18.1.1909
3003 1738 3155 1989 165
682 1884 1249 2061 Lieber Arthur!
1193 1971 3173 2157 Danke schön für Deine so liebe Karte. Ich komme eben vom
700 2151 3158 2262 Semmering (wo ich übrigens Deinen Bruder Julius stolz im Nizza Express
707 2240 3133 2380 vorüber sausen sah), hab einen scheusslichen Hexamschuss,sitz in einem
707 2371 3170 2504 durch Ueberschwemmung aus einem geplatzten Wasserrohr fast demolierten
700 2498 3167 2622 Haus und soll in zwei Tagen nach Dresden zur Strauss-Elektra-Première
703 2587 3167 2742 weshalb ich, Dir herzlichst für Deinen guten Willen dankend, Dich bitten
703 2727 3027 2845 muss, Deine so liebe Absicht erst auszuführen, bis ich nächste Woche
713 2820 3105 2962 von Dresden zurück, halbwegs in Ordnung und auch mit den drei letzten
703 2925 3124 3077 Kapiteln meines neuen Romans aus dem Rohesten bin, worauf ich anzufan-
707 3052 3139 3204 gen hoffe, wieder einem Menschen zu gleichen. Ich freue mich unendlich
710 3189 3080 3313 auf Dich, ich hab Dir ja so viel,so viel zu sagen und manchmal ist
703 3288 3173 3427 mir schon ordentlich hang nach Dir. Nur hat sich mein Leben allmählig
713 3418 3145 3536 so merkwürdig gestaltet, dass ich mir schon wirklich manchmal vorkomme
713 3523 3210 3666 nicht mehr auf der Erde zu sein, sondern nur noch ein hinterher, nebenbei
722 3638 3182 3811 irgendwo mitsausendes, nachwirbelndes Gehängsel! Grüss Deine liebe Frau
716 3703 3117 3935 herzlichst von mir, auch den Sohn, Herrn Sohn muss man jetzt wohl bald
722 3883 1162 4035 schon sagen.
1209 3908 1980 4087 Herzlichst immer Dein
2488 3926 2786 4093 Hermann
