3512 4631
1564 489 1784 685 -52-
2456 499 2769 675 Votre très bien de l'auteur.
712 734 1583 883 werd aussprechen können.
1084 805 3042 976 Sehr leid tut mir, dass ich Samstag nicht zu Euch kommen
703 951 3110 1106 kann 1) weil ich Hugo versprochen habe, nach Rodaun zu kommen und 2)
709 1053 3159 1205 weil Ich auch dort absagen muss, weil ich 3) gerade jetzt, bei frohester
712 1180 3101 1335 innerer Genesung (der Teufel soll den Trebitsch holen, der die schön-
716 1307 3147 1428 sten Worte so beschmutzt, dass einem graust, sie anzurühren), äusserlich
712 1381 3184 1549 in einem rechten Durcheinander lebe, den ich nicht ändern kann und nicht
719 1508 3005 1642 ändern möchte, kurz: so sehr ich mich wirklich sehne, wieder einmal
712 1620 3023 1775 ruhig bei Euch zu sitzen, jetzt gerade gehts in den nächsten Tagen
719 1790 1199 1908 leider nicht.
1097 1815 3156 1992 Herzlichst danke ich auch für den Gruss Deiner lieben Frau
725 1985 2936 2125 und erwidere ihn herzlichst. Ich wünsche mir sehr, dass sichs so
728 2116 3073 2277 treffen möchte, dass wir doch zwei drei Tage in Lueg beisammen sind.
1103 2246 1490 2397 Dein alter
2453 2243 2568 2391 H.
2450 2487 2809 2664 21.1.1905
3060 2540 3197 2682 126
716 2636 1242 2754 Lieber Arthur!
1177 2695 3159 2868 Hast Du irgend etwas Kurzes, womöglich unediert oder doch
725 2813 3063 2989 in Wien noch nicht gelesen, und womöglich lustig, am liebsten in der
731 2936 3091 3085 Art von "Exzentrik", was Du mir zum Vorlesen in der Herwayvorlesung,
731 3020 3172 3212 für die ich eingefangen worden bin,geben könntest? Mir geschähe damit
737 3200 1428 3339 ein grosser Dienst.
1186 3271 3190 3417 Ich höre, dass bei Such die Influenza herumzieht,und will
743 3407 3231 3559 schon längst immer kommen, hab einen rechten Wirrwarr in mir. Doch jetzt
737 3534 2013 3664 müssen wir uns einmal wieder sehen.
1193 3575 2927 3794 Mit vielen herzlichen Grüssen, auch an Deine Frau,
1196 3748 1369 3832 Dein
2475 3732 2785 3872 Hermann
