3560 4632
1644 499 1813 687 -51-
797 699 1352 881 Sonne und Meer.
1087 804 3187 979 Entschuldige den verworrenen Ton dieses Briefes,grüsse Frau
807 939 2719 1081 Olga und den Heinrich herzlichst und sei es selbst von
1078 1062 1330 1222 Deinem
2494 1065 2792 1216 Hermann
2497 1302 3143 1450 14.12.1904, Nachts
3091 1422 3257 1549 125
797 1425 1330 1582 Lieber Arthur!
1250 1509 3125 1672 Ich hab Dich nach der Symphonie heut überall gesucht,
807 1644 3236 1801 aber Du warst wie in die Erde versunken. So lass mich Dir schriftlich
807 1767 3190 1900 geschwind (denn ich bin todtmüd vor Musik, gestern auch nach Walküre,
810 1897 3180 2026 die mich so wahnsinnig aufgeregt hat, dass ich heut erst in der Früh
807 2010 3263 2155 gegen fünf einschlafen konnte) herzlichst für Deinen lieben Brief dan-
797 2115 3103 2247 ken. Es ist möglich, dass Du recht hast (mit dem, was Du über Deine
804 2235 3162 2411 Intention sagst, hast Du natürlich gewiss recht,fraglich bleibt nur,
810 2355 3199 2481 ob nicht bei der Ausführung, Dir selbst unbewusst, etwas von einer Un-
816 2475 3199 2608 tergrundstimmung in Dir, die sich nach dem Philister sehnt, eingeflos-
804 2602 3174 2749 sen ist), ich musste mein Gefühl eben einmal aussprechen, mit einiger
813 2712 3165 2836 Schärfe, die nicht Dir gilt, sondern mir selbst, einer inneren Schwäche
800 2814 3143 2959 in mir selbst, an der ich Jahre lang gelitten habe (Manches, was ich
804 2943 3236 3079 jetzt im "Franzl" nicht mehr mag und diese blödsinnige letzte Szene
807 3066 3180 3193 des "Apostels" ist aus ihr! und von der ich mich nur durch eine er-
807 3171 3054 3303 bitterte Anrufung meiner innersten Instinkte frei gemacht habe.
807 3242 3276 3411 ganz frei freilich erst, seit ich mit dem Tode so vertraut bin,seit der
810 3393 3110 3556 Tod wirklich mein bester Freund geworden ist, der einzige nämlich,
816 3494 3208 3664 den ich mir noch wirklich verdienen will, aber über dies alles einmal
807 3611 3177 3775 mündlich in einer guten Stunde, denn es ist & tiefer, als sich so hin-
810 3713 3190 3907 schreiben lässt, viel "tiefer als der Tag gedacht", Tristan-tief, wo
807 3852 3220 4012 Du es jetzt, im zweiten Akt, viel schöner finden wirst, als ichs jemals
