3554 4631
1622 465 1778 621 —80—
2389 608 3028 808 Salzburg, 9,2,1921
3078 699 3222 864 184
661 761 1191 889 Lieber Arthur!
1113 830 3203 998 Herzlichsten Dank für Deinen lieben Brief! Aber als er kam,
664 995 3137 1110 war mein für das Journal vom 20. bestimmtes Tagebuch schon abgegangen.
667 1082 3178 1232 Wenns irgend geht, hoff ich aber dennoch des verehrten Mannes und seines
671 1157 3150 1322 Geburtstages zu gedenken,wenn auch post festum.— Ich lese jetzt Deinen
664 1276 3141 1456 Namen so oft – erinnerst Du Dich denn, dass ich der erste war, der "Rei-
680 1428 3038 1578 gen" Öffentlich vorlesen wollte, ja sogar bis zu Körber selber ging,
677 1525 3078 1737 um es durchzusetzen, leider vergebens? - Ich wäre sehr froh, Dich bald
683 1650 1718 1803 einmal endlich wiederzusehen!
1166 1722 2557 1971 Dich und die Deinen herzlichst grüssend
1170 1881 1562 2021 Dein alter
2442 1937 2748 2090 Hermann
2376 2158 2985 2305 München, 9.6.1922
3038 2177 3159 2389 185
683 2311 1216 2448 Lieber Arthur!
1138 2361 3047 2532 Herzlichsten Dank für Deine mich herzlichst erfreuende
689 2507 3059 2670 Karte! Ich hatte vor,Dir zu diesem ominösen Tag, der mir am End auch
695 2632 3056 2760 noch bevorsteht, nicht blos öffentlich, sondern auch direkt zu sagen,
705 2701 3103 2863 ein welch wichtiger Besitz meines Lebens Dein Vorhandensein ist: ein
708 2857 3141 2988 Reichtum. Aber es ging beim besten Willen nicht. Auszudrücken, was ich
714 2950 3194 3103 wirklich empfinde, war nie meine starke Seite und xx je älter ich werde,
705 3100 3178 3253 desto mehr kommt mir alles, so bald es ausgesprochen wird, verlogen vor.
711 3209 2975 3353 Ich denke den ganzen Sommer (ausser am 11.-13.August, wo ich nach
714 3321 3047 3437 Salzburg,und am 27.-30. August, wo ich nach Heidelberg soll) hier zu
714 3412 3084 3608 sein und es wäre mir eine grosse Freude, Dich endlich wiederzusehen.
1120 3524 1896 3758 Herzlichst Dein alter
