3560 4424
1383 344 1816 556 -16-
707 344 830 527 P. D.
2428 467 2990 710 Wien, 17.12.1896
3088 575 3246 745 48
685 619 1222 849 Lieber Arthur!
1178 707 3170 938 Kannst Du mir den Titel Deiner Novelle sofort mitteilen?
688 890 3230 1115 Sie soll nämlich annonciert werden. Mit Ungeduld erwartet das Manuscript
1175 1070 1604 1216 Dein treuer
2422 1074 2602 1314 H.B.
2434 1288 2993 1531 Wien, 21.12.1896
3101 1446 3233 1613 49
688 1434 1228 1686 Lieber Arthur!
1187 1531 3132 1756 Leider konnte ich,wie ich Dir telephonieren liess, heute
698 1721 3098 1844 nicht zu Dir kommen. Bitte, schicke mir gewiss morgen das Manuscript,
695 1822 2371 1958 ich komme sonst in die schlimmste Verlegenheit.
1184 1945 2005 2087 Mit herzlichen Grüssen
1190 2081 1607 2204 Dein treuer
2438 2131 2725 2277 Hermann
2485 2352 3041 2517 Wien.23.12.1896
3158 2466 3277 2630 50
714 2535 1244 2674 Lieber Arthur!
1200 2614 3151 2747 In aller Eile, mitten zwischen Korrekturen und Schreibe-
707 2722 3104 2886 reien, möchte ich Dir nur geschwind sagen, dass ich die "Frau des Wei-
733 2873 3079 3031 sen" gestern abends sofort gelesen und von ihr eine wirklich schöne
717 2981 3044 3113 und reine Wirkung gehabt habe. Nun kann ich Dir erst recht danken,
729 3056 3009 3224 dass Du mir ein so theueres Geschenk für die „Zeit“ gegeben hast.
723 3186 3044 3353 Sie ist schon inder Druckerei, Montag hast Du die Korrektur, an ihr
720 3322 2125 3486 kannst Du noch ganz nach Laune ändern.
1247 3445 1629 3577 Herzlichst
1254 3549 1434 3720 Dein
2498 3584 2678 3757 H.B.
