3575 4455
1609 379 1709 543 —
671 546 3095 765 Dir gebracht haben. Was ist denn aus dem "greisen Dichter" geworden?
1273 721 1910 910 Herzlichst grüsst
1308 862 1731 1032 Dein treuer
2415 872 2804 1054 Hermann B.
2829 884 3224 1060 No copy of
1970 1041 2628 1248 Wien, 24. Sept. 1896.
696 1129 1223 1286 Lieber Arthur!
1176 1220 3262 1367 Besteh Dank für Deine liebe Gratulation - an dem Stück 42
696 1333 3208 1493 ist ja nichts, ich habe nur einmal probieren wollen, ob man mit dem blos-
693 1455 3111 1672 sen Verstande ein "gutes Theaterstück" schreiben kann, und es scheint
696 1578 2195 1772 fast, dass mir das für Berlin gelungen ist.
1217 1722 1603 1860 Herzlichst
1248 1844 1436 1992 Dein
2471 1838 2772 1992 Hermann
2478 2054 3017 2208 Wien, 8.10.1896
3114 2189 3237 2315 41
703 2224 1236 2377 Lieber Arthur!
1195 2327 3224 2456 Ich habe Brandes sofort ausführlich geschrieben. Ich kann
715 2421 3186 2572 ihm belegen, dass ich den Artikel von einer ihm und mir bekannten, sehr
715 2547 3202 2697 angesehenen Berliner Dame erhielt, als aus einem Buche stammend, das den
715 2622 3237 2823 nächsten Winter erst deutsch erscheinen soll, von ihm autorisiert, ja mit
721 2741 3208 2939 der Ermächtigung, für ein besonderes Honorar das Fragment als Original-
721 2898 2286 3048 artikel zu bringen. Ich bin also unschuldig.
1211 2951 3117 3155 Dir danke ich jedenfalls sehr, dass Du so lieb gewesen
728 3117 3249 3284 bist, mich gleich zu verständigen. Interessiert Dich die Sache, so kannst
721 3227 3108 3403 Du die ganze Korrespondenz mit der Berlinerin in unserem Copierbuche
728 3390 982 3547 lesen.
1226 3378 3130 3613 Was macht Deine Hovelle? Ich rechne bestimmt auf sie!
731 3557 2738 3757 Auch bin ich sehr neugierig, was aus dem "Freiwild" wird.
1258 3679 2776 3886 Nochmals dankt herzlich, mit besten Grüssen
2484 3782 2782 3930 Hermann
1270 3829 1436 3939 Dein
