3607 4632
1541 421 1726 581 —72—
2435 597 2722 712 Wien XII
2438 689 2799 830 15.11.1910
2946 632 3134 814 169
677 715 1206 967 Lieber Arthur!
1142 897 3131 1050 Ich habe jeden Tag zu Dir kommen wollen, nie wars möglich,
677 996 3032 1178 nun muss ich morgen wieder auf Vorlesungen fort, bis zum 5. Dezember.
1139 1117 2974 1283 Lass mich Dir also kurz schreiben, was ich Dir lieber
693 1235 3044 1411 ausführlich gesagt hätte: warum ich nämlich den Gedanken aufgegeben
686 1350 3019 1529 habe, über Dein Stück im Neuen Wr.Journal, unabhängig von der ersten
683 1471 2847 1637 Aufführung, bei der ich ja leider nicht sein kann, zu sprechen.
1130 1583 3137 1742 Ich habs in London gleich gelesen und dann hier noch ein-
699 1679 3143 1864 mal. Beide Male war der Eihruck derselbe. Ich habe mich sehr stark für
702 1800 3147 1982 den Medardus selbst interessiert, der mir kein halber, sondern ein Sech-
699 1889 3067 2065 zehntelheld,eben darin ein vollkommenes Exempel des Wieners zu sein
702 2030 3051 2205 scheint. Wie es aussieht, wenn ein Wiener zur tragischen Figur wird,
705 2125 3038 2291 das finde ich an diesem Fall wunderbar dargestellt. Allerdings ist
705 2247 3268 2422 das Missverständnis möglich, der Autor habe selbst einen tragischen Helden
712 2355 3163 2515 zeichnen wollen. Ich glaube das nicht und werde darin durch die Schil-
718 2460 3105 2620 derung der anderen Wiener im Stück bekräftigt. Diese Schilderung hat
715 2543 3217 2760 freilich erst dann auf mich gewirkt, als ich mir die Mühe nahm, das Stück
718 2709 3143 2885 im Geiste sozusagen zu inszenieren und es mir Szene für Szene auf der
718 2811 3143 2981 Bühne vorzustellen. Ich rechne ihm das als einen Vorzug an,es ist ein
721 2946 3140 3105 durchaus bühnenmässiges Stück, das dargestellt noch ganz anders wirken
718 3073 3147 3207 muss als aus dem Buch. Wenn es nämlich wirklich dargestellt wird, wenn
724 3140 3169 3322 es bühnenmässig gelöst wird! Und da kam nun, als ich die Besetzung las,
718 3274 3217 3463 meine Hauptsorge. Ich würde herzlich wüschen, dass och mich völlig irre.
731 3389 3220 3533 Wie ich aber diese Herrschaften, die jetzt im Burgtheater herumdilettie-
731 3520 3214 3689 ren, und die dortigen hilflosen Inszenierungen kenne, muss ich fürchten,
734 3644 3054 3801 dass sie aus Deinem Stück eine Karikaturmachen werden. Wäre ich nun
734 3743 3131 3957 selbst bei der Première, so konnte ich schreiben: Das was Ihr gestern
