3554 4631
3060 394 3199 549 182
1491 450 1652 611 -79—
2306 598 3004 766 Salzburg, 25.8.1918
660 744 3038 896 Herzlichsten Dank, lieber Arthur, für Deinen lieben Brief - Frau Kainz
660 840 3088 1017 verhiess uns immer Euren ersehnten Besuch und wir warteten den ganzen
660 967 3044 1119 Sommer auf Euch, leider vergeblich. So bald ich in Wien bin, melde ich
660 1079 3022 1274 mich bei Dir, um gleich in den ersteh Tagen einmal zu Dir zu kommen.
660 1187 3150 1345 Bis dahin (wo wir denn auch über Deinen Musiker sprechen) mit den herz-
666 1342 2744 1476 lichen Grüssen von uns Beiden an Dich und Deine liebe Frau.
1256 1448 1646 1578 Dein alter
2393 1457 2688 1649 Hermann
2368 1674 2892 1876 Wien, 24.9.1918
3026 1807 3140 1944 183
685 1776 1612 2006 Sehr geehrter Herr Doktor,
1054 1938 3057 2068 Hermann Bahr hat mich gebeten Ihnen zu sagen, dass ein Be-
694 2046 3125 2186 schluss vorliegt, die Generalproben vorläufig nicht mehr öffentlich ab-
688 2170 3069 2297 zuhalten und nur die Vertreter der Wiener Tagespresse und Mitglieder
694 2238 3140 2452 des Hauses einzuladen. Es ist ihm sehr schmerzlich, dass er infolge der
691 2384 3162 2520 Verreisung des Generalintendanten und Major Michels bis zu diesem Frei-
701 2502 3013 2647 tag eine Ausnahme für Sie, hochgeehrter Herr Doktor, wird nicht mehr
698 2616 3072 2750 erreichen können. Bahr glaubt aber sicher, dass das für die kommenden
691 2722 3081 2892 male nach einer Intervention bei Exo. Andrian ohne weiteres wird ge-
701 2840 3013 2995 schehen können. Dass es ganz seinen Wünschen entspricht, und es ihm
707 2948 3184 3091 sehr lieb und wertvoll wäre, Arthur Schnitzler dabei zu wissen, soll ich
698 3066 2759 3264 Ihnen, sehr geehrter Herr Doktor, noch ganz besonders sagen.
1091 3202 1916 3360 In grösster Hochachtung
1885 3184 2226 3429 ergebenst
2449 3274 2830 3438 Buschbeek
2434 3708 2948 3946 Ajer’ St. d. Jare
