3559 4439
1628 338 1745 528 15.
2440 506 3000 711 Wien. 11.11.1896
3070 566 3224 727 46
680 610 1214 822 Lieber Arthur!
1170 762 3221 917 Ich werde mich sehr freuen, Dich bei mir zu sehen. Donners-
686 888 3022 1046 tag, Freitag, Samstag bin ich zur angegebenen Zeit, von 11-1, meistens
683 977 3164 1113 nicht daheim. An den anderen Tagen ist es ziemlich sicher, dass Du mich
683 1113 3228 1261 triffst, am sichersten natürlich, wenn Du noch so freundlich bist zu tele-
686 1223 3089 1366 phonieren. Ich wohne jetzt IX. Porzellangasse 39.4.Stock.mit Aufzug.
673 1347 3032 1489 Komme bald; ich lass Dich dann nicht mehr fort, bis Du mir die neue
677 1457 1615 1622 Novelle zugeschworen hast.
1198 1574 1596 1729 Herzlichst
1236 1710 1423 1802 Dein
2418 1691 2608 1871 H.B.
2425 1925 2991 2112 Wien, 16.12.1896
3085 1992 3234 2178 47
667 2067 1211 2229 Lieber Arthur!
1125 2175 3035 2352 Anbei das Stück; ich bin sehr neugierig, was Du sagen
680 2317 2630 2450 wirst; - an Hugo schicke ich gleichzeitig ein Exemplar.
1129 2415 3215 2538 Wichtiger ist mir Deine Novelle. Ich möchte sie so bald als
673 2513 3063 2655 nur irgend möglich haben; wenn es mögich, möchte ich sie nämlich in
673 2624 3196 2776 die zwei Agitationsnummern vom 24.d. und 2.n.M. geben. Vielleicht sagst
670 2741 3133 2912 Du dem Ueberbringer ein Wort,ob und wann ich mir das Manuscript holen
677 2874 1938 3038 lassen darf, oder telephonierst mir.
1167 3013 1568 3145 Herzlichst
1195 3126 1397 3253 Dein
2463 3177 2719 3319 Hermann
