5047 4711
2753 470 3173 699 3-4-
3301 505 3615 712 V. E. W.
2329 505 2492 687 "    "
2157 640 4539 862 dann ohnehin zu Innen, um Ihnen wegen des Regimentsarztes zu danken
2173 777 4662 988 und Sie zu fragen, in welcher Weise es für mich angemessen ist, mich bei
2166 972 3113 1122 dem Herrn zu revanchieren.
2702 1050 3655 1229 In grosser Hast Ihr treuer
4304 1041 4489 1185 Bahr
2169 1194 3790 1376 Schreiben Sie uns doch einmal ein Feuilleton!
4151 1395 4499 1508 17.9.1893
4148 1464 4684 1608 Salesianerg.12
2185 1442 2718 1605 Lieber Freund!
2643 1580 4724 1781 Hätten Sie Dienstag oder Mittwoch Abend von 8-10 etwa Zeit
2191 1705 4699 1900 für mich? Ich muss Sie sprechen, aus tausend privaten Gründen und einem
2204 1825 4724 2000 journalistischen, der es mich wünschen liesse, dass Sie auch Beer-Hofmann
2223 1956 4549 2097 (dessen Adresse ich leider nicht weiss) mitzukommen bitten würden.
2201 2053 4690 2226 Ich habe schon wieder so entsetzlich viel zu tun, dass ich durchaus die
2204 2160 4107 2364 Zeit nicht finde, einmal Nachmittag zu Ihnen zu gehen.
2671 2323 3207 2477 Herzlichst Ihr
4195 2317 4461 2458 H. Bahr
2216 2455 4329 2640 Ein Rendezvous im Griensteidl, etwa um 8, wäre das bequemste.
4113 2624 4480 2781 20.9.1893
2235 2831 2756 2994 Lieber Freund!
2680 2853 4771 3079 Ich konnte leider heute vor 4 nicht frei werden, doch hoffe
2242 3035 4179 3220 ich Sie bestimmt morgen um 3 Uhr am Burgring zu sehen.
2696 3191 3091 3364 Herzlichst
4276 3113 4471 3333 Bahr
4044 3295 4599 3521 Wien, 25.10.1893
4047 3480 4709 3659 III.Salesianerg.12
2260 3637 2909 3818 Verehrter Freund!
2862 3696 4693 3916 Der Mann, um den es sich handelt, heisst Johann Lukas
2267 3793 4699 4069 Schönlein. Er ist der Begründer der sog.naturhysterischen Schule in
