3543 4631
1482 463 1765 704 Lae¬
2500 634 3049 848 27.4.1904
774 790 1308 982 Lieber Arthur!
1216 896 3140 1064 Herzlichsten Dank für Deinen Brief, der sich mit meinem
780 1055 3152 1213 an Dich gekreuzt hat. Ich wollte nun heute Abends nach Hietzing kom-
771 1180 3165 1299 men. Da mir nun aber Gerty schreibt, Hugo sei auf dem Semmering, denke
784 1262 3165 1430 ich, dass Du wohl nicht kommen wirst, und bitte um ein anderes Rendez-
784 1424 3030 1524 vous, da ich Dich sehr gern vor Deiner Abreise noch sehen möchte.
1232 1503 2521 1637 Mit den besten Grüssen an Deine Frau
1235 1622 1634 1762 herzlichst
2439 1619 2835 1848 Hermann B.
2479 1887 2838 2037 27.7.1904
3098 1927 3226 2091 118
790 2015 1314 2183 Lieber Arthur!
1244 2122 3244 2262 Ich bin einige Zeit ganz in mein neues Stück verloren ge-
805 2244 3259 2372 wesen, das jetzt fertig ist. Eben hiess es, dass Du nach Reichenau bist.
790 2369 3128 2491 Nun geh ich morgen auf acht oder zehn Tage nach Salzburg, Bayreuth,
790 2479 3235 2610 München. Zurück, will ich mich gleich bei Dir melden, um endlich wieder
811 2576 2823 2726 einmal mit Dir zu sein, wonach schon sehr verlangt Deinem
1213 2704 2905 2848 Dich und Deine liebe Frau herzlichst grüssenden
2527 2814 2826 2951 Hermann
2497 3030 2832 3177 5.8.1904
3122 3091 3210 3247 19
802 3177 1338 3341 Lieber Arthur!
1293 3265 3247 3445 Mir war furchtbar leid.Dich verfehlt zu haben. Passt es
811 3399 3079 3534 Dir, wenn ich Dich Samstag gegen sieben hole? Ich will Nachmittag
811 3494 3223 3640 zu Salten und wir könnten dann zusammen, wo Du willst, soupieren. Anbei
814 3604 3244 3780 send ich Dirden Abzug einer Arbeit, die erst in September oder Oktober
826 3750 3207 3963 erscheint. Haft Du Zeit und siehst sie Dir gelegentlich an, so möcht
