3541 4696
1545 547 1714 722 -81-
2323 667 2937 870 München, 18.2.1930
3131 734 3278 873 186
731 759 1263 1026 Lieber Arthur!
1192 860 3094 1103 Wenn ich Dir für die grosse Freude, die mir Dein lieber
740 1020 3165 1220 Brief bereitet, nur ganz kurz danke, so musst Du das mit meinem elenden
750 1149 3217 1297 Zustand entschuldigen: ich bin seit Jahren schon immer wenn der Februar
750 1269 3152 1447 beginnt und so lange bis der April kommt, krank, sozusagen von oben bis
750 1392 3162 1527 unten uns durch und durch krank; eben jetzt lag ich wieder eine Woche
750 1515 3091 1644 zu Bett, und das Schlimmste daran ist, dass meine Sehkraft schwindet,
753 1592 3174 1742 ich bin auf dem rechten Auge schon erbindendund das linke will schon
759 1684 3174 1868 auch nicht mehr recht seinen Pflichten genügen. "In Bereitschaft sein
756 1862 2833 2031 ist alles", nun ich bin bereit, aber es ist nicht angenehm.
1174 1957 3238 2080 Deine Bücher habe ich alle, besonders die Sprüche und Beden-
756 2059 3171 2234 ken sind mir vertraut und wenn ich nicht mit allem "einverstanden" bin,
759 2209 2175 2381 so weiss ich mich in alles "einzufühlen"
1180 2298 3165 2470 Sag's nicht wueiter, wenn ich Dir gestehe, dass von Jahr zu
768 2406 3171 2602 Jahr mein Heimweh nach Wien wächst, fast so stark wie das meiner Frau,
765 2523 3149 2676 die vor Sehnsucht, in Wien zu wirken, fast vergeht. Aber Wien ist ver-
774 2645 2805 2839 gesslich und so werden wir wohl in der Verbannung sterben.
1186 2738 3162 2922 Herzlichst Dein gedenkend, auch die paar Freunde, die noch
768 2851 1923 3076 meiner gedenken,bestens grüssend
1198 3017 1988 3180 Dein alter, allzu alter
2529 2986 2857 3143 Hermann
3174 3112 3321 3285 187
2510 3220 3143 3374 München, 20.3.1930
787 3377 1678 3567 Mein lieber Arthur!
1413 3392 3168 3635 Woltun bringt Zinsch, aber ich bin undankbar genug,
787 3586 3146 3761 Dir die Woltat, die mir Dein lieber Brief erweist, übel zu vergelten:
796 3693 3152 3884 durch Jammern über mein Münchner Ungemahh. Du fragst, warum wir nach
796 3810 3235 4043 München übersiedelten? Wir waren Beide "stellungslos", als ich zur Lei-
