3543 4551
1476 415 1819 663 -28-
2409 559 2981 804 Wien, 10.10.1896
3053 679 3229 870 44
660 744 1197 974 Lieber Arthur!
1169 785 2994 1027 Ich erhalte eben anonym die beiliegende Kritik zuge-
679 980 3022 1134 schickt, warum, wozu, von wem, weiss ich nicht; aber Dich interessiert
1288 1125 1392 1260 G.C.F.P.
688 1128 1225 1260 sie vielleicht.
1209 1203 1781 1376 Herzlich grüsst
1250 1344 1674 1480 Dein treuer
2431 1338 2890 1492 Hermann Bahr
2441 1583 2968 1759 Wien, 5.11.1896
697 1750 1225 1878 Lieber Arthur!
3097 1772 3245 1922 45
1187 1822 3012 1973 Von ganzem Herzen gratuliere ich Dir zu dem grossen
700 1907 3078 2114 Erfolg von "Freiwild", der mir eine ausserordentliche Freude gemacht
704 2029 3229 2196 hat. Nun möchte ich, sobald Du zurück bist, mit Dir sprechen, was man denn
722 2149 3170 2350 tun kann, und soll, um eine Wiener Aufführung durchzusetzen. Ich glaube,
713 2252 3122 2441 mit einiger Schlauheit wird das möglich sein. Bitte, telephoniere mir
710 2434 1866 2582 also, wann ich Dich treffen kann.
1238 2497 3188 2657 Dann möchte ich aber auch wissen, was mit Deiner Novelle
722 2636 3138 2808 ist. Es wäre mirs ehr wichtig, sie so zu bekommen, dass ich mit ihr im
722 2733 3223 2893 Januar beginnen kann. Das ist die beste Zeit und es soll auch sonst al-
729 2852 3235 3047 les geschehen, um Dir den "Aufenthalt" in meinem Blatte angenehm und be-
719 3006 1392 3176 haglich zu machen.
1250 3094 3204 3232 Ueber das alles möchte ich recht bald mit Dir sprechen.
1247 3239 1649 3367 Herzlichst
1250 3345 1445 3471 Dein
2475 3367 2774 3502 Hermann
