3559 4567
1572 437 1815 643 -31-
2856 476 3254 683 84
2458 634 2850 829 30.12.1901
783 807 1317 929 Lieber Arthur!
1247 886 3226 1029 Danke sehr für Deine liebe Karte. Du könntest mir aller-
795 992 3226 1129 dings in Berlin einen sehr, sehr grossen Dienst erweisen,wenn Du gele-
798 1117 3120 1269 gentlich mit Brahm über mich sprechen und ihm klar machen würdest,
798 1220 3129 1381 dass ich, bei allem, was man gegen mich sagen kann, doch schliesslich
801 1345 3126 1505 auch Jemand bin und dass ich gern in ein,wenn auch kühles, doch an-
804 1454 3190 1593 ständiges Verhältnis gegenseitiger Duldung und bedingter Anerkennung
804 1593 3102 1721 zu ihm kommen möchte. Ich leide sehr unter meiner Erfolglosigkeit
804 1706 3169 1812 in Deutschland und bin schon so bescheiden geworden, dass ich es als
804 1788 3175 1942 einen grossen Erfolg empfinden würde, wenn er sich nur entschliessen
807 1927 3132 2046 könnte, ein Stück von mir anzunehmen und aufzuführen, meinetwegen in
804 2043 3202 2173 der schlechtesten Zeit, weil es mir dabei gar nicht auf die Tantièmen
810 2152 3199 2267 ankommt, sondern auf den "literarischen Stempel", den nun das Deutsche
819 2249 3175 2401 Theater einmal seinen Autoren gibt und der mir noch immer fehlt, und
813 2358 3202 2525 darauf, von seiner "Clique" ernst genommen zu werden. Er hat mir über
816 2458 3205 2634 den "Krampus" sehr anerkennend gesprochen,ihn aber schliesslich lei-
819 2568 3241 2774 der doch abgelehnt; ich werde ihn nun einladen, der Hamburger Première
847 2686 3062 2847 (am 12. oder 13.Januar) beizuwohnen; freilich ohne viel Hoffnung,
631 2816 917 2908 DATES DES ACTES
3093 2813 3351 2947 de mon frere.
431 2780 555 2914 xx
2489 2804 3008 2889 Die wiederholt geistet werden.
822 2810 3114 2974 ihn noch umzustimmen. Aber vielleicht bringst Du inn doch so weit
826 2947 3071 3084 dass er sich, wenn ich ihm wieder ein Stück schicke,es wenigstens
822 3084 2552 3193 mit nicht im Vorhinein feindlichen Augen ansieht.
1172 3159 3147 3314 Aber bitte, thu das nur, wenn es sich leicht machen lässt,
826 3320 1785 3457 ohne Dir uabequem zu sein.
1178 3390 3162 3554 Ich bin riesig neugierig auf Samstag; mehr auszusprechen
832 3545 1867 3678 verbietet mir mein Aberglaube
1175 3633 1939 3703 Herzlichst Dein alter
2531 3624 2653 3727 H.B.
829 3642 3266 3827 Prosit Neujahr! - Den Novelli, der über den "Kakadu" noch immer nichts
835 3791 2464 3933 hören liess, habe ich gestern dringend gemahst.
