3541 4696
3097 377 3298 563 let.
711 699 2584 958 Aus Bahrs Tagebuch (Neues Wr. Journal, 22.Februar 1931)
730 1100 3144 1258 ... Verlockt es keine deutsche Zeitschrift, den Versuch der "Latinité"
723 1221 3165 1379 nachahmend, unsere Dichter um ihr Urteil über einen hervorragenden Kol-
726 1335 3218 1468 legen zu verhören, zum Beispiel Arthur Schnitzler: er wird bald siebzig,
733 1428 3113 1586 wäre dies nicht ein willkommener Anlass, die nachrückende Jugend über
733 1561 3082 1709 ihr Verhältnis zu ihm zu verhören, nicht als ob wir von ihr über ihn
730 1669 3060 1805 Neues erfahren könnten, aber ihr Urteil über ihn würde uns übr sie
736 1740 3067 1935 mancherlei verraten; was wir uns von ihr nicht im Traume beykommen
739 1898 2192 2049 lassen. Wer wagt dieses Rundgespräch?...
