5000 4697
2953 511 3175 664 1 -2—
3705 622 4623 810 22.2.1892, Freitag Mittag.
2121 826 2667 965 Lieber Freund!
2629 791 4505 1089 Das Mauserl will nicht, absolut nicht. Alles mögliche
2134 1029 4597 1168 Schöne und Gute könnte man von ihr haben - nur gerade das eine nicht,
2143 1127 4629 1289 was wir brauchen. Sie sagt übrigens sehr vernünftige Gründe und inner-
2134 1280 3245 1429 lich muss ich ihr Recht geben.
2629 1410 3026 1534 Herzlichst
4032 1375 4223 1594 Bahr
3664 1676 4286 1842 Anfang März 1892
2146 1864 2588 1991 Lieber Dr.!
2629 1867 4235 2092 Reicher erwartet Sie heute 10 Uhr bei Sacher.
4042 2054 4242 2203 Bahr
3686 2248 4207 2375 Wien, 18.3.1892
3683 2353 4213 2511 III.Heumarkt 9
2169 2457 2702 2651 Lieber Freund!
2677 2550 4747 2692 Man erzählt mir soeben, dass es für meine Augen ein unfehl-
2188 2696 4661 2877 bares Mittel gibt: das ist Jod, innerlich genommen. Ich habe leider in
2191 2797 4629 2956 dennächsten Tagen keine Minute frei und kann unmöglich zu Ihnen kom-
2200 2858 4696 3058 men. Bitte, seien Sie doch nett und schicken Sie mir ein entsprechendes
2194 3016 4553 3172 Rezept, aber eine gehörige Dosis, Sie kennen doch meine Ochsennatur,
2200 3137 4750 3308 die nur auf die stärksten Effekte reagiert. Nehmen Sie im Voraus meinen
2203 3289 3588 3477 herzlichsten Dank Ihres treu ergebenen
4061 3286 4254 3518 Bahr
3788 3505 4277 3753 1692 (27 5 92)
2648 3616 4623 3912 Ich habe mit Ihnen und Loris in einer lit.Angelegenheit
2207 3683 2623 3842 Lieber Dr.
2232 3842 4613 4007 zu sprechen und komme deshalb morgen Samstag 3 Uhr mit C. zu Ihnen,
2226 3969 3061 4118 bitte, seien Sie daheim.
3048 3972 3445 4143 Herzlichst
4051 4020 4254 4147 Bahr
