3544 4472
1549 340 1700 535 -11—
2563 399 2668 563 1
658 547 1119 677 wie überall.
745 529 3094 788 Ferner teile ich Dir mit, dass Langkammer für das "Märchen"
662 742 3119 896 begeistert ist, bei der neuen Fassung (und einigen geringfügigen Aende-
662 862 3045 998 rungen) einen Erfolg für sicher hält und die Aufführung des Stückes
668 977 3138 1107 beim Direktionsrat gleich nach der Generalversammlung beantragen wird.
680 1094 3045 1243 Vorher will er es nicht, weil einer der Hauptpunkte gegen Müller die
674 1193 2788 1373 Ueberladung des Theaters mit schon aufgeführten Stücken ist.
1091 1357 1487 1493 Herzlichst
1450 1441 1861 1614 Dein treuer
2408 1453 2804 1635 Hermann B.
2464 1694 2955 1855 Wien,3.3.1896
686 1867 1199 1994 Lieber Arthur!
1187 1864 3091 2015 Der inliegende Brief von Erich Schmidt dürfte Dich um
3122 1873 3240 2000 36
696 1985 3141 2148 seines letzten Satzes willen interessieren. Wenn Du ihn gelesen hast,
699 2121 1688 2266 bitte, schicke ihn zurück an
1221 2210 2340 2374 Deinen Dich herzlich grüssenden
2473 2315 2773 2458 Hermann
2451 2529 2980 2717 Wien, 14.3.1896
1209 2726 3175 2909 besten Dank für Deine Zeilen. Ich sehe ein, was Du sagst,
711 2739 1196 2869 Lieber Arthur
3196 2717 3308 2931 37.
720 2832 3091 3020 und will Dir durchaus nicht drängend die Stimmung verderben. Jeden-
723 2980 3094 3147 falls halte ich das am 4. April erscheinende Osterheft für Dich frei
723 3085 3212 3274 und eventuell auch das nächste. Angenehm wäre es mir, wenn Du mich etwa
733 3199 2995 3366 bis zum 23.d. benachrichtigen wolltest,wie meine Chancen stehen.
1255 3329 1827 3478 Herzlichst Dein
2501 3385 2794 3539 Hermann
