3529 4648
1225 442 1423 698 "    "
1541 512 2004 698 -54-
2985 533 3107 713 131
2461 701 3058 859 München, 5.8.1905
728 829 3119 1011 Einstweilen herzlichsten Dank für Deinen lieben Brief. Mit allem an-
734 957 3074 1106 deren magst Du recht haben, mit Besenius nicht. Für mich müsste das
731 1066 3141 1215 Stück eigentlich Besenius heissen, da sein Thema ist: 1) Was kann ein
734 1185 3083 1322 wirklicher Mensch heute werden? Antwort: Besenius. 2) Wie wird man
728 1301 2440 1429 Besenius? Wenn man Heinrich ist und dies erlebt,
1158 1432 1554 1569 Herzlichst
2471 1426 2580 1560 H.
2480 1639 2833 1809 17.9.1905
3092 1721 3226 1840 32
2906 1758 3150 1910 Original
3110 1819 3320 1928 missing
740 1788 1273 1953 Lieber Arthur!
1212 1873 3229 2041 Ich war sehr verstimmt Dich heute verfehlt zu haben – ich
762 2004 3186 2154 bin sonst Vormittag fast immer zu Haus, nur heute musste ich ins Jubi-
759 2120 3135 2273 läumstheater.da dieses,seines Patriotismus wegen,ausersehen ist, den
777 2254 3223 2379 "Klub der Erlöser" zu bringen, den ich Dir nächstens schicke, er ist ei-
762 2373 3165 2513 ne Parallele zu "Unter sich", Nun habe ich sogleich den "Ruf des Le-
768 2443 3098 2629 bens“ gelesen. Ich danke Dir herzlichst für die Absicht, ihn mir zu
774 2592 3177 2726 widmen, und Du machst mir eine sehr grosse Freude,wenn Du es wirklich
777 2675 3196 2851 tust. Sein "Gesinnung" (ich find im Augenblick nur dieses dumme Wort)
771 2818 3150 2961 hat mich sehr ergriffen und in dieser ungeheueren Angst, die er aus-
771 2912 3068 3086 drückt und mitteilt, der Angst das Leben zu versäumen,das einzige,
777 3019 3150 3196 das Höchste, geht er mir sehr nahe, ja ich glaube, dass Du noch nie so
780 3168 3211 3323 tief in das Gemüt unserer Generation und ihre letzte Sehnsucht einge-
786 3287 3122 3418 drungen bist. (An meinem "armen Narren", von dem ich nur noch kein
783 3400 3092 3549 Exemplar für Dich frei habe, und einem kleinen Kainzbüchel, das bei
792 3506 3196 3668 Freund kommt, wirst Du sehen, dass mir dies gerade dies und eigentlich
792 3628 3159 3796 nur dies allein unser eigentliches problem scheint, von dem mir alle
798 3750 3186 3911 anderen unserer Forderungen oder Fragen nur Abwandlungen der Varia-
798 3844 3159 4055 tionen scheinen). Was nun die Ausführung betrifft, einstweilen unter
