3549 4632
1430 482 1570 659 -75—
634 581 2972 774 Februar wieder Vorlesungen), bis ich an 1.März in Salzburg Arenberg
640 780 1517 933 schloss zu landen hoffe.
1216 877 1800 1020 Herzlichst Dein
2403 923 2642 1079 Herman
640 989 1685 1250 Schönste Grüsse an Frau Olga!
2419 1262 3075 1421 Salzburg, 7.12.1912
3006 1359 3155 1495 175
647 1346 1169 1592 Lieber Arthur!
1100 1436 3112 1673 Ich war sechs Wochen unterwegs, jeden Abend in einer ande-
659 1573 2963 1794 ren Stadt auf dem "Brettl", so komme ich nun hier erst dazu, Deinen
656 1704 3037 1918 lieben Brief zu beantworten. An Altenberg kann ich mich nicht betei-
653 1831 3037 1971 ligen. Ich tu nach meinem Gefühl genug für andere, für anonyme Armut,
671 1962 3078 2095 die mich braucht und ohne mich sich keinen Rat wüsste, während der Be-
675 2011 3121 2201 trag, den ich dem guten Peter geben könnte, für ihn nichts bedeuten würde
671 2157 3099 2319 und er tausendfach Gelegenheit hat, sich ihn zu beschaffen. Misversteh
675 2254 3012 2447 mich nicht: ich schätze Altenberg als Dichter sehr, aber als "Armen"
668 2403 2540 2568 gar nicht, auf diesem Gebiet leisten andere viel mehr.
1082 2468 3031 2642 Ich freu mich sehr über alle Deine Erfolge und habe das
2328 2593 2434 2652 Dir
684 2608 2972 2776 gute Gefühl, dass Du nun "in Fülle" hast, was Du xxx ja gewünscht.
684 2723 3053 2900 Möge es Dir so bleiben! Und auch Deiner lieben Frau und den Kindern
684 2866 1744 3028 wünsch ich immer alles Beste!
1104 2941 2555 3112 Mit den schönsten Grüssen von uns Beiden,
1100 3115 1505 3252 Dein alter
2450 3149 2729 3295 Hermann
2431 3339 3087 3504 Salzburg, 16.4.1913
3115 3367 3274 3587 176
703 3423 3062 3662 Lieber Arthur! Ich erhielt eben einen etwas verworrenen Brief Peter
718 3584 3214 3752 Altenbergs, worin er mich anfleht,ihn zu retten, der im Steinhof "wie ein
712 3706 3146 3989 giftiges irrsinniges Tier behandelt und zu Tod gequält werde. Es ist
