3607 4632
1540 484 2039 702 —56-
2587 508 3123 675 1/3 33
2473 634 2837 822 20.9.1905
736 785 1266 976 Lieber Arthur!
1192 875 3043 1075 Ich hab nun auch das Zwischenspiel gelesen, mit einem
752 1047 3049 1238 sehr grossen, artistischen Vergnügen. Es ist eine reizende Komödie
748 1164 3148 1303 und ich finde es wunderbar, wie Du in die Form des alten Burgtheater-
752 1278 3182 1432 stückes die feinste Psychologie und unsere neuesten Probleme gebracht
755 1395 3120 1555 hast. Mich stört nurmanchmal der (gewiss beabsichtigte) Caféhauston
755 1497 3098 1648 zwischen den beiden Freunden, eine Art von philosophisch wienerisch
761 1623 3129 1805 jüdischer Schnoddrigkeit, die in früheren Jahren mir vielleicht noch
767 1734 3126 1934 geläufiger als Dir war, aber seien wir froh, dass es vorbei ist! Mehr
758 1823 3237 2014 noch stört mich Dein Fürst. Warum musst Du einen sich in einer heiklen
773 1971 3049 2141 Situation sehr nett benehmenden Menschen in eine Kaste versetzen,
761 2070 3139 2248 in welcher Rohheit die Regel, sittlicher Takt unbekannt ist? Und wie
770 2178 3163 2381 unangenehm wird einem die Frau, die sich von so einem hofieren lässt!
773 2304 3160 2446 Aber dies alles mündlich. Könnte ich nicht nächste Woche einmal Vor-
776 2393 3216 2578 mittag auf ein paar Stunden zu Dir kommen? An Abenden macht sichs zu
782 2550 2070 2729 schwer. Grüss Deine Frau herzlichst!
2550 2587 2735 2707 H.B.
2486 2713 2864 2938 4.10.1905
3046 2778 3194 2981 134
779 2972 1309 3098 Lieber Arthur!
1238 3037 3191 3203 Diese Woche gehts nun leider gar nichtNach Deiner Pre-
792 3154 3172 3329 mière musst Du so lieb sein, mir einen Vormittag zu bestimmen. Anbei
801 3323 1324 3468 mein Einakter.
1244 3394 2741 3554 Mit den herzlichsten Grüssenan Deine Frau
1260 3536 1552 3696 eiligst
2513 3545 2627 3662 H.
