3576 4584
1574 468 2029 669 -22-
895 514 1038 685 1
2447 629 2995 796 Wien, 1.12.1898
3079 654 3231 793 G B
703 784 1245 923 Lieber Freund!
1165 880 3088 1016 Nimm meine herzlichsten Glückwünsche zu Deinem grossen
706 1013 3057 1127 Erfolg, ich hab mich riesig gefreut! Nun noch etwas. Ich möchte den
712 1131 3184 1282 verbotenen "Kakadu" gern für die "Zeit" haben. Stell Deine Kosmopolis-
706 1248 3172 1406 Honorarforderungen,ich hoffe, sie durchzusetzen. Darf ich mir das Manu-
719 1391 1199 1499 script holen?
1196 1416 1589 1580 Herzlichst
1193 1617 1394 1762 Dein
2484 1632 2794 1759 Hermann
2463 1837 3243 2026 Wien, 14.12.1898 64
709 1992 1233 2125 Lieber Arthur!
1171 2097 3138 2209 Seit Montag will ich zu Dir, um Dir zu sagen, dass Du mir
719 2205 3206 2332 mit Deinen Zeilen eine sehr grosse Freude gemacht hast; leider bin ich
725 2314 3135 2441 noch immer nicht dazu gekommen und so thue ich es jetzt schriftlich,
728 2428 3206 2559 um es nicht noch länger zu verschleppen. Ich danke Dir von ganzem Her-
731 2571 3212 2673 zen. Bitte, vergiss nicht, dass ich einen Deiner Einakter für die "Zeit"
725 2645 3175 2850 haben möchte und dass es mir wichtiger wäre,bald zu wissen, wann unge-
728 2831 1673 2949 fähr ich ihn bringen kann.
1186 2918 1772 3057 Nochmals dankend
1180 3026 1744 3203 herzlichst Dein
2466 3048 2775 3197 Hermann
2484 3209 3011 3441 Wien, 10.2.1899
3141 3351 3293 3494 65
737 3426 1267 3578 Lieber Arthur!
1152 3417 3240 3698 Bitte, lies meinen diesmaligen Artikel. Ich schlage da vor,
746 3658 3094 3770 dass die Autoren bei ihren Premièren nicht mehr erscheinen sollen.
737 3732 3042 3934 Willst Du so lieb sein, mir darüber in zwei Zeilen, die ich in der
