3576 4584
1557 458 1745 613 —35—
765 622 3169 792 nerinnen“ weiter gegeben wurde, dass aber der eigentliche Zug dieses
780 731 3114 901 im Oktober 1900 zum ersten Mal aufgeführten Stückes im Jänner 1901
774 856 3068 1062 bereits vorüber war. 3) Dass in Wien am Burgtheater der "Apostel"
783 974 3156 1184 im November und Dezember 1901 zehn Mal gegeben,die Tantièmen hiefür
789 1102 3123 1284 erst am 4.Januar verrechnet,erst im Februar von mir behoben wurden
786 1184 3129 1381 und also nicht pro 1901 fatiert werden konnten. Und nun rechne Dir
789 1299 3226 1502 meine Reichtümer aus! Roman oder Hovelle habe ich 1901 keine geschrie
795 1502 962 1660 ben.
1354 1536 1727 1703 Herzlichst
1351 1678 1742 1818 Dein alter
2495 1672 2789 1888 Hermann
3074 1754 3187 1912 91
2470 1927 3111 2064 Berlin, 15.10.1902
807 2076 1326 2231 Lieber Arthur!
1260 2094 3205 2304 Herzlichsten Dank! In einer Zeitung las ich: Halm hätte
819 2276 3205 2458 als Dr. Mohn Deine Maske gehabt. Wahr ist, dass er einen blonden Voll-
819 2425 3044 2559 bart trug,aus lauter Angst,in die Maske Sudermanns zu gerathen.
819 2522 3211 2668 Dass es ganz albern wäre,einem spöttelnden Salon-Kritiker Deine Züge
816 2589 3132 2807 zu geben, brauche ich Dir ja nicht erst zu sagen. Die Leut sind so
829 2801 1050 2926 blöd!
1281 2804 1678 2959 Herzlichst
1281 2935 1478 3096 Dein
2495 2904 2789 3144 Hermann
2543 3187 2938 3332 20.11.1902
3184 3181 3317 3348 92
841 3326 1375 3511 Lieber Arthur!
1296 3323 3184 3581 Herzlichen Dank - das war wirklich sehr lieb von Dir.
847 3533 3090 3724 Ich will immer einmal zu Dir kommen, aber,aber! Der Journalismus
853 3700 1439 3861 frisst mich auf!
1314 3818 1918 3939 Nochmals dankend
1351 3909 1536 4015 Dein
2562 3861 2856 4037 Hermann
