3557 4648
1546 489 1811 685 -67-
2404 669 2764 808 10.5.1909
2887 669 3022 839 156
634 773 1171 921 Lieber Arthur!
1095 880 3079 1013 Lass Dir den jungen Dichter, der Dir diese Zeilen bringt.
653 1003 1701 1158 herzlichst empfohlen sein von
1136 1136 1590 1271 Deinem alten
2445 1174 2906 1360 Hermann Bahr
653 1303 1991 1473 Und die schönsten Grüsse an Frau Olga!
2912 1420 3070 1565 157
2410 1536 3038 1704 Venedig, 18.6.1909
637 1631 1174 1808 Lieber Arthur!
1098 1685 3070 1887 Hoffentlich ist Dir "Drut" sowie mein "Tagebuch" richtig
653 1880 3111 2010 zugekommen. - Wir sind seit drei Wochen hier und gehen wir nächste Wo-
656 2000 2978 2142 che nach Bayreuth.- Grüss Deine verehrte liebe Frau und habt einen
650 2117 1202 2268 schönen Sommer!
1098 2221 1868 2385 Herzlichst Dein alter
2373 2256 2836 2398 Hermann Bahr
2407 2442 3073 2612 Bayreuth, 28.6.1909
653 2584 3004 2729 Dank schön, lieber Arthur, für Deine so lieben Zeilen! Ichdenke, dass
659 2732 3032 2843 dann vielleicht nicht blos Du sagen wirst: Schad! Oft denke ich das,
656 2833 2931 2985 Hoffentlich gehts Deinem Buben schon wieder gut. Hier ists jetzt,
650 2959 3187 3067 noch ganz ohne "Fremde" (und die "Künstler" findet auch nur, wer sie sehr
659 3064 3180 3215 sucht), unbeschreiblich schön und man spürt in dieser einzigen Landschaft
659 3187 3038 3310 doch, dass es uns Deutsche schon was ist, dort was aus der Erde wächst
666 3306 1921 3439 (aber nicht in Prag). Wärst Du hier!
1129 3420 1934 3556 Hier könnte man reden.
1133 3534 2344 3682 Grüss herzlichst Deine liebe Frau.
1129 3666 2455 3814 In alter, sehr wirklicher Freundschaft
2480 3647 2780 3836 Hermann
