3540 4567
1638 446 2181 686 -30-
2206 510 2524 673 1.  ƒ
1019 470 1159 637 10.
2466 655 2873 828 27.10.1901
3046 661 3204 825 82
874 795 953 928 G.C.F.P.
1074 786 1608 940 Lieber Arthur!
1077 907 3140 1050 Für Deinen lieben Brief danke ich Dir sehr. - Die Pantomime
758 995 3201 1177 finde ich sehr, sehr schlecht; ich habe sie nur abgedruckt, um den Ber-
765 1147 3158 1271 linern mitzuteilen, dass ich schon 1892 en plein naturalisme Pantomi-
761 1256 2934 1399 men gemacht habe (wie übrigens Du und Hugo und Richard auch).
1077 1371 3110 1490 Mit Baron Berger habe ich lange über Deine Stücke gespro-
780 1487 3161 1605 chen; er hält die "letzten Masken" und "literatur" für "Meisterwerke
768 1578 3146 1744 ersten Ranges“, während er für das Soenische der "Frau mit dem Dolch
765 1717 1605 1863 Angst zu haben scheint.
1165 1799 3137 1942 Wenn Du mit Bukovics nicht energischer bist, sage ich Dir
780 1942 2724 2069 voraus, dass Du in dieser Saison nicht mehr dran kommst.
1192 2036 3107 2178 Rasend war ich über Goldmanns Feuilleton "Einsame Men-
774 2169 2685 2306 schen“. Das sollte wirklich polizeilich verboten sein.
1186 2297 1581 2427 Herzlichst
1186 2406 1371 2551 Dein
2448 2451 2767 2594 Hermann.
2451 2688 2840 2824 29.10.1901
2897 2676 3207 2840 83
240 2788 428 2928 a état d'autres
634 2715 771 2876 Mais le
1459 2736 1590 2885 Votre
2570 2809 3301 2949 I. E. Achtbauter.
780 2840 1295 2970 Lieber Arthur!
1232 2943 3055 3076 Ich glaube, Berger ist noch hier; Du kannst es,da er
780 3040 3146 3192 Telephon hat, sofort erfahren.- Gustl-Guttmann ist echt. Es gibt nur
789 3179 1893 3331 ein Wien, besonders für Dichter.
1235 3295 1617 3434 Herzlichst
1241 3413 1420 3543 Dein
2454 3395 2928 3549 Hermann Bahr
