3528 4455
3148 400 3272 614 38.
2547 505 3080 710 Wien, 18.6.1896
728 607 1270 824 Lieber Arthur!
1227 731 3257 899 Ich möchte, bevor Du fortfährst, gern noch einmal anfragen,
744 877 3189 1026 ob Du Dich nicht doch entschliessen könntest, mir eine Novelle von Dir
738 1013 3213 1153 für die "Zeit" zu geben. Vielleicht hast Du jetzt etwas, das Dir geeig-
747 1103 2358 1280 net scheint. Wann könnten wir davon plaudern?
1255 1227 1875 1379 Herzlichst Dein
2510 1199 2811 1456 Hermann
2525 1444 3021 1633 Wien, 4.9.1896
3133 1559 3232 1720 34
744 1611 1274 1816 Lieber Arthur!
1249 1714 3195 1859 Ich habe sehr bedauert, Deinen lieben Besuch verfehlt zu
747 1875 3201 1992 haben. Morgen kann ich Nachmittag nicht in der Redaktion sein, sondern
750 1971 3201 2095 nur von 12 bis ½2, Mohtag bin ich von 5-6,Dienstag von 4-6 da. Wenn Du
756 2082 3096 2219 mir aber telephonierst, wann Du zu Haus bestimmt zu treffen bist, so
753 2200 3189 2340 komme ich zu Dir. Denk einstweilen nach,ob Du nicht ein "Feuilleton"
756 2327 2857 2439 über Euer Zusammensein mit Peter Nansen schreiben möchtest.
1236 2439 1875 2600 Herzlichst grüsst
1831 2550 2023 2711 Dein
2504 2544 2795 2767 Hermann
2470 2764 3000 2944 Wien, 20.9.1896
3176 2904 3300 3086 40
756 2928 1286 3096 Lieber Arthur!
1283 3009 3080 3179 Seit gestern zurück, ist meine erste Frage nach Dir
781 3161 3074 3322 (der Satz ist nicht ganz grammatikalisch, sondern erinnert noch an
762 3251 3257 3418 Schliersee). Bist Du schon hier? Bitte um ein telephonisches Wort, wann
762 3387 3142 3560 ich Dich aufsuchen darf. Ich möchte nämlich nun ernstlich über eine
762 3545 3133 3675 Novelle,Skizze oder was Du willst, für die "Zeit" mit Dir sprechen.
772 3604 3158 3867 Es ist geradezu eine Schande für uns, dass wir noch immer nichts von
