3559 4567
1541 446 1707 552 -25-
1697 459 2668 693 „ „ 4 „ 9 „ 5 „ —„ —: —: -: 4„
721 643 3076 846 scheint. Das soll übrigens durchaus kein Nein sein. Mehr mündlich
730 808 1516 945 ich komme bald zu Dir.
1245 914 1616 1073 Herzlichst
1251 1033 1435 1189 Dein
2452 1033 2752 1229 Hermann
2455 1220 2845 1395 21.12.1900
3161 1289 3270 1438 71
718 1410 1248 1572 Lieber Arthur!
1173 1479 3235 1675 Bukovios sagt mir, es sei über den Volkstheaterabend dieses
724 1638 3136 1782 Jahr noch nichts beschlossen. Ich mache Dich nur aufmerksam, dass bei
733 1744 3170 1897 dem späten Anfang (1-11), der elenden Bühne (meistens Ronacher) und der
727 1863 3114 2025 kaum zu bändigenden Tanzlust hier nur ganz einfache und rohe Sachen
736 2016 1002 2150 wirken.
1151 2053 3070 2225 Für die lieben Worte Deines Briefes danke ich Dir sehr
736 2212 1860 2371 und bin, Dir das Beste wünschend,
1154 2346 1529 2465 Dein alter
2502 2296 2799 2508 Hermann
733 2474 3098 2640 Hofrath Burckhard möchte sehr gern ein Exemplar der Beatrice haben;
736 2640 1959 2774 kannst Du ihm nicht eins schicken?
2477 2836 2827 3001 23.1.1901
727 2983 1257 3136 Lieber Arthur!
1195 3067 3192 3223 Ich habe die "Marionetten" gestern nachts sogleich gele-
746 3192 3220 3351 sen und mich diebisch amüsiert. Sie sind einfach grossartig. Bei einer
736 3285 3223 3463 Vorlesung oder in einem kleinen Theater bürge ich für einen sehr star-
743 3413 3248 3569 ken Erfolg. Im Volkstheater ist allerdings der Raum dafür sehr ekelhaft
749 3522 3136 3688 und noch ekelhafter ja unsere Premièrejuden - aber man muss es halt
746 3682 2031 3822 wagen. Manuscript in ein paar Tagen.
1204 3785 1772 3934 Herzlichst Dein
2490 3775 2789 3925 Hermann
