3559 4583
2978 422 3116 543 avant
1708 499 1819 632 27.
2491 638 2864 798 25.4.1901
2996 644 3184 808 76
749 780 1304 931 Lieber Freund!
1199 897 3237 1033 Danke sehr für die Zusendung Deines Romanes und die römi-
755 1020 2333 1134 sche Karte, die mich sehr neidig gemacht hat.
1211 1063 3240 1242 Samstag gehe ich zu jener Vorstellung,habe aber den Namen
758 1239 3073 1353 Deines Schützlings vergessen und bitte Dich, ihn mir per Postkarte
752 1369 1208 1498 mitzuteilen.
1211 1464 1600 1609 Herzlichst
1215 1606 1406 1708 Dein
2503 1550 2811 1785 Hermann
2512 1782 2867 2028 22.6.1901
3073 1911 3237 2090 77
761 1945 1295 2130 Lieber Arthur!
1224 2007 3187 2232 Ich denke mir zwar, dass Du die lächerliche Entscheidung
774 2195 3135 2321 Deine "Affaire" mit der ruhigen Verachtung hingenommen haben wirst,
774 2321 3246 2451 die sie verdient, möchte Dir aber doch aussprechen, wie stark ich gerade
777 2423 3187 2577 bei diesem Anlasse meine Sympathie für Dich gespürt und wie ich mich
777 2565 3150 2676 geschämt habe, in einem so grenzenlos albeeren Lande zu leben, wo die
777 2654 3089 2780 Feigheit der Menschen beinahe noch grösser ist als ihr Neid. Pful
774 2793 3123 2928 Teufel! Und alles Gerede von "Cultur" usw. kommt mir unsagbar dumm
789 2938 949 3052 vor.
1236 2959 1979 3086 Herzlich grüsst Dich
1221 3061 1624 3197 Dein alter
2521 3095 2987 3243 Hermann Bahr
2574 3317 2901 3474 5.7.1901
3110 3360 3289 3557 78
789 3462 1319 3613 Lieber Arthur!
1242 3548 3246 3705 Ich danke Dir herzlich für Deinen lieben Brief. Ich habe
786 3668 3166 3835 neulich mit Hugo davon gesprochen, wie es mich freut, zu Dir endlich
786 3782 3261 3952 ein aufrichtiges und gutes Verhältmis gefunden zu haben und zu empfin-
