3607 4632
860 417 1005 661 ..
1531 519 1772 682 -57-
2838 438 2983 637 10: 4
2388 495 2484 658 "  "
2430 649 2829 815 13.10.1905
2874 706 3019 915 135
706 803 1102 954 Telegramm.
712 878 2442 1066 Herzlichst grüsst Dich Dein getreuer Fürstenfeind
2442 999 2895 1180 Hermann Bähr
2415 1238 2859 1371 Wien XIII./7
2421 1331 2759 1440 29.1.1906
2983 1352 3103 1506 136
718 1434 1247 1624 Lieber Arthur!
2983 1446 3242 1576 Original
1174 1531 3309 1684 Ich habe den "Ruf des Lebens" sogleich mit der xxx Be- missing
724 1660 3149 1814 zeichnung "von mir angenommen" nach München geschickt und mir die Ge-
724 1787 3133 1920 nehmigung des Intendanten als mir besonders wichtig dringend erbeten.
728 1869 3155 2059 Eben kommt sein Brief, der sie verweigert, angeblich aus Bedenken gegen
737 2010 3058 2155 den zweiten Akt. Es ist das nur ein Glied in der Kette von kleinen
737 2119 3106 2267 Gemeinheiten, durch welche man mich jetzt aus meinem Kontrakt hinaus-
740 2264 2149 2379 ekeln will, was vermutlich gelingen wird.
1147 2355 2216 2506 Mit vielen Grüssenan Frau Olga
1153 2475 1712 2620 herzlichst Dein
2451 2497 2753 2653 Hermann
2430 2705 2750 2856 4.2.1906
3022 2768 3158 2934 137
740 2850 1268 2989 Lieber Arthur!
1186 2922 3082 3103 M i r hat der Intendant die Genehmigung für den "Ruf"
755 3046 3043 3212 verweigert, was aber nicht ausschliesst (da es offenbar nur zu den
758 3155 3152 3342 Chicanen gehört, welche mich hinausekeln sollen), dass er ihn, wenn ich
752 3275 3130 3466 bis dahin meinen Vertrag gelöst haben sollte, nach einem Berliner Er-
752 3429 1757 3589 folge sehr gern nehmen wird.
1208 3478 3161 3686 Grüss Salten und Brahm herzlichst. Hoffentlich sehen wir
761 3653 1796 3816 uns dann doch endlich einmal.
1241 3761 1639 3924 Herzlichst
2490 3795 2783 3958 Hermann
