3526 4631
1509 534 1678 713 -60-
666 688 3119 944 danken und werde mich sehr freuen, wenn sie mir erlaubt, ihr gelegentlich
666 895 1320 1043 eines zu bringen.
1027 981 2073 1185 Mit vielen herzlichen Grüssen
1006 1141 1191 1271 Dein
2345 1157 2650 1308 Hermann
2391 1373 2798 1512 Wien XIII/7
2394 1490 2727 1638 11.1.1907
2921 1468 3066 1626 143
1654 1518 1758 1610 G.C.F.P.
651 1598 1172 1740 Lieber Arthur!
1108 1703 3079 1832 Ich war vierzehn Tage auf dem Semmering und bin nun seit
651 1832 3085 1928 Dienstag hier,für etwa zwölf Tage, mit dem Vorsatze: 1. Das Regiebuch
657 1937 3119 2058 von Hedda Gabler zu machen, deren Proben am 24.d.beginnen sollen. 2. Zu
660 2052 3110 2160 versuchen, ob mein neues Stück schon so weit ist, dass sich mir ungefähr
663 2166 2912 2298 ein Szenarium ergibt, welches dann im Sommer ausgearbeitet werden
666 2264 3076 2375 soll, und 3. einmal mit Dir,Richard und Salten zusammen zu sein, einmahl
651 2354 3014 2496 mit Kainz, gelegentlich auch Fred und Handl zu sehen, sonst aber mich
657 2462 3008 2604 zu verstecken. Dies ist es,was ich "incognito" nenne. Meine Absicht
663 2582 3017 2730 war, Dir vorzuschlagen, ob ich nicht nächste Woche einmal von elf bis
660 2687 3051 2847 drei bei Dir sein und dort vielleicht auch gleich Salten und Richard
666 2841 3147 2959 treffen könnte. Dass Du nun aber Sonntag Vormittag zu mir kommen willst
657 2952 2986 3057 ist mir sehr erwünscht, stört mich gar nicht, freut mich riesig (ich
657 3033 2986 3181 kann Dir nur nichts zu essen geben, weil ich keine Köchin habe) und
657 3162 2160 3304 wir können dann alles Mögliche besprechen.
1070 3292 2776 3406 Mit den herzlichsten Grüssen an Deine liebe Frau
1070 3412 1459 3545 Dein alter
2351 3452 2641 3594 Hermann
654 3572 3045 3730 Ps. "Ringelspiel" und "Grotesken" hast Du hoffentlich richtig bekom-
654 3674 833 3785 men?
