3560 4551
1763 491 1898 636 1o; 1o;
3070 520 3208 761 51
2450 584 3006 796 Wien, 22.3.1897
674 723 1207 912 Lieber Arthur!
1169 825 3163 1012 Altenberg nicht,wenn es nicht sein muss - bei aller Ver-
687 957 3086 1108 ehrung seiner schönen Begabung. Aus "Opportunität" nicht.- Ich komme
687 1079 3070 1230 also Mittwoch um 10 zu Dir. Ich muss aber bis morgen Dienstag Abend
687 1191 3035 1365 die Titel haben, damit Donnerstag (Feiertag) die Ankündigung in den
681 1275 3263 1471 Blättern sein kann. Schreibe mir also die Titel von Hirschfelds Geschich-
700 1442 3099 1574 te sowie von Deiner, von Hugo wollen wir einfach "Gedichte" annoncie-
697 1541 3044 1699 ren. Reihenfolge: Hirschfeld, Hugo, Du, ich - nicht? Programme müssen
690 1692 1609 1846 Mittwoch gedruckt werden.
1188 1789 1567 1936 Herzlichst
1195 1895 1930 2062 in grosser Eile Dein
2479 1914 2762 2058 Hermann
2492 2126 3022 2290 Wien, 23.3.1897
3141 2184 3272 2328 52
706 2264 1236 2437 Lieber Arthur!
1204 2351 3198 2530 Hugo schreibt mir eben ab, möchtest Du so lieb sein,heute
726 2514 3208 2665 noch mit Altenberg zu reden, ob er mit uns lesen will? Ich habe erstens
726 2585 3202 2768 heute bis tief in die Nacht keine freie Minute, zweitens auch gar keine
723 2691 3173 2890 Lust mehr,da alle Beteiligten so tun, als ob ich sie zwänge,mir gefäl-
739 2810 3211 3009 lig zu sein, da ich doch gar nichts davon als Verdruss und Aerger habe.
735 2945 3012 3131 Auch ich werde es mir schliesslich abgewöhnen, wohltätig zu sein.
1252 3105 1776 3269 Morgen bei Dir
1262 3240 1818 3394 herzlichst Dein
2476 3247 2669 3381 H.B.
