3529 4631
1605 490 1780 665 —47—
3002 613 3186 778 113
2509 628 2852 757 11.3.1904
763 751 3223 885 Danke für Deinen lieben Brief. Mir geht es langsam besser. Fahr jeden-
766 861 3205 1057 falls über Dalmatien! Ragusa ist schöner als alles Italien und selbst
763 1026 1838 1195 Spanien. Grüsse an Deine Frau.
1268 1103 1676 1305 Herzlichst
2494 1149 2809 1305 Hermann
2494 1363 3064 1529 Athen, 16.3.1904
3097 1382 3229 1615 114
769 1532 2938 1682 Du musst hieher. Herzlichst mit vielen Grüssen an Deine Frau.
2515 1599 2803 1719 Hermann
2509 1820 2868 2019 23.4.1904
775 1991 1302 2172 Lieber Arthur!
1235 2031 3110 2197 Ich bin zurückmöchte Dich bald sehen, höre leider, dass
778 2142 3208 2359 man nicht zu Dir darf, hoffe den Jüngling jedoch bald genesen und bit-
3107 2319 3226 2466 115
787 2292 2430 2509 te Dich dann um ein Wort, wann ich Dich treffe.
1232 2420 2402 2610 Mit vielen Grüssen an Deine Frau
1232 2528 1808 2730 herzlichst Dein
2528 2570 2819 2705 Hermann
797 2675 3232 2849 Ueber Deinen Pariser Riesenerfolg, von dem Dr.Epstein erzählte, hab ich
790 2837 1464 2975 mich sehr gefreut.
2494 3009 2865 3180 24.4.1904
3137 3061 3275 3263 116
794 3192 1320 3330 Lieber Arthur!
1244 3202 3113 3416 Dein Brief und Deine Karte kamen um Viertelmach sehn
803 3392 3134 3545 abends an, ich hätte nicht vor elf in Hietzing sein können und Euch
794 3496 3156 3673 dann wohl nicht mehr getroffen. Mir war sehr leid. Könntest Du mir
803 3627 3153 3775 Samstag zwischen fünf und sechs ein Rendervoua in der Stadt geben?
1235 3719 2809 3931 Herzlichst mit vielen Grüssen an Deine Frau
2537 3808 2831 3937 Hermann.
