3559 4567
1631 397 1796 539 —40—
785 511 3135 740 von acht Jahren kann man Dir in beiden Fällen herzlich gratulieren,
791 725 3210 842 was hiemit beschieht. Damit Du aber siehst,wie man in dieser Institu-
800 839 3108 984 tion herabkommt, wisse, dass ich Deinem Bernhardiner leider entsagen
785 951 3168 1083 muss, vorläufig wenigstens, da meine Frau gerade wieder die Laune hat,
782 1062 1556 1219 alle Hunde zu hassen.
1372 1191 1760 1288 Herzlichst
1378 1273 1565 1453 Dein
2515 1303 2804 1468 Hermann
779 1408 1655 1613 Die Widmung soll lauten:
773 1504 2789 1739 Meinem lieben Freund Arthur Schnitzler nach zwölf Jahren.
2485 1757 3283 1889 Edlach, Anstalt Dr.Kon-
2491 1880 3003 2022 ried. 21.5.1903
3171 1886 3292 2007 99
773 1953 1306 2112 Lieber Arthur!
1246 1992 3183 2242 Ich habe keine Ahnung, was Du eigentlich meinst. Ich bin
797 2214 3177 2347 seit drei Jahren Mitglied des Münchner Pensionsfonds und zahle dafür
794 2320 3153 2461 sehr wenig; ich glaube 6 oder 4 Mark pro Quartal. Von einer anderen
806 2440 3186 2612 "Zeichnung" ist mir nichts bekannt. Ich komme übrigens Montag zurück
788 2524 1899 2672 und werde mich dann erkundigen.
1237 2642 1628 2780 Herzlichst
1240 2765 1423 2909 Dein
2512 2828 2810 2949 Hermann
2530 3021 2885 3168 8.10.1903
3174 3096 3325 3261 100
782 3186 1321 3355 Lieber Arthur!
1252 3243 3015 3427 Bitte, kannst Du mir noch ein Exemplar des "Reigen"
794 3364 3156 3550 schicken, ich brauch es für die Censur? Die Vorlesung ist für den 6.
782 3484 3144 3677 November angesetzt; lass mich wissen, wie viel Sitze Du willst. Ich
791 3632 3183 3773 fahre wahrscheinlich am 18.d. nach Berlin, kann ich Dir was besorgen?
794 3767 2314 3920 Und bitte, schreib mir Deine neue Adresse!
1252 3845 1634 3978 Dein alter
2485 3806 2786 4023 Hermann
