3543 4584
1646 451 1818 630 —46—
1041 461 1149 571 .
1035 587 3259 737 Grüss Deine Frau, Brahm, den stark von Reinhardt bekümmerten Tre-
783 728 3130 869 Bitsch und - ich wäre sehr froh, wenn der "einsame Weg" ein grosser
780 860 1268 1014 Erfolg würde!
1066 949 1462 1090 Herzlichst
2475 952 2773 1133 Hermann
2488 1182 3256 1351 Konstanz,12.2.04
789 1293 3127 1490 Auf der Flucht nach dem Süden! Ich denke viel an morgen Abend. Das
783 1443 2340 1588 Beste an Deine Frau, an Brahm und an Rittner.
1066 1569 1692 1720 Herzlichst grüsst
1057 1686 1256 1797 Dein
2485 1692 2783 1837 Hermann
2531 1926 3010 2045 Abbazia, Hotel
2525 2012 2872 2150 15.2.1904
3142 2064 3234 2236 111
789 2107 1311 2236 Lieber Arthur!
1235 2116 3237 2386 Ich kam heute hier an und weil der Trebitseh, der mir ein
795 2325 3163 2494 Telegramm versprochen, es verbummelt hat, liess ich mich verleiten, in
799 2451 3151 2577 den Wiener Zeitungen nachzusehen,deren Ton aber so hundsgemein ist,
792 2537 3249 2684 dass ich ihn physisch nicht mehrvertrage. Und nun nachdem ich mich un-
799 2647 3148 2804 sinnig geärgert hab, weiss ich zudem natürlich gar nichts: wars ein
789 2764 3117 2912 Erfolg, wars keiner? Ich weiss aber, dass das Stück zu Deinen schön-
795 2893 3256 3037 sten und reinsten Arbeiten gehört, und ich meine, wir sollten uns über-
792 2998 3259 3154 haupt nicht mehr zu Erfolgen, sondern zu den Werken, die uns etwas sind,
802 3120 3176 3289 gratulieren. Mir ist der "einsame Weg" in seinen Hauptgestalten und
799 3246 1674 3412 ihrem Erleben sehr viel.
1241 3357 1646 3501 Herzlichst
1256 3471 1428 3606 Dein
2503 3440 2844 3600 Hermann
2552 3544 3105 3741 Salona, 8.3.1904.
795 3698 2629 3845 Hier musst Du einmal her! Das ist mehr als alles Ita
3179 3716 3308 3870 112
1256 3808 1815 3916 Herzlichst Dein
2525 3821 2663 3965 H.
