3549 4632
1633 446 1774 632 -74.
940 533 1056 667 1)
2487 606 2849 802 27.4.1912
2965 645 3122 857 172
677 754 1855 940 Sehr verehrte liebe gnädige Frau!
1008 850 3096 1024 Meine Frau dankt Ihnen herzlichst für Ihre liebe Einladung,
687 975 3122 1194 der sie so gerne folgen würde, wenns nur irgend ging! Es geht aber lei-
696 1117 3074 1280 der nicht, weil sie gerade jetzt von den sämtlichen Freundinnen oder
696 1197 3093 1367 Bekannten, die sie sich in den vierzehn Wiener Jahren angesammelt hat,
693 1341 3039 1502 dringend aufgefordert wird, sie müsste nun bevor wir Wien verlassen,
700 1409 3007 1620 noch einmal zu ihnen kommen; sie hätte also vierzehn Tage rein mit
703 1537 3234 1733 Besuchen zu verbringen, da sagt sie lieber allen Nein. Nun können Sie sich
696 1656 3151 1867 aber vorstellen, wie eifersüchtig diese sämmtlichen Freundinnen darüber
706 1790 3058 1983 wachen, dass sie wenigstens auch bei den anderen nicht erscheint, und
712 1896 3189 2066 Sie können sich den Lärm vorstellen, wenn sie auch nur eine einzige Aus-
706 2012 3148 2185 nahme machte. Da Sie ja selbst so glücklich sind, weiblichen Geschlechts
709 2127 3061 2291 zu sein, werden Sie ja diese femininen Weinheiten besser zu würdigen
719 2243 2962 2439 verstehen als ich selbst und sich Donnerstag mit mir begnügen, der
722 2381 2644 2561 sich unendlich freut, mit Ihnen beiden zusammen zu sein.
1056 2484 2541 2660 Mit den schönsten Grüssen von Haus zu Haus
1069 2625 1762 2801 immer Ihr alternder
2477 2593 2946 2753 Hermann Bahr
2490 2824 3090 2987 Venedig,2.6.1912
735 2949 3087 3129 Schönsten Dank! Herzlichste Grüsse von uns beiden an Dich und Deine
3122 3029 3250 3212 173
2525 3112 2820 3289 Hermann
741 3145 1178 3305 liebe Frau!
2551 3273 3209 3481 Donnering, 28.9.1912
2593 3453 2946 3533 lla Mautner
751 3443 3327 3668 Herzlichen Dank, lieber Arthur, für Deine Karte und die eben einlangen— 174
751 3584 3199 3786 den vier Bände Theater. Ich vagabundiere durch die Welt (zunächst von
748 3677 3084 3928 hier nach Deutschland, sehhe Wochen Vorlesungen, dann nach Renn, Januar
