<?xml version="1.0" encoding="UTF-8" standalone="yes"?>
<PcGts xmlns="http://schema.primaresearch.org/PAGE/gts/pagecontent/2013-07-15" xmlns:xsi="http://www.w3.org/2001/XMLSchema-instance" xsi:schemaLocation="http://schema.primaresearch.org/PAGE/gts/pagecontent/2013-07-15 http://schema.primaresearch.org/PAGE/gts/pagecontent/2013-07-15/pagecontent.xsd">
    <Metadata>
        <Creator>prov=READ-COOP:name=TrHtr:version=2.1.0:model_id=51170:date=24_07_2023_22:08</Creator>
        <Created>2023-05-01T21:47:51.077+02:00</Created>
        <LastChange>2023-07-24T22:08:08.535+02:00</LastChange>
        <TranskribusMetadata docId="1416399" pageId="54944612" pageNr="41" tsid="130574135" status="IN_PROGRESS" userId="64420" imgUrl="https://files.transkribus.eu/Get?id=AUSBVSGKUYVVFZBXQXFOSLHM&amp;fileType=view" xmlUrl="https://files.transkribus.eu/Get?id=XNTIMQULTQUIKIGURVMFJSDP" imageId="44448698"/>
    </Metadata>
    <Page imageFilename="1416399_0041.jpg" imageWidth="3560" imageHeight="4551">
        <ReadingOrder>
            <OrderedGroup id="ro_1711833030718" caption="Regions reading order">
                <RegionRefIndexed index="0" regionRef="tr_1"/>
                <RegionRefIndexed index="1" regionRef="tr_3"/>
                <RegionRefIndexed index="2" regionRef="tr_2"/>
            </OrderedGroup>
        </ReadingOrder>
        <TextRegion id="tr_1" custom="readingOrder {index:0;}">
            <Coords points="761,502 3269,502 3269,2351 761,2351"/>
            <TextLine id="tr_1_tl_1" custom="readingOrder {index:0;}">
                <Coords points="1698,606 1732,609 1748,621 1813,596 1842,618 1898,615 1898,446 1857,449 1823,484 1770,499 1698,490"/>
                <Baseline points="1714,555 1758,555 1803,552 1848,555 1893,555 1905,555"/>
                <TextEquiv>
                    <Unicode>-39-</Unicode>
                </TextEquiv>
            </TextLine>
            <TextLine id="tr_1_tl_2" custom="readingOrder {index:1;}">
                <Coords points="2481,718 2700,749 2950,709 3212,740 3259,733 3265,618 2987,587 2943,615 2781,599 2731,627 2641,606 2591,552 2488,574"/>
                <Baseline points="2502,713 2508,713 2553,710 2598,707 2642,710 2687,710 2732,710 2777,707 2821,701 2866,701 2911,698 2956,698 3001,695 3045,695 3090,692 3135,689 3180,686 3225,686 3269,680"/>
                <TextEquiv>
                    <Unicode>Montag.Ende März 1903</Unicode>
                </TextEquiv>
            </TextLine>
            <TextLine id="tr_1_tl_3" custom="readingOrder {index:2;}">
                <Coords points="743,896 796,893 877,952 971,939 999,961 1067,936 1164,968 1233,911 1273,905 1280,727 1220,715 1199,733 1039,740 996,724 840,755 749,743"/>
                <Baseline points="761,871 791,866 836,866 880,866 925,863 970,863 1015,860 1060,857 1104,857 1149,854 1194,854 1239,854 1284,857"/>
                <TextEquiv>
                    <Unicode>Lieber Arthur!</Unicode>
                </TextEquiv>
            </TextLine>
            <TextLine id="tr_1_tl_4" custom="readingOrder {index:3;}">
                <Coords points="1205,971 2946,958 3096,943 3099,815 1508,802 1208,861"/>
                <Baseline points="1221,970 1224,970 1269,967 1313,964 1358,964 1403,964 1448,961 1493,961 1537,961 1582,961 1627,958 1672,958 1717,958 1761,952 1806,952 1851,949 1896,949 1941,946 1985,946 2030,946 2075,946 2120,943 2165,943 2209,943 2254,943 2299,943 2344,940 2388,940 2433,937 2478,937 2523,937 2568,937 2612,934 2657,934 2702,931 2747,928 2792,925 2836,925 2881,925 2926,925 2971,922 3016,919 3060,919 3105,922"/>
                <TextEquiv>
                    <Unicode>Ich hatte sogleich bei Pötzl (schriftlich, damit er es</Unicode>
                </TextEquiv>
            </TextLine>
            <TextLine id="tr_1_tl_5" custom="readingOrder {index:4;}">
                <Coords points="755,1136 2825,1108 3096,1067 3099,943 758,968"/>
                <Baseline points="773,1095 776,1095 821,1092 866,1089 910,1089 955,1086 1000,1086 1045,1083 1089,1086 1134,1083 1179,1083 1224,1083 1269,1081 1313,1081 1358,1081 1403,1078 1448,1078 1493,1078 1537,1075 1582,1072 1627,1072 1672,1072 1717,1069 1761,1066 1806,1066 1851,1066 1896,1063 1941,1063 1985,1060 2030,1060 2075,1057 2120,1057 2165,1057 2209,1057 2254,1057 2299,1054 2344,1057 2388,1054 2433,1054 2478,1051 2523,1051 2568,1051 2612,1048 2657,1048 2702,1048 2747,1045 2792,1042 2836,1039 2881,1036 2926,1036 2971,1039 3016,1036 3060,1033 3105,1036"/>
                <TextEquiv>
                    <Unicode>nicht ableugnen kann) ein Feuilleton über den Reigen angemeldet.um</Unicode>
                </TextEquiv>
            </TextLine>
            <TextLine id="tr_1_tl_6" custom="readingOrder {index:5;}">
                <Coords points="758,1255 2915,1189 3165,1158 3165,1080 762,1133"/>
                <Baseline points="776,1209 800,1209 845,1206 889,1203 934,1203 979,1200 1024,1200 1069,1200 1113,1200 1158,1197 1203,1197 1248,1197 1293,1194 1337,1194 1382,1191 1427,1191 1472,1191 1517,1191 1561,1188 1606,1188 1651,1185 1696,1185 1740,1182 1785,1179 1830,1179 1875,1179 1920,1179 1964,1179 2009,1176 2054,1176 2099,1173 2144,1173 2188,1173 2233,1170 2278,1170 2323,1167 2368,1167 2412,1167 2457,1164 2502,1164 2547,1164 2592,1161 2636,1161 2681,1158 2726,1158 2771,1155 2816,1155 2860,1155 2905,1152 2950,1152 2995,1149 3039,1146 3084,1146 3129,1143 3174,1143"/>
                <TextEquiv>
                    <Unicode>es ihm wenigstens zu erschweren, dass er von anderer Seite etwas über</Unicode>
                </TextEquiv>
            </TextLine>
            <TextLine id="tr_1_tl_7" custom="readingOrder {index:6;}">
                <Coords points="755,1342 2928,1327 3193,1302 3193,1202 758,1267"/>
                <Baseline points="773,1319 782,1322 827,1319 871,1319 916,1319 961,1316 1006,1316 1051,1313 1095,1313 1140,1313 1185,1310 1230,1310 1275,1310 1319,1310 1364,1307 1409,1307 1454,1304 1499,1301 1543,1299 1588,1299 1633,1299 1678,1299 1723,1296 1767,1299 1812,1296 1857,1296 1902,1296 1947,1293 1991,1293 2036,1290 2081,1287 2126,1287 2170,1287 2215,1287 2260,1287 2305,1284 2350,1284 2394,1281 2439,1278 2484,1278 2529,1275 2574,1275 2618,1275 2663,1272 2708,1272 2753,1272 2798,1272 2842,1269 2887,1269 2932,1266 2977,1266 3022,1263 3066,1263 3111,1260 3156,1257 3201,1257"/>
                <TextEquiv>
                    <Unicode>das Buch bringt. Darauf erhalte ich eben folgende Antwort, die ich mir</Unicode>
                </TextEquiv>
            </TextLine>
            <TextLine id="tr_1_tl_8" custom="readingOrder {index:7;}">
                <Coords points="755,1476 2993,1423 3096,1405 3099,1292 758,1355"/>
                <Baseline points="776,1445 779,1442 824,1439 868,1436 913,1436 958,1433 1003,1433 1048,1430 1092,1427 1137,1427 1182,1427 1227,1424 1272,1424 1316,1424 1361,1421 1406,1418 1451,1418 1496,1418 1540,1418 1585,1415 1630,1415 1675,1415 1720,1415 1764,1412 1809,1412 1854,1412 1899,1412 1944,1406 1988,1406 2033,1403 2078,1403 2123,1400 2167,1400 2212,1400 2257,1397 2302,1397 2347,1394 2391,1394 2436,1394 2481,1394 2526,1394 2571,1391 2615,1391 2660,1388 2705,1388 2750,1388 2795,1385 2839,1382 2884,1382 2929,1379 2974,1376 3019,1376 3063,1376 3108,1373"/>
                <TextEquiv>
                    <Unicode>gelegentlich zurückerbitte. Ich gehe nun heute oder morgen mit der</Unicode>
                </TextEquiv>
            </TextLine>
            <TextLine id="tr_1_tl_9" custom="readingOrder {index:8;}">
                <Coords points="758,1595 3046,1545 3193,1517 3196,1430 762,1508"/>
                <Baseline points="779,1555 785,1552 830,1549 874,1549 919,1546 964,1546 1009,1543 1054,1543 1098,1543 1143,1543 1188,1540 1233,1540 1278,1537 1322,1537 1367,1537 1412,1534 1457,1537 1502,1534 1546,1534 1591,1531 1636,1531 1681,1528 1726,1528 1770,1525 1815,1525 1860,1525 1905,1525 1950,1522 1994,1522 2039,1519 2084,1519 2129,1517 2173,1514 2218,1514 2263,1514 2308,1514 2353,1511 2397,1508 2442,1508 2487,1508 2532,1508 2577,1505 2621,1505 2666,1502 2711,1502 2756,1502 2801,1499 2845,1496 2890,1496 2935,1493 2980,1493 3025,1490 3069,1490 3114,1487 3159,1484 3204,1475"/>
                <TextEquiv>
                    <Unicode>Sache zu Wilhelm Singer, der mir Recht geben, über P. wahnsinnig schim-</Unicode>
                </TextEquiv>
            </TextLine>
            <TextLine id="tr_1_tl_10" custom="readingOrder {index:9;}">
                <Coords points="758,1692 2953,1657 3084,1636 3087,1539 762,1595"/>
                <Baseline points="779,1675 809,1672 854,1666 898,1666 943,1663 988,1663 1033,1660 1078,1657 1122,1657 1167,1657 1212,1654 1257,1654 1301,1654 1346,1651 1391,1651 1436,1651 1481,1648 1525,1648 1570,1645 1615,1645 1660,1642 1705,1642 1749,1642 1794,1639 1839,1639 1884,1639 1929,1639 1973,1636 2018,1636 2063,1633 2108,1633 2153,1630 2197,1630 2242,1630 2287,1630 2332,1630 2377,1627 2421,1624 2466,1624 2511,1621 2556,1621 2600,1621 2645,1621 2690,1618 2735,1615 2780,1612 2824,1612 2869,1609 2914,1609 2959,1606 3004,1606 3048,1606 3093,1606"/>
                <TextEquiv>
                    <Unicode>pfen und zuletzt entscheiden wird, dass Leute wie wir - nämlich Er</Unicode>
                </TextEquiv>
            </TextLine>
            <TextLine id="tr_1_tl_11" custom="readingOrder {index:10;}">
                <Coords points="762,1829 3065,1785 3137,1648 765,1720"/>
                <Baseline points="779,1785 812,1782 857,1779 901,1776 946,1776 991,1776 1036,1776 1081,1773 1125,1773 1170,1770 1215,1770 1260,1770 1304,1770 1349,1767 1394,1767 1439,1767 1484,1764 1528,1764 1573,1761 1618,1758 1663,1758 1708,1758 1752,1755 1797,1755 1842,1752 1887,1752 1932,1752 1976,1752 2021,1749 2066,1749 2111,1749 2156,1746 2200,1743 2245,1743 2290,1740 2335,1740 2380,1740 2424,1737 2469,1737 2514,1734 2559,1734 2603,1734 2648,1732 2693,1732 2738,1729 2783,1729 2827,1729 2872,1726 2917,1723 2962,1723 3007,1720 3051,1720 3096,1714 3141,1714"/>
                <TextEquiv>
                    <Unicode>Ich und Du - viel zu hoch stehen, um uns mit solchen Burschen einzu-</Unicode>
                </TextEquiv>
            </TextLine>
            <TextLine id="tr_1_tl_12" custom="readingOrder {index:11;}">
                <Coords points="765,1951 2765,1901 2893,1867 2897,1770 771,1832"/>
                <Baseline points="785,1902 800,1899 845,1896 889,1896 934,1896 979,1896 1024,1896 1069,1893 1113,1890 1158,1890 1203,1890 1248,1887 1293,1884 1337,1884 1382,1884 1427,1884 1472,1881 1517,1881 1561,1878 1606,1878 1651,1875 1696,1875 1740,1872 1785,1869 1830,1869 1875,1869 1920,1869 1964,1869 2009,1866 2054,1866 2099,1863 2144,1863 2188,1860 2233,1863 2278,1860 2323,1860 2368,1857 2412,1854 2457,1851 2502,1851 2547,1848 2592,1848 2636,1848 2681,1845 2726,1845 2771,1842 2816,1842 2860,1842 2905,1848"/>
                <TextEquiv>
                    <Unicode>lassen, das heisst, dass es also bei P.'s Entscheidung bleibt.</Unicode>
                </TextEquiv>
            </TextLine>
            <TextLine id="tr_1_tl_13" custom="readingOrder {index:12;}">
                <Coords points="1217,2066 3074,1985 3078,1879 1220,1945"/>
                <Baseline points="1236,2003 1242,2003 1287,2000 1331,2000 1376,1997 1421,1994 1466,1994 1511,1991 1555,1991 1600,1988 1645,1988 1690,1988 1734,1985 1779,1985 1824,1985 1869,1982 1914,1982 1958,1979 2003,1979 2048,1979 2093,1979 2138,1976 2182,1976 2227,1973 2272,1973 2317,1973 2362,1970 2406,1967 2451,1967 2496,1964 2541,1964 2586,1964 2630,1961 2675,1961 2720,1958 2765,1955 2810,1955 2854,1955 2899,1955 2944,1955 2989,1952 3034,1950 3078,1950"/>
                <TextEquiv>
                    <Unicode>Jedenfalls aber bitte ich Dich nochmals mir baldigst</Unicode>
                </TextEquiv>
            </TextLine>
            <TextLine id="tr_1_tl_14" custom="readingOrder {index:13;}">
                <Coords points="765,2147 952,2135 1033,2176 1255,2135 1333,2182 1636,2185 1676,2176 1682,2044 890,2085 768,2057"/>
                <Baseline points="785,2135 791,2135 836,2129 880,2129 925,2126 970,2123 1015,2123 1060,2123 1104,2120 1149,2117 1194,2120 1239,2117 1284,2114 1328,2114 1373,2111 1418,2111 1463,2108 1508,2105 1552,2105 1597,2105 1642,2105 1687,2111"/>
                <TextEquiv>
                    <Unicode>ein Exemplar zu schicken.</Unicode>
                </TextEquiv>
            </TextLine>
            <TextLine id="tr_1_tl_15" custom="readingOrder {index:14;}">
                <Coords points="1217,2285 1298,2297 1345,2282 1376,2297 1448,2285 1483,2313 1517,2316 1564,2285 1611,2303 1614,2179 1582,2163 1523,2179 1511,2166 1473,2176 1401,2160 1308,2185 1258,2160 1220,2169"/>
                <Baseline points="1236,2230 1260,2227 1304,2227 1349,2224 1394,2224 1439,2224 1484,2221 1528,2221 1573,2218 1618,2218"/>
                <TextEquiv>
                    <Unicode>Herzlichst</Unicode>
                </TextEquiv>
            </TextLine>
            <TextLine id="tr_1_tl_16" custom="readingOrder {index:15;}">
                <Coords points="1220,2419 1236,2419 1252,2403 1273,2403 1302,2425 1317,2416 1327,2425 1345,2419 1358,2425 1383,2410 1408,2416 1411,2294 1389,2288 1361,2294 1348,2282 1302,2297 1264,2285 1224,2291"/>
                <Baseline points="1242,2341 1287,2341 1331,2341 1376,2338 1418,2341"/>
                <TextEquiv>
                    <Unicode>Dein</Unicode>
                </TextEquiv>
            </TextLine>
        </TextRegion>
        <TextRegion id="tr_3" custom="readingOrder {index:1;}">
            <Coords points="2538,2300 3237,2300 3237,2682 2538,2682"/>
            <TextLine id="tr_3_tl_1" custom="readingOrder {index:0;}">
                <Coords points="2519,2438 2569,2438 2597,2419 2650,2435 2666,2419 2706,2422 2734,2410 2800,2422 2806,2300 2744,2300 2725,2279 2666,2269 2600,2307 2563,2294 2525,2297"/>
                <Baseline points="2538,2359 2541,2362 2586,2359 2630,2356 2675,2356 2720,2353 2765,2353 2810,2350"/>
                <TextEquiv>
                    <Unicode>Hermann</Unicode>
                </TextEquiv>
            </TextLine>
            <TextLine id="tr_3_tl_2" custom="readingOrder {index:1;}">
                <Coords points="2534,2588 2612,2603 2659,2588 2731,2622 2800,2584 2843,2588 2847,2522 2722,2500 2687,2516 2675,2503 2641,2525 2591,2516 2569,2528 2538,2516"/>
                <Baseline points="2553,2580 2580,2580 2624,2580 2669,2577 2714,2577 2759,2574 2804,2574 2848,2574"/>
                <TextEquiv>
                    <Unicode>4.4.1903</Unicode>
                </TextEquiv>
            </TextLine>
            <TextLine id="tr_3_tl_3" custom="readingOrder {index:2;}">
                <Coords points="3090,2681 3106,2681 3118,2694 3137,2694 3143,2700 3152,2694 3174,2712 3206,2694 3227,2700 3237,2581 3215,2578 3196,2584 3181,2578 3174,2584 3156,2566 3143,2575 3118,2550 3099,2550"/>
                <Baseline points="3111,2672 3147,2669 3192,2663 3237,2666"/>
                <TextEquiv>
                    <Unicode>98</Unicode>
                </TextEquiv>
            </TextLine>
        </TextRegion>
        <TextRegion id="tr_2" custom="readingOrder {index:2;}">
            <Coords points="803,2691 3305,2691 3305,3927 803,3927"/>
            <TextLine id="tr_2_tl_1" custom="readingOrder {index:0;}">
                <Coords points="787,2781 833,2800 893,2778 927,2794 1002,2762 1096,2756 1314,2794 1317,2672 1245,2687 1180,2662 1092,2662 989,2684 871,2659 836,2684 790,2681"/>
                <Baseline points="803,2759 830,2756 874,2756 919,2753 964,2750 1009,2750 1054,2750 1098,2747 1143,2747 1188,2744 1233,2744 1278,2741 1322,2744"/>
                <TextEquiv>
                    <Unicode>Lieber Arthur!</Unicode>
                </TextEquiv>
            </TextLine>
            <TextLine id="tr_2_tl_2" custom="readingOrder {index:1;}">
                <Coords points="1236,2859 3224,2834 3227,2697 1695,2712 1239,2794"/>
                <Baseline points="1254,2860 1260,2860 1304,2854 1349,2854 1394,2851 1439,2851 1484,2848 1528,2848 1573,2845 1618,2845 1663,2842 1708,2842 1752,2842 1797,2839 1842,2836 1887,2836 1932,2836 1976,2830 2021,2830 2066,2830 2111,2827 2156,2827 2200,2824 2245,2824 2290,2821 2335,2821 2380,2821 2424,2818 2469,2816 2514,2816 2559,2813 2603,2813 2648,2813 2693,2810 2738,2807 2783,2804 2827,2804 2872,2801 2917,2801 2962,2801 3007,2798 3051,2798 3096,2795 3141,2795 3186,2795 3231,2795"/>
                <TextEquiv>
                    <Unicode>Nächstens erscheint von mir bei Fischer ein Band "Rezen-</Unicode>
                </TextEquiv>
            </TextLine>
            <TextLine id="tr_2_tl_3" custom="readingOrder {index:2;}">
                <Coords points="799,2996 2996,2959 3287,2921 3290,2847 799,2928"/>
                <Baseline points="815,2992 833,2989 877,2989 922,2986 967,2983 1012,2980 1057,2983 1101,2980 1146,2980 1191,2974 1236,2974 1281,2971 1325,2971 1370,2971 1415,2968 1460,2965 1505,2965 1549,2965 1594,2962 1639,2962 1684,2959 1729,2959 1773,2956 1818,2956 1863,2953 1908,2950 1952,2950 1997,2947 2042,2947 2087,2947 2132,2944 2176,2941 2221,2941 2266,2941 2311,2938 2356,2938 2400,2938 2445,2935 2490,2932 2535,2932 2580,2929 2624,2926 2669,2926 2714,2923 2759,2923 2804,2920 2848,2917 2893,2917 2938,2917 2983,2914 3028,2914 3072,2911 3117,2911 3162,2911 3207,2908 3251,2908 3296,2911"/>
                <TextEquiv>
                    <Unicode>sionen", Kritiken von 1901-1903. Mir wäre lieb,ihn Dir widmen zu dürfen.</Unicode>
                </TextEquiv>
            </TextLine>
            <TextLine id="tr_2_tl_4" custom="readingOrder {index:3;}">
                <Coords points="790,3165 3293,3056 3296,2987 793,3031"/>
                <Baseline points="809,3105 842,3102 886,3102 931,3099 976,3096 1021,3096 1066,3096 1110,3093 1155,3090 1200,3090 1245,3090 1290,3087 1334,3084 1379,3084 1424,3084 1469,3081 1514,3081 1558,3078 1603,3078 1648,3075 1693,3075 1737,3075 1782,3072 1827,3072 1872,3066 1917,3066 1961,3066 2006,3063 2051,3063 2096,3060 2141,3060 2185,3060 2230,3057 2275,3054 2320,3054 2365,3054 2409,3051 2454,3048 2499,3045 2544,3045 2589,3042 2633,3042 2678,3042 2723,3039 2768,3036 2813,3036 2857,3034 2902,3034 2947,3031 2992,3031 3036,3031 3081,3028 3126,3025 3171,3025 3216,3025 3260,3028 3305,3034"/>
                <TextEquiv>
                    <Unicode>Macht Dir das aber keinen Spassoder ist es Dir aus irgend einem Grunde,</Unicode>
                </TextEquiv>
            </TextLine>
            <TextLine id="tr_2_tl_5" custom="readingOrder {index:4;}">
                <Coords points="796,3265 3112,3193 3177,3090 2834,3040 802,3156"/>
                <Baseline points="815,3222 854,3219 898,3216 943,3216 988,3213 1033,3210 1078,3210 1122,3210 1167,3210 1212,3210 1257,3207 1301,3204 1346,3204 1391,3201 1436,3198 1481,3198 1525,3198 1570,3195 1615,3192 1660,3192 1705,3192 1749,3189 1794,3186 1839,3186 1884,3183 1929,3183 1973,3180 2018,3180 2063,3177 2108,3177 2153,3177 2197,3174 2242,3174 2287,3171 2332,3168 2377,3168 2421,3165 2466,3162 2511,3162 2556,3162 2600,3162 2645,3159 2690,3156 2735,3156 2780,3153 2824,3150 2869,3150 2914,3150 2959,3147 3004,3144 3048,3144 3093,3141 3138,3141 3183,3141"/>
                <TextEquiv>
                    <Unicode>den Du mir gar nicht zu nennen brauchst, (vielleicht, weil man wieder</Unicode>
                </TextEquiv>
            </TextLine>
            <TextLine id="tr_2_tl_6" custom="readingOrder {index:5;}">
                <Coords points="805,3358 3121,3312 3234,3296 3237,3193 808,3271"/>
                <Baseline points="821,3338 866,3335 910,3335 955,3332 1000,3329 1045,3329 1089,3326 1134,3326 1179,3323 1224,3323 1269,3320 1313,3320 1358,3320 1403,3320 1448,3320 1493,3314 1537,3311 1582,3311 1627,3308 1672,3305 1717,3305 1761,3305 1806,3302 1851,3302 1896,3299 1941,3299 1985,3296 2030,3293 2075,3293 2120,3290 2165,3290 2209,3287 2254,3287 2299,3287 2344,3281 2388,3281 2433,3278 2478,3278 2523,3278 2568,3275 2612,3272 2657,3272 2702,3269 2747,3269 2792,3269 2836,3266 2881,3263 2926,3260 2971,3260 3016,3257 3060,3257 3105,3257 3150,3254 3195,3251 3240,3254"/>
                <TextEquiv>
                    <Unicode>Clique sagen wird), zuwider oder auch nur unbequem,kurz wenn Du irgend</Unicode>
                </TextEquiv>
            </TextLine>
            <TextLine id="tr_2_tl_7" custom="readingOrder {index:6;}">
                <Coords points="799,3508 3065,3402 3171,3305 805,3374"/>
                <Baseline points="818,3458 851,3455 895,3449 940,3449 985,3449 1030,3446 1075,3443 1119,3443 1164,3443 1209,3437 1254,3437 1299,3434 1343,3434 1388,3434 1433,3431 1478,3431 1522,3428 1567,3425 1612,3425 1657,3425 1702,3422 1746,3422 1791,3422 1836,3422 1881,3416 1926,3413 1970,3413 2015,3410 2060,3410 2105,3407 2150,3407 2194,3404 2239,3401 2284,3401 2329,3398 2374,3398 2418,3395 2463,3395 2508,3392 2553,3389 2598,3389 2642,3386 2687,3386 2732,3383 2777,3383 2821,3377 2866,3377 2911,3377 2956,3377 3001,3374 3045,3374 3090,3374 3135,3374 3180,3371"/>
                <TextEquiv>
                    <Unicode>das Gefühl hast: Lieber nicht, so werde ich weder beleidigt noch ge-</Unicode>
                </TextEquiv>
            </TextLine>
            <TextLine id="tr_2_tl_8" custom="readingOrder {index:7;}">
                <Coords points="802,3624 2606,3505 3259,3558 3290,3412 805,3508"/>
                <Baseline points="818,3568 830,3568 874,3565 919,3565 964,3565 1009,3562 1054,3562 1098,3559 1143,3556 1188,3556 1233,3556 1278,3553 1322,3550 1367,3550 1412,3547 1457,3544 1502,3544 1546,3544 1591,3541 1636,3541 1681,3538 1726,3538 1770,3538 1815,3535 1860,3532 1905,3529 1950,3529 1994,3526 2039,3526 2084,3523 2129,3523 2173,3520 2218,3517 2263,3514 2308,3514 2353,3511 2397,3511 2442,3508 2487,3505 2532,3502 2577,3499 2621,3496 2666,3496 2711,3496 2756,3493 2801,3493 2845,3493 2890,3490 2935,3490 2980,3490 3025,3490 3069,3490 3114,3490 3159,3487 3204,3487 3249,3484 3293,3487"/>
                <TextEquiv>
                    <Unicode>kränkt xxx noch verschnupft noch irgend unangenehm berührt oder gegen</Unicode>
                </TextEquiv>
            </TextLine>
            <TextLine id="tr_2_tl_9" custom="readingOrder {index:8;}">
                <Coords points="796,3733 1080,3774 1533,3733 1657,3658 2525,3636 2528,3524 1742,3543 1517,3630 799,3624"/>
                <Baseline points="815,3690 830,3690 874,3684 919,3684 964,3682 1009,3679 1054,3679 1098,3676 1143,3676 1188,3673 1233,3670 1278,3670 1322,3667 1367,3667 1412,3664 1457,3664 1502,3664 1546,3661 1591,3658 1636,3655 1681,3652 1726,3652 1770,3649 1815,3649 1860,3646 1905,3643 1950,3643 1994,3640 2039,3637 2084,3637 2129,3637 2173,3637 2218,3634 2263,3628 2308,3628 2353,3625 2397,3625 2442,3622 2487,3619 2532,3619"/>
                <TextEquiv>
                    <Unicode>Dich verändert sein, so weit kennst Du mich doch!</Unicode>
                </TextEquiv>
            </TextLine>
            <TextLine id="tr_2_tl_10" custom="readingOrder {index:9;}">
                <Coords points="1224,3783 2915,3783 3031,3724 3156,3774 3162,3611 1673,3655 1533,3730 1224,3733"/>
                <Baseline points="1242,3786 1284,3783 1328,3780 1373,3780 1418,3777 1463,3777 1508,3777 1552,3774 1597,3771 1642,3768 1687,3768 1732,3765 1776,3762 1821,3759 1866,3756 1911,3756 1955,3756 2000,3753 2045,3753 2090,3753 2135,3750 2179,3747 2224,3747 2269,3747 2314,3741 2359,3738 2403,3738 2448,3735 2493,3732 2538,3732 2583,3732 2627,3729 2672,3726 2717,3726 2762,3723 2807,3723 2851,3720 2896,3717 2941,3717 2986,3714 3031,3714 3075,3714 3120,3714 3165,3717"/>
                <TextEquiv>
                    <Unicode>Im Neuen Wiener Journal steht, dass Du geheiratet hast.</Unicode>
                </TextEquiv>
            </TextLine>
            <TextLine id="tr_2_tl_11" custom="readingOrder {index:10;}">
                <Coords points="812,3955 1311,3917 1573,4001 2616,3849 3124,3905 3234,3877 3237,3758 815,3861"/>
                <Baseline points="830,3917 866,3914 910,3914 955,3911 1000,3911 1045,3911 1089,3908 1134,3905 1179,3905 1224,3902 1269,3902 1313,3900 1358,3900 1403,3900 1448,3894 1493,3894 1537,3891 1582,3888 1627,3888 1672,3885 1717,3885 1761,3879 1806,3879 1851,3876 1896,3876 1941,3873 1985,3873 2030,3873 2075,3870 2120,3867 2165,3867 2209,3864 2254,3861 2299,3858 2344,3855 2388,3855 2433,3852 2478,3849 2523,3849 2568,3849 2612,3849 2657,3846 2702,3846 2747,3843 2792,3843 2836,3840 2881,3837 2926,3834 2971,3831 3016,3831 3060,3831 3105,3831 3150,3831 3195,3831 3240,3834"/>
                <TextEquiv>
                    <Unicode>Vielleicht ist es aber nicht wahr. Nach meinen Erfahrungen einer Ehe</Unicode>
                </TextEquiv>
            </TextLine>
        </TextRegion>
    </Page>
</PcGts>
