3554 4631
2605 473 3108 665 Ungar/M.I.C.S.
1918 458 2087 599 3 e
1442 542 1713 687 -61-
2430 696 3123 825 Berlin plW 6 Marien-
2442 789 2806 867 strasse 18
2436 849 2773 970 12.2.1907
3041 828 3228 976 144
723 894 1259 1093 Lieber Arthur!
1189 936 3168 1147 Es ist möglich, dass es mir gelingt,bei Reinhardt "Liebe-
726 1141 3096 1319 lei" durchzusetzen (Höflich/ Paganz.). Ich arbeite sehr stark daran
729 1265 3129 1406 und dränge, es gleich nach Hedda Gabler zu machen. Sicher ist es noch
735 1385 3159 1530 gar nicht, Du darfst auch noch zu keinem Menschen was sagen, ich möchte
726 1521 3150 1638 aber für alle Fälle raschestens ein Buch haben, um mir meine Inszenie-
726 1632 2665 1744 rung ruhiger zu überlegen, als es später geschehen kann.
1141 1750 2885 1840 In grösster Eile mir vielen Grüssen an Deine Frau
1138 1855 1542 1981 herzlichst
2421 1885 2716 2066 Hermann
2466 2081 2803 2298 16.3.1907
2993 2162 3165 2298 145
726 2177 1250 2358 Lieber Arthur!
1198 2286 3159 2451 "Liebelei" ging im letzten Moment nicht, weil wir absolut
723 2484 3026 2584 keine Mizzi Schlager hatten (da Durieux gleichzeitig im Deutschen
741 2581 3081 2704 unentbehrlich). Dafür mache ich jetzt "Comödie der Liebe", Hoffent-
735 2659 3029 2831 lich kommts im Herbst zur L., was ich schon wegen der Höflich sehr
726 2806 3026 2978 möchte. Wegen "Märchen" sprach ich mit Reinhardt,aber da wird man
732 2945 1741 3087 lang und viel bohren müssen.
1180 2969 3062 3204 Anfang April bin ich wieder in Wien und hab Euch viel
729 3150 2891 3279 von hier zu erzählen, wo doch alles, fast alles ganz famos ist.
1183 3264 2728 3400 Herzlichst mit vielen Grüssen an Deine Frau
2460 3376 2767 3517 Hermann
