3549 4632
1527 511 1699 677 —73—
671 646 3041 840 gesehen habt, war gar nicht Schnitzlers Stücksondern sein Stück ist
677 803 3195 978 vielmehr so und so! Da ich selbst nicht dabei bin, könnte ich nur schrei-
674 915 3195 1063 ben: Das Stück ist so und sollber die Leute, die das lesen würden, werden,
668 994 3085 1169 fürchte ich, ein ganz anderes Stück gesehen haben. Ich würde über den
668 1116 3010 1295 Medardus schreiben, sie aber werden dan Herrn Gerasch sehen und ich
674 1238 3141 1404 fürchte, dass zwischen beiden Personen jede Aehnlichkeit ausgeschlossen
677 1345 3144 1520 ist. Zum Schluss wäre wahrscheinlich der arme Herr Kolle, der die Notiz
677 1445 3050 1633 über die Darstellung und die Aufnahme schreiben würde, völlig ratlos
680 1577 3104 1756 und würde noch gegen mich polemisieren müssen. Ich sehe nur Unannehm-
693 1668 3116 1853 lichkeiten für Dich und für mich und bür alle Beteiligten. Ich hoffe,
674 1812 2568 1984 Du nimmst das so, wie es gemeint ist,und verstehst es.
1072 1912 3151 2154 Grüss Deine liebe Frau herzlichst und sei selbst herzlichst
693 2066 1564 2204 von uns beiden gegrüsst.
1113 2185 1505 2320 Dein alter
2426 2210 2718 2383 Hermann
2392 2398 3129 2599 Frankfurt, 22.11.1910
3135 2527 3273 2727 70
705 2586 3032 2784 Schönsten Dank für Deinen lieben Brief und die herzlichsten Grüsse
702 2727 1539 2900 an Dich und Deine Frau!
1182 2831 1577 2985 Herzlichst
2439 2815 2743 2981 Hermann
2812 2953 2909 3085 .4.
2464 3094 2906 3235 Wien XIII/7.
2458 3207 2818 3358 17.9.1911
715 3348 1248 3505 Lieber Freund!
1169 3320 2994 3543 Möchtest Du so lieb sein, mir Dein neues Stück zu schon
727 3514 3204 3687 Burckhard hat mir neulich so viel davon so schön erzählt, dass ich noch
730 3605 3060 3809 neugieriger geworden bin. Und ich könnte es jetzt halbwegs in Ruhe
1182 3806 3210 4000 Mit den herzlichsten Grüssen von uns beiden, auch an Deine
740 3803 994 3941 lesen!
746 3966 1166 4135 liebe Frau,
2408 3950 2850 4144 Hermann Bahr.
1191 4003 1586 4188 Dein alter
