3559 4567
1515 463 1903 622 -44-
2326 535 2423 672 1
2270 600 2821 871 7.1.1904
3076 690 3225 896 107
1375 824 1490 955 G.H.F.P.
778 805 1322 970 Lieber Arthur!
1228 889 3222 1045 Kannst Du mir die Adresse des Dr.Stefan Epstein in Paris
787 1014 2737 1179 schreiben? Bitte sei so lieb. Mir gehts recht schlecht.
1232 1160 2497 1284 Deine Frau bestens grüssend bin ich
1228 1256 2009 1440 herzlichst Dein alter
2522 1303 2976 1459 Hermann Bahr
2497 1518 2855 1667 29.1.1904
3094 1524 3238 1723 108
771 1658 1319 1832 Lieber Arthur!
1241 1770 3150 1894 Ich "soll" nach Ortner zwei bis drei Monate hier blei-
793 1863 3188 2046 ben,glaube aber nicht es so lang auszuhalten. Es ist hier sehr unan-
790 2000 3194 2137 genehm und ich überlege hin und her, ob es nicht viel gescheidter wä-
787 2133 3290 2249 re,in Taormina oder Kaireo zu sitzen. Ich tue übrigens nichts,ohne vor-
784 2211 3188 2351 her Ortner zu schreiben. Der "einsame Weg" kam gestern an und wurde
796 2336 3138 2485 sogleich gelesen. Wunderbar finde ich, wie Du da von der Periperie
796 2466 3213 2578 der Menschheit, an welcher sich die meisten Stücke sonst herumbewegen,
793 2578 3197 2696 in die Mitte ihres geistigen Lebens kommst,nämlich unseres Geistigen
787 2659 3135 2830 Lebens, der Sachen, um die wir uns heute allein noch kümmern können.
809 2777 3141 2927 (Wobei ich mich an einen Satz Maeterlinoks von dem still an seinem
796 2892 3210 3048 Tische sitzenden Greise und an manches erinnere, was in meinem Dialog
809 3026 3281 3163 vom Tragischen gefordert wird). Allerdings hat mir gestern, beim ersten
805 3154 3278 3293 eiligen Lesen und in meiner jetzigen geistigen Trübung, im dramatischen
802 3238 3203 3399 Ductus etwas gefehlt, ich kann es nicht anders sagen, als dass mir die
805 3346 3188 3514 Bewegung des Stückes einige Male abzubrechen und sich dann auf eine
796 3461 3250 3642 mir nicht gleich verständliche Art wieder zu sammeln oder zu ersetzen
805 3558 3219 3779 schien. Ich lese es nun aber in ein paar Tagen wieder und mit diesen
809 3654 3284 3875 Bemerkungen ist wohl überhaupt mehr mein elender Zustand als das Stück
802 3875 1238 3999 kritisiert.
