3576 4567
3089 478 3192 640 85
1343 451 2102 691 -32-
886 497 1084 646 1:1
2510 652 2833 832 9.1.1902
792 798 1356 938 Lieber Arthur!
1249 914 3244 1063 Eben erfahre ich von meinem Sendboten, der bei Schlenther
798 1036 950 1158 war
801 1139 3180 1270 1) Schnitzler bekommt den Grillparzerpreis nicht; 2) Schlenther be-
807 1249 3138 1377 zeichnet es als absolut falsch, wenn man meine, Schnitzler sei durch
816 1374 3177 1490 die Gustl-Affaire burgtheaterunfähig geworden; diese Auffassung be-
810 1474 3116 1621 stehe weder in der Intendanz noch bei ihm selbst; die "Lebendigen
813 1575 1922 1746 Stunden" kenne er leider nicht.
1270 1691 3223 1840 Ich fahre in einer Stunde ab. Ueberleg Dir, bis ich wie-
819 1831 3104 1968 derkomme, ob ich nicht doch mit den Stücken resolut hingehen darf.
1264 1944 1660 2087 Herzlichst
2477 1947 2775 2093 Hermann
2519 2184 2839 2327 8.3.1902
3074 2266 3214 2422 86
813 2306 1337 2483 Lieber Arthur!
1279 2382 3275 2565 Ein paar Mädeln quälen mich um eine Photographie von Dir
829 2544 3275 2687 mit Unterschrift oder "ein paar Bücher mit Widmung", als Gewinnste bei
838 2644 3205 2821 einer Tombola im Concordiaklub am 16.d. Schick sie mir oder schreib
826 2769 2507 2927 mir nein, damit ich nur das Gezwitscher los bin.
1292 2885 1672 3037 Herzlichst
1292 3019 1474 3144 Dein
2501 3049 2955 3229 Hermann Bahr
2464 3284 2803 3454 1.4.1902
3122 3327 3250 3500 87
819 3430 1374 3585 Lieber Arthur!
1295 3503 3156 3674 Die mir zugeschickten Proben sind von jener heute so
850 3637 3275 3802 weit verbreiteten Talentlosigkeit,die glaubt,es genüge einige Wendun-
844 3765 3235 3924 gen von "modernen" Autoren aufzuschnappen, und gar nicht zu bemerken
