3559 4583
1560 465 1828 655 -28—
724 633 3195 789 den, dass es wohl nicht mehr gestört werden kann, mögen unsere Meinungen
721 774 3179 905 immerhin auch künftig noch manchmal auseinandergehen. Hugo ist
736 864 3201 1017 sehr stolz, weil er das Gefühl hat, in dieser Sache von jeher gescheiter
727 1036 2293 1161 gewesen zu sein, als wir es Jahre lang waren.
1186 1120 3092 1264 Für Pötzl kann ich, so unerfreulich er sich gegen mich,
724 1239 3154 1345 mit anonymen Briefen und auf Hintertreppen operierend, fortgesetzt be-
733 1351 3229 1476 nimmt, eine stille Bewunderung nicht los werden, weil er doch das vollen-
736 1441 3123 1579 detste Exemplar des bideren Wieners ist, und mir immer nur leid thut,
743 1579 3161 1694 dass ihn Flaubert nicht gekannt hat, der ein wahres Freudengeheul über
736 1691 3061 1803 ihn ausgestossen hätte. "Den Arier" müsste einmal Jemand schildern
739 1753 3136 1925 und müsste einmal die andere Seite der "armen Spielleute" zeigen, den
743 1872 3207 2050 gemütlichen Naderer, der eigentlich der Grundtypus des Osterreichers zu
739 1978 3129 2172 sein scheint, was irgendwie sehr tief, mit dem Katholicismus zusammen-
739 2112 3101 2271 zuhängen scheint - worüber Poldi und Hugo freilich Zeter und Mordio
749 2203 3176 2402 schreien würden. Pötzl oder der Herr Davis von der "Reichswehr" oder
749 2343 3167 2512 der Ton des Kikeriki - das sind lauter Sachen, die an den Hof Philipps
739 2499 3235 2627 gehören und die ich mir grossartig von Velas-quez gemalt denken könnte.
1164 2586 2630 2742 Einen guten Sommer wünscht Dir herzlichst
1164 2730 1342 2861 Dein
2484 2708 2749 2855 Hermann
2412 2827 2883 2939 ...J..J
1591 2730 1825 2927 Berg.
2477 2961 2836 3139 12.9.1901
3095 2995 3189 3167 re
743 3098 1279 3273 Lieber Arthur!
1211 3173 3192 3348 Ich habe Deine Stücke gestern abends bekommen,nachts ge-
752 3332 3139 3494 lesen und heute früh dem Bukovies gegeben. Die Idee, die Du in ihnen
749 3410 3254 3597 mit Deiner wunderbaren,ja ganz einzigen Technik ausführst,geht mir sehr
752 3569 3167 3700 nahe und berührt mich sehr; in einer der "Existenzen", für Salten, ist
755 3700 3210 3834 was ähnliches gemeint, nur pantonimisch und schon deshalb wahrer darge-
746 3797 3214 3956 stellt. In den „Lebendigen Stunden“ möchte ich die Verstorbene deutli-
