3554 4631
1417 496 1566 651 77—
672 633 3014 888 freuen uns Beide sehr, sehr, sehr darauf, Euch dann hier zu haben und
684 782 2208 937 einmal ausgiebig mit Euch zusammen zu sein.
1092 912 1624 1040 Immer derselbe
2403 918 2698 1098 Hermann
2305 1156 2965 1332 Salzburg, 20.7.1913
3053 1201 3190 1378 178
693 1338 1226 1490 Lieber Arthur!
1144 1390 3199 1548 Herzlichen Dank für Dein so liebes Geschenk, das meine Wand
718 1518 3069 1709 schmückt, und für Euer gutes Telegramm, das mein Herz erfreut! Bleibt
699 1612 3059 1837 mir, was Ihr mir seit so vielen Jahren seid! Ich will immer der Eure
2400 1712 2856 1925 Hermann Bahr
718 1810 931 1910 sein!
2485 1946 3120 2168 Salzburg,7.3.1914
3111 2071 3239 2247 179
721 2171 1250 2339 Lieber Arthur!
1183 2162 3175 2409 Ich bin in der letzten Zeit so viel herumgezaubelt (Czer-
727 2366 3108 2549 nowitz, Lemberg, Brünn, dann Berchtesgaden skiend,dann Münchner Suffra-
739 2436 3069 2661 getten, dann Darmstadt bei Hofe - die Welt ist sehr rund), dass ich
748 2567 2983 2746 jetzt erst dazu komme.Dir zusagen,wie furchtbar leid es mir tat,
742 2652 3129 2871 Euren lieben Besuch versäumt zu haben. So gern möchte ich Euch Beide
757 2786 3196 2971 wieder einmal sehen, so gern Euch unsere Behausung und den Park zeigen,
763 2895 3053 3114 so viel hätte sch Dich zu fragen, Dir zu sagen! Hoffentlich trifft
766 3026 3108 3209 sichs das nächste Mal besser. Aber wann wird dies nächtete Mal sein?
769 3120 3084 3321 Wir gehen ja heuer schon zu Pfingsten nach Veldig,da wir Ende Juni
772 3239 3157 3449 schon nach Bayreuth müssen, bis Ende August dort bleiben und uns also
766 3342 3215 3543 eigentlich jetzt schon auf den Herbst hier freuen, bevor noch der Früh-
776 3540 1226 3677 ling da ist.
1153 3583 3044 3765 Lasst es Euch immer gut gehen, grüss auch die Kinder,
779 3707 3205 3893 sie gleich nichts von mir wissen, herzlich von mir und bleibt mir gut,
791 3820 3020 4084 wie ich Euch immer derselbe bleiben will, eben dieser Euer alter
2643 3954 2752 4109 Herr
