3576 4567
1638 428 1888 633 36—
3122 486 3279 676 913
2528 567 2887 769 22.2.1903
814 721 1348 836 Lieber Arthur!
1270 811 3065 995 Ich hätte Dir so viel zu sagen,so viet zu danken -
826 950 3191 1068 da ich wirklich das Gefühl habe, wenn Du mich nicht zu Deinem Bruder
820 1071 3113 1197 geschickt hättest, verloren gewesen zu sein, und da mich auch Deine
823 1182 3083 1291 Theilnahme an meiner Krankheit sehr gerührt hat – aber ich kanns
814 1285 3131 1427 nicht, da ich noch immer so hin und so grenzenlos müd bin, dass ich,
811 1390 3080 1568 wenn ich ein paar Zeilen kritzle,gleich ganz in Schweiss gebadet
817 1538 3140 1650 bin. Sonst geht es mir, bis auf die leichte Bauchdeckeneiterung, die
811 1647 3236 1780 immer noch andauert, ganz gut. Aber ich erwarte immer noch die berühm-
814 1737 3164 1921 te Stimmung der Gemäung, die der Dichter Trebitsch so schön geschil-
808 1867 1134 2018 dert hat.
1222 1906 2615 2054 Mit Grüssen an Brahm und alle Bekannten
1225 2042 2120 2190 herzlichst Dein dankbarer
2510 2090 2784 2232 Hermann
2464 2310 2814 2461 15.3.1903
3083 2374 3218 2525 94
796 2446 1300 2567 Lieber Arthur
1252 2519 3197 2681 ich kann aus unserer Depesche nicht recht erkennen, wies
805 2669 3080 2793 eigentlich ergangen ist, freue mich aber sehr, dass die Leute Dein
799 2760 3194 2884 Schmerzenskind wenigstens endlich einmal gesehen haben, und hoffe für
796 2914 3191 3031 Berlin, dass sich doch noch ein paar Kritiker finden werden, die seine
793 2995 3158 3152 Schönheit merken. Ich liege seit vierzehn Tagen wieder, eine Ligatur
802 3161 1086 3306 eitert.
1249 3152 1638 3354 Herzlichst
1249 3324 1433 3423 Dein
2497 3315 2781 3469 Hermann
