4925 4667
2788 450 2984 600 —8é
3681 517 4253 786 Wien, 29.7.1894
1912 713 2778 924 Mein Telephon ist 6415.
4290 640 4465 909 25
2699 808 3084 1019 Herzlichst
3648 786 3843 1016 Bahr
1922 1001 4247 1154 D. schreibt mir heute, dass sie am 5. "auf zwei Minuten" nach Wien
1928 1132 2188 1276 kommt.
3703 1328 4284 1493 Wien, 22.10.1894
3302 1438 3470 1561 G.H.F.P.
1922 1481 2485 1619 Lieber Arthur!
3586 1524 4394 1707 Revue nicht bringen,da
2417 1551 3596 1723 Ich darf diese Novelle in meiner
3586 1643 3859 1738 gemacht
1934 1704 4397 1839 sie Dir nicht nützen würde: sie ist geschickt, aber doch nach
1946 1812 4305 1952 meinem Gefühl nur "Mache", unintim und zu äusserlich auf den Effekt-
1931 1928 4321 2069 sie klingt wie ein Drama von Felix Philippi. Gerade das müssen wir
1946 2004 4394 2182 vermeiden, wenn sich nicht gerade unsere Feinde freuen sollen. Bist Du
1931 2170 3908 2378 mir bös, dass ich Dir das so unverschämtaufrichtig sage?
2427 2283 3008 2479 Herzlichst Dein
3678 2277 4088 2448 Hermann B.
3724 2500 4275 2671 Wien, 16.5.1895
1934 2665 2448 2824 Lieber Thuri!
2399 2736 3999 2919 Herzlichen Dank für Deine lieben Wünsche von
2402 2910 2870 3057 Deinem alten
3721 2959 4079 3106 Hermann
3724 3179 4305 3332 Wien, 13.6.1895
1952 3256 2491 3522 Lieber Arthur!
2445 3400 4391 3608 Ich bin von Fischer nie pro Seite,nie pro Werk bezahlt
1971 3543 4425 3678 worden, sondern er hat mir tausend Mark geliehen, dann habe ich einiges
1971 3660 4422 3843 geschrieben, dann hat er mir wieder geliehen und wir waren beide immer
1968 3755 4336 3978 überzeugt, dass der andere ein grosser Schuft ist. Deshalb kann ich
1968 3914 2990 4107 Deine Frage nicht bkantworten.
2681 3987 3020 4094 lehst Dein
3709 3963 4030 4094 Hermann
