3526 4631
1588 502 1758 675 -59—
2351 678 2710 812 27.9.1906
1949 718 2032 839 5.
2904 690 3059 928 141
645 766 1183 937 Lieber Arthur!
1107 906 3117 1083 Verzeihedass ich diktiere, aber mich macht das Mechanische
657 1022 1861 1174 des Schreibens schrecklich nervös.
1092 1122 2980 1271 Ich bleibe bis zum 1. November noch in Wien und möchte
654 1256 2980 1390 nun sehr gern Ende der nächsten Woche oder Anfang der übernächstens
651 1375 3075 1548 Woche einmal Vormittag zu Dir kommen. Vielleicht bestimmst Du mir ei-
648 1484 1445 1639 nen Tag, der Dir passt,
1101 1581 2968 1730 Und noch etwas: Du hast einen russischen Uebersetzer,
657 1703 3014 1825 der sich auf einmal an mich gewendet hat, ich habe aber seinen Namen
651 1819 2740 1968 und seine Adresse vergessen. Kannst Du mir diese schreiben?
1095 1937 2217 2059 Mit vielen Grüssen an Frau Olga
1089 2053 1667 2196 herzlichst Dein
2342 2117 2795 2266 Hermann Bahr
2372 2339 2768 2485 16.10.1906
2920 2363 3099 2521 142
648 2473 1156 2619 Lieber Arthur!
1098 2576 3108 2707 Ich sende Dir beiliegend einen kleinen Akt mit der Frage,
657 2692 3090 2834 ob Du was dagegen hast, dass ich ihm, wenn er gedruckt ist, die folgende
651 2810 1262 2956 Widmung vorsetze:
1110 2932 2503 3056 "In Erinnerung an meinen lieben Anatol",
1092 3029 2923 3172 Mir ist nämlich folgendes passiert: Ich schrieb den
648 3166 3072 3278 Akt“Bach einer wahren Begebenheit“ (worüber gelegentlich einmal münd-
648 3233 3081 3394 lich), eigentlich nur, weil ich Spass an der weiblichen Figur fand; nun
654 3354 3008 3513 teilt mir Burckhard mit, dass es eigentlich das Abschiedssouper ist,
651 3473 2947 3592 ich erschrecke, denke nach und kann es nicht läugnen. Du wirst mir
657 3577 3102 3768 glauben, dass es unbewusst war. Ich möchte aber doch jedenfalls öffent-
654 3704 2704 3823 lich irgendwie den wahren Autor nennen: daher die Widmung.
1052 3850 2968 3987 Ich lasse Deiner lieben Frau herzlichst für die Bilder
