3512 4648
1575 493 1759 690 —55—
742 659 3154 864 dem ersten Eindruck nur folgendes: prachtvoll finde ich den Vater, von
739 892 3099 996 einer Plastik, die vielleicht noch nie eine Figur von Dir gehabt hat,
726 959 3016 1082 ebenso stehen mir Marie und die gleich von mir geliebte Katharina
726 1106 3145 1229 wunderbar lebendig da, auch Dr.Schindler und Rainer sehe und höre ich,
729 1208 3188 1321 wenn schon ferner und stiller als jene. Dagegen (die Schuld mag an mir
733 1290 3160 1453 liegen, ich will Dir auch nur meinen ersten Eindruck sagen, wie sich ja
726 1413 3191 1545 schliesslich auch das Publikum immer nur an den unmittelbaren Eindruck
726 1529 3007 1649 hält) dagegen sehe ich den Obersten, seine Frau und Max gar nicht.
726 1637 3059 1814 Den Obersten kann ich mir denken, und es reizt mich sehr, mir ihn zu
733 1747 3123 1913 denken, er geht mir nach, ich ihm, und ich dichte mir sein ganzes Leben
723 1857 3053 2001 hinzu,bald dieses, bald jenes, aber dies bleibt meiner Willkür frei,
729 2023 3135 2139 ich muss nicht, denn es ist doch zu wenig von seiner Vergangenheit da,
733 2093 3108 2247 und nichts, das mich zwingen würde, daraus sein ganzes Wesen zu erken-
733 2191 3114 2345 nen. Was noch mehr für seine Frau und vom Leutenant gilt. Die Kritik
729 2320 3111 2467 wird deshalb den zweiten Akt zu stark an Handlung und melodramatisch
733 2431 3013 2590 oder boulevarddramatisch oder dergleichen finden. Er ist es nicht
736 2575 3142 2691 gewiss nicht, nur scheint mir der Ausgleich zwischen der auf die Hand-
733 2700 3175 2804 lung verteilten Kraft und der in die Figuren gelegten nicht völlig ge-
739 2798 3172 2936 troffen. Woher auch wohl das Gefühl stammt, das ich sehr lebhaft hatte,
736 2930 3083 3050 der Akt sei viel zu kurz, als ob alles nur angedeutet wäre, besonders
729 3059 3028 3160 an der sehr ruhig breiten Ausführung im ersten und dann wieder im
729 3135 3151 3283 dritten Akt gemessen. Doch über all das mündlich, sehr bald, wir müssen
733 3267 3059 3384 uns endlich einmal gründlich sehen. Grüss Deine liebe Frau bestens
729 3359 2087 3574 und sei herzlichst gegrüsst von Deinem
2412 3408 2541 3558 H.
726 3549 3059 3693 Brauchst Du das Manuscript zurückt "Zwischenspiel" les ich morgen.
