3554 4631
831 445 1121 683 1 „ „
1535 466 1736 692 -78—
2332 624 2996 781 Venedig, Lido, Villa
2335 751 2956 886 Trieste, 14.6.1914
3030 828 3181 979 180
667 880 1214 1035 Lieber Arthur!
1121 958 2993 1127 An den Rekurs Burckhards erinnere ich mich, weiss aber
686 1072 3036 1251 gar nicht, ob ich ihn noch habe, ob er nicht vielleicht noch irgendwo
680 1192 2999 1374 bei Gericht liegt. Nun ist das Ungeschickte nur, dass ich erst Ende
692 1300 3175 1483 August wieder nach Salzburg komme, meine Laden und Kasten alle versperrt
689 1430 3039 1569 sind und ich keinen Menschen in der Wohnung habe, der suchen könnte.
686 1529 3018 1696 Wenn ich Anfang September wieder daheim bin, will ich gleich einmal
692 1671 2057 1841 suchen. Hoffentlich hath so lang Zeit!
1177 1699 3160 1980 Dir und Deiner lieben Frau von uns Beiden alles Schönste
695 1841 1084 2057 und Beste!
1177 1961 1585 2107 Dein alter
2462 1927 2761 2100 Hermann
2434 2178 2792 2323 10.2.1915
3095 2227 3231 2397 181
701 2323 1245 2561 Lieber Arthur!
1168 2372 3147 2567 Herzlichen Dank für den lieben Brief, der uns Beiden eine
732 2542 3151 2706 grosse Freude gemacht hat! Meine Frau möchte sehr gern einmal in Wien
720 2669 3185 2811 Lieder singen, Schubert, Hugo Wolf und die Wesendoncklieder am liebsten.
723 2752 2990 2925 Jetzt aber geht das nicht, sie kann hier nicht abkommen von ihrem
735 2863 3144 3110 Spital (ich schrieb das Heller gestern schon). Auch bin ich der Mei-
738 2974 3101 3154 nung, dass es besser ist, dazu eine stillere, für Kunst empfänglichere
735 3113 3076 3283 Zeit abzuwarten. Willst Du aber nicht so lange warten,so komm doch
735 3228 3120 3404 her, Du kannst es bei uns viel schöner haben als je in einem Konzert,
744 3342 3135 3509 was doch von vorneherein die scheusslichete Kunstwidrigkeit ist! Wir
744 3435 3163 3651 würden uns herzlich freuen und ich hätte ja so viel mit Dir zu reden,
1171 3564 3138 3802 Grüss Frau Olga in alter herzlicher Verehrung schönstens
744 3642 1118 3787 Tage lang!
754 3731 3178 3898 von mir und kommt wirklich bald einmal! (Aber mit Nachricht ein paar
766 3818 3064 3963 Tage früher, damit ich nicht gerade weg bin, in München oder in den
747 3944 1069 4056 Bergen!)
1158 3920 1949 4114 Herzlichst Dein alter
2471 3910 2712 4145 Herman
