<?xml version="1.0" encoding="UTF-8" standalone="yes"?>
<PcGts xmlns="http://schema.primaresearch.org/PAGE/gts/pagecontent/2013-07-15" xmlns:xsi="http://www.w3.org/2001/XMLSchema-instance" xsi:schemaLocation="http://schema.primaresearch.org/PAGE/gts/pagecontent/2013-07-15 http://schema.primaresearch.org/PAGE/gts/pagecontent/2013-07-15/pagecontent.xsd">
    <Metadata>
        <Creator>prov=READ-COOP:name=TrHtr:version=2.1.0:model_id=51170:date=24_07_2023_22:08</Creator>
        <Created>2023-05-01T21:47:50.789+02:00</Created>
        <LastChange>2023-07-24T22:08:08.052+02:00</LastChange>
        <TranskribusMetadata docId="1416399" pageId="54944607" pageNr="39" tsid="130574133" status="IN_PROGRESS" userId="64420" imgUrl="https://files.transkribus.eu/Get?id=LFWHQPUFWNDCUCEOSMKMJOOI&amp;fileType=view" xmlUrl="https://files.transkribus.eu/Get?id=NYEUXIREZYAOYYQMWNVAQNNW" imageId="44448693"/>
    </Metadata>
    <Page imageFilename="1416399_0039.jpg" imageWidth="3576" imageHeight="4567">
        <ReadingOrder>
            <OrderedGroup id="ro_1711833027917" caption="Regions reading order">
                <RegionRefIndexed index="0" regionRef="tr_1"/>
                <RegionRefIndexed index="1" regionRef="tr_2"/>
            </OrderedGroup>
        </ReadingOrder>
        <TextRegion id="tr_1" custom="readingOrder {index:0;}">
            <Coords points="805,520 3292,520 3292,2783 805,2783"/>
            <TextLine id="tr_1_tl_1" custom="readingOrder {index:0;}">
                <Coords points="1578,639 1609,642 1670,602 1701,599 1741,574 1775,580 1772,503 1741,513 1692,497 1664,506 1646,522 1621,509 1602,525 1575,522"/>
                <Baseline points="1593,570 1638,573 1683,579 1728,579 1773,573 1779,570"/>
                <TextEquiv>
                    <Unicode>-37-</Unicode>
                </TextEquiv>
            </TextLine>
            <TextLine id="tr_1_tl_2" custom="readingOrder {index:1;}">
                <Coords points="3131,627 3146,627 3208,664 3230,651 3248,651 3236,500 3217,503 3211,497 3205,503 3196,497 3143,550 3125,550"/>
                <Baseline points="3146,608 3190,614 3235,617 3253,614"/>
                <TextEquiv>
                    <Unicode>95</Unicode>
                </TextEquiv>
            </TextLine>
            <TextLine id="tr_1_tl_3" custom="readingOrder {index:2;}">
                <Coords points="2495,766 2590,747 2627,763 2668,756 2686,772 2736,747 2773,766 2803,747 2862,744 2865,624 2797,608 2763,621 2745,602 2649,645 2547,611 2498,611"/>
                <Baseline points="2513,728 2558,731 2602,728 2647,728 2692,728 2737,725 2781,722 2826,722 2871,719"/>
                <TextEquiv>
                    <Unicode>16.3.1903</Unicode>
                </TextEquiv>
            </TextLine>
            <TextLine id="tr_1_tl_4" custom="readingOrder {index:3;}">
                <Coords points="787,905 973,892 1022,911 1053,892 1112,914 1164,892 1210,911 1232,889 1325,886 1331,747 1275,775 1195,753 1112,781 1065,756 982,797 790,781"/>
                <Baseline points="805,883 838,880 883,880 928,877 973,877 1017,877 1062,877 1107,874 1152,874 1196,871 1241,871 1286,868 1331,865"/>
                <TextEquiv>
                    <Unicode>Lieber Arthur!</Unicode>
                </TextEquiv>
            </TextLine>
            <TextLine id="tr_1_tl_5" custom="readingOrder {index:4;}">
                <Coords points="1260,1010 3128,988 3189,982 3192,861 1263,889"/>
                <Baseline points="1277,985 1319,985 1364,985 1408,985 1453,982 1498,979 1543,979 1588,976 1632,976 1677,973 1722,973 1767,973 1811,970 1856,970 1901,970 1946,970 1990,967 2035,967 2080,964 2125,964 2170,961 2214,961 2259,961 2304,961 2349,961 2393,961 2438,961 2483,961 2528,961 2573,958 2617,958 2662,955 2707,955 2752,955 2796,952 2841,952 2886,949 2931,949 2976,946 3020,946 3065,943 3110,940 3155,940 3199,943"/>
                <TextEquiv>
                    <Unicode>Ich gratuliere Dir herzlichst zu dem, wie ich von Herrn</Unicode>
                </TextEquiv>
            </TextLine>
            <TextLine id="tr_1_tl_6" custom="readingOrder {index:5;}">
                <Coords points="806,1152 2970,1115 3282,1087 3285,979 809,1019"/>
                <Baseline points="823,1113 829,1110 874,1110 919,1107 964,1107 1008,1104 1053,1101 1098,1101 1143,1101 1188,1101 1232,1101 1277,1098 1322,1098 1367,1098 1411,1098 1456,1098 1501,1095 1546,1095 1590,1092 1635,1092 1680,1089 1725,1089 1770,1089 1814,1086 1859,1086 1904,1083 1949,1083 1993,1083 2038,1080 2083,1080 2128,1080 2173,1077 2217,1077 2262,1077 2307,1074 2352,1074 2396,1074 2441,1074 2486,1071 2531,1074 2576,1071 2620,1071 2665,1068 2710,1068 2755,1068 2799,1068 2844,1068 2889,1068 2934,1065 2978,1062 3023,1062 3068,1059 3113,1056 3158,1056 3202,1053 3247,1053 3292,1047"/>
                <TextEquiv>
                    <Unicode>Epstein erfahre, aussergewöhnlich starken Erfolge der “L.St.”,der mich</Unicode>
                </TextEquiv>
            </TextLine>
            <TextLine id="tr_1_tl_7" custom="readingOrder {index:6;}">
                <Coords points="803,1241 3149,1223 3152,1099 803,1158"/>
                <Baseline points="820,1229 832,1229 877,1226 922,1226 967,1223 1011,1223 1056,1220 1101,1220 1146,1217 1191,1217 1235,1214 1280,1214 1325,1214 1370,1214 1414,1214 1459,1211 1504,1208 1549,1208 1593,1208 1638,1208 1683,1205 1728,1205 1773,1205 1817,1202 1862,1202 1907,1202 1952,1199 1996,1199 2041,1199 2086,1196 2131,1196 2176,1193 2220,1193 2265,1193 2310,1191 2355,1191 2399,1193 2444,1191 2489,1188 2534,1188 2579,1188 2623,1188 2668,1185 2713,1185 2758,1182 2802,1182 2847,1182 2892,1179 2937,1176 2981,1176 3026,1173 3071,1170 3116,1170 3161,1167"/>
                <TextEquiv>
                    <Unicode>nicht blos um Deinetwillen, sondern auch deswegen so freut, weil die</Unicode>
                </TextEquiv>
            </TextLine>
            <TextLine id="tr_1_tl_8" custom="readingOrder {index:7;}">
                <Coords points="806,1352 3035,1331 3152,1223 809,1241"/>
                <Baseline points="823,1343 832,1340 877,1340 922,1340 967,1337 1011,1337 1056,1337 1101,1334 1146,1334 1191,1334 1235,1334 1280,1331 1325,1331 1370,1328 1414,1328 1459,1328 1504,1325 1549,1325 1593,1325 1638,1322 1683,1322 1728,1319 1773,1319 1817,1319 1862,1316 1907,1316 1952,1313 1996,1313 2041,1313 2086,1313 2131,1310 2176,1310 2220,1310 2265,1307 2310,1307 2355,1307 2399,1307 2444,1304 2489,1304 2534,1304 2579,1304 2623,1301 2668,1301 2713,1298 2758,1298 2802,1295 2847,1295 2892,1295 2937,1292 2981,1292 3026,1289 3071,1286 3116,1286 3161,1283"/>
                <TextEquiv>
                    <Unicode>Gelehrten des Deutschen Volkstheaters wieder einmal so zu Schanden</Unicode>
                </TextEquiv>
            </TextLine>
            <TextLine id="tr_1_tl_9" custom="readingOrder {index:8;}">
                <Coords points="812,1467 880,1488 945,1467 982,1488 1040,1463 1074,1482 1118,1463 1164,1488 1229,1460 1257,1488 1287,1463 1334,1476 1337,1346 1229,1371 1139,1352 1105,1368 1010,1349 923,1371 898,1349 815,1358"/>
                <Baseline points="829,1462 850,1462 895,1459 940,1456 985,1453 1029,1453 1074,1453 1119,1450 1164,1450 1208,1450 1253,1447 1298,1447 1343,1447"/>
                <TextEquiv>
                    <Unicode>geworden sind.</Unicode>
                </TextEquiv>
            </TextLine>
            <TextLine id="tr_1_tl_10" custom="readingOrder {index:9;}">
                <Coords points="1294,1584 3192,1547 3242,1414 1297,1476"/>
                <Baseline points="1310,1561 1322,1561 1367,1558 1411,1558 1456,1558 1501,1558 1546,1555 1590,1555 1635,1552 1680,1549 1725,1549 1770,1549 1814,1546 1859,1546 1904,1546 1949,1546 1993,1543 2038,1543 2083,1543 2128,1543 2173,1540 2217,1540 2262,1537 2307,1534 2352,1534 2396,1534 2441,1531 2486,1531 2531,1531 2576,1528 2620,1528 2665,1525 2710,1525 2755,1525 2799,1522 2844,1519 2889,1519 2934,1516 2978,1516 3023,1513 3068,1513 3113,1513 3158,1510 3202,1507 3247,1504"/>
                <TextEquiv>
                    <Unicode>Mir gehts heute wieder gut, nur habe ich nach den Erfah-</Unicode>
                </TextEquiv>
            </TextLine>
            <TextLine id="tr_1_tl_11" custom="readingOrder {index:10;}">
                <Coords points="815,1695 3010,1680 3211,1639 3214,1550 818,1593"/>
                <Baseline points="832,1686 847,1683 892,1683 937,1683 982,1683 1026,1683 1071,1680 1116,1680 1161,1677 1205,1677 1250,1677 1295,1674 1340,1674 1385,1674 1429,1671 1474,1668 1519,1668 1564,1668 1608,1665 1653,1665 1698,1665 1743,1662 1787,1662 1832,1662 1877,1662 1922,1659 1967,1659 2011,1656 2056,1656 2101,1653 2146,1653 2190,1650 2235,1650 2280,1650 2325,1647 2370,1647 2414,1644 2459,1644 2504,1644 2549,1641 2593,1641 2638,1638 2683,1638 2728,1638 2773,1638 2817,1635 2862,1632 2907,1632 2952,1632 2996,1629 3041,1626 3086,1626 3131,1623 3176,1623 3220,1614"/>
                <TextEquiv>
                    <Unicode>rungen der letzten Wochen schon gar nicht mehr recht den Mut zu hof-</Unicode>
                </TextEquiv>
            </TextLine>
            <TextLine id="tr_1_tl_12" custom="readingOrder {index:11;}">
                <Coords points="815,1828 2776,1800 2779,1680 818,1701"/>
                <Baseline points="835,1799 853,1799 898,1799 943,1799 988,1799 1032,1796 1077,1796 1122,1796 1167,1793 1211,1790 1256,1787 1301,1787 1346,1787 1390,1787 1435,1787 1480,1785 1525,1782 1570,1782 1614,1782 1659,1779 1704,1779 1749,1776 1793,1776 1838,1776 1883,1773 1928,1773 1973,1773 2017,1776 2062,1770 2107,1770 2152,1767 2196,1764 2241,1764 2286,1764 2331,1761 2376,1764 2420,1761 2465,1761 2510,1761 2555,1758 2599,1755 2644,1755 2689,1755 2734,1755 2779,1755"/>
                <TextEquiv>
                    <Unicode>fen, dass ich noch einmal wirklich gesund werden sollte.</Unicode>
                </TextEquiv>
            </TextLine>
            <TextLine id="tr_1_tl_13" custom="readingOrder {index:12;}">
                <Coords points="1272,1920 1408,1914 1479,1933 1507,1911 1556,1927 1599,1908 1661,1920 1664,1803 1562,1828 1457,1806 1399,1828 1352,1815 1328,1837 1275,1825"/>
                <Baseline points="1289,1898 1310,1901 1355,1901 1399,1901 1444,1901 1489,1898 1534,1898 1579,1895 1623,1892 1668,1895"/>
                <TextEquiv>
                    <Unicode>Herzlichst</Unicode>
                </TextEquiv>
            </TextLine>
            <TextLine id="tr_1_tl_14" custom="readingOrder {index:13;}">
                <Coords points="1278,2028 1318,2032 1340,2047 1392,2035 1411,2053 1420,2044 1436,2056 1451,2056 1454,1930 1402,1936 1377,1961 1352,1961 1303,1920 1281,1924"/>
                <Baseline points="1295,2017 1325,2017 1370,2014 1414,2014 1459,2014"/>
                <TextEquiv>
                    <Unicode>Dein</Unicode>
                </TextEquiv>
            </TextLine>
            <TextLine id="tr_1_tl_15" custom="readingOrder {index:14;}">
                <Coords points="2485,2121 2587,2084 2615,2087 2634,2069 2665,2100 2705,2084 2773,2093 2776,1970 2745,1979 2695,1970 2671,1988 2612,1985 2594,1970 2566,1979 2535,1961 2492,1982"/>
                <Baseline points="2504,2041 2510,2041 2555,2041 2599,2038 2644,2038 2689,2035 2734,2035 2779,2035"/>
                <TextEquiv>
                    <Unicode>Hermann</Unicode>
                </TextEquiv>
            </TextLine>
            <TextLine id="tr_1_tl_16" custom="readingOrder {index:15;}">
                <Coords points="2532,2331 2603,2334 2668,2303 2717,2328 3060,2309 3060,2201 3038,2195 2964,2208 2810,2189 2779,2211 2754,2195 2689,2211 2624,2192 2584,2217 2535,2214"/>
                <Baseline points="2552,2268 2576,2268 2620,2265 2665,2265 2710,2265 2755,2265 2799,2262 2844,2262 2889,2262 2934,2259 2978,2256 3023,2256 3068,2259"/>
                <TextEquiv>
                    <Unicode>Ende März 1903</Unicode>
                </TextEquiv>
            </TextLine>
            <TextLine id="tr_1_tl_17" custom="readingOrder {index:16;}">
                <Coords points="3149,2334 3174,2325 3183,2331 3220,2325 3236,2334 3239,2325 3257,2322 3230,2174 3199,2177 3168,2208 3149,2195 3125,2201"/>
                <Baseline points="3158,2289 3202,2301 3247,2307 3262,2310"/>
                <TextEquiv>
                    <Unicode>96</Unicode>
                </TextEquiv>
            </TextLine>
            <TextLine id="tr_1_tl_18" custom="readingOrder {index:17;}">
                <Coords points="815,2507 877,2510 1108,2436 1207,2479 1278,2451 1340,2464 1340,2359 1300,2374 1158,2337 1074,2371 1047,2350 994,2365 966,2346 926,2359 818,2340"/>
                <Baseline points="835,2426 880,2426 925,2426 970,2426 1014,2426 1059,2426 1104,2426 1149,2423 1193,2420 1238,2420 1283,2417 1328,2423 1346,2426"/>
                <TextEquiv>
                    <Unicode>Lieber Arthur,</Unicode>
                </TextEquiv>
            </TextLine>
            <TextLine id="tr_1_tl_19" custom="readingOrder {index:18;}">
                <Coords points="1291,2578 2983,2547 3060,2535 3063,2418 1294,2489"/>
                <Baseline points="1310,2534 1325,2537 1370,2534 1414,2531 1459,2534 1504,2531 1549,2528 1593,2528 1638,2525 1683,2522 1728,2522 1773,2522 1817,2519 1862,2519 1907,2516 1952,2516 1996,2516 2041,2513 2086,2510 2131,2510 2176,2507 2220,2507 2265,2507 2310,2504 2355,2504 2399,2504 2444,2501 2489,2498 2534,2498 2579,2495 2623,2492 2668,2492 2713,2492 2758,2492 2802,2492 2847,2489 2892,2486 2937,2483 2981,2483 3026,2483 3071,2489"/>
                <TextEquiv>
                    <Unicode>sehr gern und mit grosser Freude schreibe ich über</Unicode>
                </TextEquiv>
            </TextLine>
            <TextLine id="tr_1_tl_20" custom="readingOrder {index:19;}">
                <Coords points="840,2698 3202,2643 3205,2538 988,2615 843,2553"/>
                <Baseline points="856,2659 880,2659 925,2659 970,2656 1014,2659 1059,2656 1104,2653 1149,2653 1193,2650 1238,2650 1283,2647 1328,2647 1373,2647 1417,2644 1462,2644 1507,2644 1552,2644 1596,2641 1641,2638 1686,2638 1731,2635 1776,2635 1820,2632 1865,2632 1910,2632 1955,2629 1999,2629 2044,2629 2089,2626 2134,2626 2179,2623 2223,2623 2268,2620 2313,2620 2358,2620 2402,2617 2447,2617 2492,2614 2537,2614 2581,2611 2626,2608 2671,2608 2716,2608 2761,2605 2805,2605 2850,2602 2895,2602 2940,2602 2984,2599 3029,2599 3074,2599 3119,2596 3164,2593 3208,2596"/>
                <TextEquiv>
                    <Unicode>den "Reigen" und natürlich so bald als nur irgend möglich. Wann, das</Unicode>
                </TextEquiv>
            </TextLine>
            <TextLine id="tr_1_tl_21" custom="readingOrder {index:20;}">
                <Coords points="840,2785 3050,2776 3233,2754 3236,2640 843,2702"/>
                <Baseline points="856,2770 868,2773 913,2773 958,2770 1002,2770 1047,2770 1092,2767 1137,2767 1182,2767 1226,2764 1271,2761 1316,2761 1361,2761 1405,2761 1450,2758 1495,2758 1540,2755 1585,2755 1629,2752 1674,2752 1719,2752 1764,2749 1808,2749 1853,2749 1898,2746 1943,2743 1987,2743 2032,2740 2077,2743 2122,2740 2167,2737 2211,2737 2256,2734 2301,2731 2346,2731 2390,2731 2435,2731 2480,2728 2525,2728 2570,2725 2614,2725 2659,2722 2704,2722 2749,2719 2793,2716 2838,2716 2883,2716 2928,2713 2973,2710 3017,2710 3062,2707 3107,2707 3152,2704 3196,2704 3241,2701"/>
                <TextEquiv>
                    <Unicode>weiss ich freilich nicht und bitte Dich, damit nicht irgend eine Ver-</Unicode>
                </TextEquiv>
            </TextLine>
        </TextRegion>
        <TextRegion id="tr_2" custom="readingOrder {index:1;}">
            <Coords points="856,2767 3268,2767 3268,3833 856,3833"/>
            <TextLine id="tr_2_tl_1" custom="readingOrder {index:0;}">
                <Coords points="840,2921 3072,2902 3137,2776 843,2810"/>
                <Baseline points="856,2892 859,2892 904,2892 949,2892 993,2889 1038,2886 1083,2886 1128,2883 1173,2883 1217,2880 1262,2877 1307,2877 1352,2874 1396,2874 1441,2871 1486,2871 1531,2871 1576,2871 1620,2874 1665,2871 1710,2868 1755,2865 1799,2862 1844,2862 1889,2859 1934,2859 1979,2859 2023,2856 2068,2856 2113,2850 2158,2850 2202,2850 2247,2850 2292,2847 2337,2847 2382,2847 2426,2844 2471,2841 2516,2841 2561,2838 2605,2835 2650,2835 2695,2835 2740,2835 2784,2832 2829,2829 2874,2826 2919,2826 2964,2823 3008,2823 3053,2820 3098,2820 3143,2817"/>
                <TextEquiv>
                    <Unicode>stimmung herauswächst, folgendes zu bedenken. Ich muss diese Woche</Unicode>
                </TextEquiv>
            </TextLine>
            <TextLine id="tr_2_tl_2" custom="readingOrder {index:1;}">
                <Coords points="843,3044 3069,2979 2976,2874 846,2918"/>
                <Baseline points="859,3008 883,3008 928,3005 973,3005 1017,3002 1062,3002 1107,3002 1152,2999 1196,2996 1241,2996 1286,2993 1331,2990 1376,2993 1420,2990 1465,2990 1510,2987 1555,2987 1599,2987 1644,2984 1689,2984 1734,2981 1779,2981 1823,2978 1868,2976 1913,2976 1958,2973 2002,2970 2047,2970 2092,2970 2137,2967 2182,2964 2226,2964 2271,2964 2316,2961 2361,2961 2405,2958 2450,2958 2495,2955 2540,2955 2584,2952 2629,2952 2674,2949 2719,2949 2764,2946 2808,2943 2853,2943 2898,2940 2943,2940 2987,2940 3032,2943 3077,2946"/>
                <TextEquiv>
                    <Unicode>sechsmal ins Theater gehen und soll drei Feuilletons schreiben,</Unicode>
                </TextEquiv>
            </TextLine>
            <TextLine id="tr_2_tl_3" custom="readingOrder {index:2;}">
                <Coords points="864,3128 3054,3121 3149,3106 3152,2976 868,3066"/>
                <Baseline points="880,3116 916,3122 961,3119 1005,3119 1050,3116 1095,3113 1140,3113 1185,3107 1229,3107 1274,3104 1319,3101 1364,3104 1408,3104 1453,3104 1498,3101 1543,3101 1588,3101 1632,3098 1677,3098 1722,3095 1767,3092 1811,3092 1856,3089 1901,3083 1946,3083 1990,3083 2035,3083 2080,3083 2125,3080 2170,3080 2214,3077 2259,3077 2304,3077 2349,3074 2393,3071 2438,3071 2483,3068 2528,3068 2573,3068 2617,3068 2662,3065 2707,3062 2752,3062 2796,3062 2841,3059 2886,3056 2931,3053 2976,3053 3020,3053 3065,3050 3110,3050 3155,3050"/>
                <TextEquiv>
                    <Unicode>"Die Duse", "l'altro pericolo", "Braut von Messina", und eigentlich</Unicode>
                </TextEquiv>
            </TextLine>
            <TextLine id="tr_2_tl_4" custom="readingOrder {index:3;}">
                <Coords points="843,3294 3143,3214 3183,3112 849,3174"/>
                <Baseline points="862,3235 904,3235 949,3235 993,3235 1038,3232 1083,3229 1128,3226 1173,3226 1217,3226 1262,3223 1307,3223 1352,3220 1396,3220 1441,3217 1486,3217 1531,3217 1576,3214 1620,3214 1665,3214 1710,3214 1755,3208 1799,3205 1844,3205 1889,3205 1934,3202 1979,3202 2023,3199 2068,3199 2113,3196 2158,3196 2202,3193 2247,3193 2292,3190 2337,3190 2382,3187 2426,3184 2471,3184 2516,3181 2561,3181 2605,3181 2650,3181 2695,3178 2740,3178 2784,3176 2829,3176 2874,3173 2919,3170 2964,3170 3008,3170 3053,3170 3098,3167 3143,3167 3187,3164"/>
                <TextEquiv>
                    <Unicode>auch noch eins über die "Secession", Du hast aber keine Ahnung, wie</Unicode>
                </TextEquiv>
            </TextLine>
            <TextLine id="tr_2_tl_5" custom="readingOrder {index:4;}">
                <Coords points="846,3381 3007,3334 3211,3310 3214,3196 849,3288"/>
                <Baseline points="862,3352 892,3352 937,3349 982,3349 1026,3346 1071,3346 1116,3343 1161,3340 1205,3340 1250,3337 1295,3337 1340,3334 1385,3334 1429,3331 1474,3331 1519,3331 1564,3328 1608,3328 1653,3328 1698,3325 1743,3325 1787,3322 1832,3322 1877,3319 1922,3319 1967,3316 2011,3316 2056,3313 2101,3310 2146,3313 2190,3307 2235,3307 2280,3304 2325,3304 2370,3301 2414,3301 2459,3301 2504,3301 2549,3298 2593,3298 2638,3295 2683,3292 2728,3292 2773,3292 2817,3289 2862,3289 2907,3286 2952,3289 2996,3286 3041,3286 3086,3283 3131,3280 3176,3277 3220,3274"/>
                <TextEquiv>
                    <Unicode>mich der Theaterbesuch jetzt aufregt und wie irrsinnig mich die ge-</Unicode>
                </TextEquiv>
            </TextLine>
            <TextLine id="tr_2_tl_6" custom="readingOrder {index:5;}">
                <Coords points="849,3501 3134,3436 3155,3341 852,3415"/>
                <Baseline points="865,3465 877,3465 922,3468 967,3465 1011,3462 1056,3462 1101,3459 1146,3459 1191,3456 1235,3453 1280,3453 1325,3453 1370,3450 1414,3450 1459,3447 1504,3444 1549,3444 1593,3444 1638,3444 1683,3444 1728,3444 1773,3441 1817,3438 1862,3435 1907,3435 1952,3432 1996,3429 2041,3429 2086,3429 2131,3426 2176,3423 2220,3423 2265,3423 2310,3420 2355,3417 2399,3417 2444,3414 2489,3414 2534,3411 2579,3411 2623,3408 2668,3408 2713,3408 2758,3405 2802,3405 2847,3402 2892,3399 2937,3399 2981,3399 3026,3396 3071,3396 3116,3393 3161,3393"/>
                <TextEquiv>
                    <Unicode>ringste Arbeit anstrengt. Gestern habe ich ausserdem wieder einen</Unicode>
                </TextEquiv>
            </TextLine>
            <TextLine id="tr_2_tl_7" custom="readingOrder {index:6;}">
                <Coords points="849,3640 3180,3569 3263,3424 852,3517"/>
                <Baseline points="865,3584 895,3584 940,3584 985,3581 1029,3578 1074,3578 1119,3578 1164,3575 1208,3575 1253,3573 1298,3570 1343,3570 1388,3567 1432,3564 1477,3564 1522,3561 1567,3561 1611,3558 1656,3558 1701,3558 1746,3555 1790,3555 1835,3552 1880,3552 1925,3549 1970,3549 2014,3546 2059,3546 2104,3543 2149,3543 2193,3540 2238,3540 2283,3537 2328,3537 2373,3534 2417,3534 2462,3531 2507,3531 2552,3528 2596,3525 2641,3525 2686,3522 2731,3522 2776,3519 2820,3519 2865,3516 2910,3516 2955,3516 2999,3513 3044,3513 3089,3510 3134,3510 3178,3510 3223,3507 3268,3507"/>
                <TextEquiv>
                    <Unicode>Anfall jener Herzbeklemmungen bekommen, diesmal auch noch mit solchem</Unicode>
                </TextEquiv>
            </TextLine>
            <TextLine id="tr_2_tl_8" custom="readingOrder {index:7;}">
                <Coords points="858,3720 3230,3683 3263,3560 861,3634"/>
                <Baseline points="877,3701 895,3701 940,3698 985,3698 1029,3695 1074,3695 1119,3692 1164,3692 1208,3689 1253,3686 1298,3683 1343,3683 1388,3680 1432,3680 1477,3680 1522,3680 1567,3680 1611,3677 1656,3674 1701,3674 1746,3674 1790,3671 1835,3668 1880,3668 1925,3665 1970,3662 2014,3662 2059,3659 2104,3659 2149,3656 2193,3656 2238,3656 2283,3653 2328,3653 2373,3650 2417,3647 2462,3644 2507,3644 2552,3641 2596,3641 2641,3638 2686,3638 2731,3635 2776,3632 2820,3635 2865,3635 2910,3632 2955,3632 2999,3629 3044,3629 3089,3626 3134,3626 3178,3626 3223,3623 3268,3614"/>
                <TextEquiv>
                    <Unicode>Schwindel verbunden, dass ich den Nachmittag nur auf dem Sophia ausge-</Unicode>
                </TextEquiv>
            </TextLine>
            <TextLine id="tr_2_tl_9" custom="readingOrder {index:8;}">
                <Coords points="858,3828 1062,3887 1683,3798 2384,3838 2547,3764 3091,3813 3137,3659 861,3770"/>
                <Baseline points="874,3823 904,3820 949,3817 993,3814 1038,3814 1083,3811 1128,3811 1173,3808 1217,3808 1262,3805 1307,3805 1352,3802 1396,3802 1441,3799 1486,3799 1531,3799 1576,3799 1620,3796 1665,3796 1710,3793 1755,3790 1799,3787 1844,3787 1889,3784 1934,3781 1979,3778 2023,3778 2068,3778 2113,3778 2158,3775 2202,3775 2247,3775 2292,3772 2337,3770 2382,3767 2426,3764 2471,3764 2516,3761 2561,3761 2605,3758 2650,3755 2695,3755 2740,3755 2784,3755 2829,3752 2874,3752 2919,3749 2964,3746 3008,3746 3053,3743 3098,3743 3143,3743"/>
                <TextEquiv>
                    <Unicode>streckt, die Augen fest geschlossen, beide Hände auf die Schläfen</Unicode>
                </TextEquiv>
            </TextLine>
        </TextRegion>
    </Page>
</PcGts>
