3547 4569
2345 503 2452 647 G. A.
1536 481 1934 668 -41-
3037 628 3154 806 101
2440 634 2850 828 31.10.1903
754 788 2982 1057 Ich freue mich sehr, lieber Arthur, Dich morgen bei mir zu sehen,
1140 972 1539 1125 Herzlichst
1128 1064 1330 1260 Dein
2498 1033 2596 1214 H.
763 1146 2578 1410 Eben hab ich mein neues Büchel an Dich abgeschickt.
2504 1422 2872 1557 9.11.1903
3086 1480 3249 1649 102
766 1588 1293 1769 Lieber Arthur!
1235 1621 3252 1808 Ich habe gestern Dein "Excentrie" vorglesen und die Leute
785 1775 3218 1952 haben über das liebenswürdige Fräulein de la Rosière so gebrüllt, dass
788 1864 3227 2096 ich wirklich bisweilen eine Minute lang warten musste, bis sie sich so
791 2001 3258 2191 weit gefasst hatten, mich wieder anzuhören. Die Geschichte ist köstlich
797 2127 3163 2302 und zum Vorlesen ideaal. Ich schicke Dir das Heft mit derselben Post
797 2253 3117 2400 zurück, ich habe mir die betr.Nummer der Jugend bereits verschafft.
1257 2360 3129 2522 Noch etwas, ganz aufrichtig. Da Du keine Sitze von mir
812 2464 3157 2663 verlangt hast, habe ich Dir keine geschickt, weil mir das von mir im-
812 2581 3139 2755 mer so furchtbar aufdringlich vorkommt, Jemandem ungebeten Sitze zu
812 2663 3172 2850 schicken, der dann am End erst seine Köchin anflehen muss, sie zu be-
815 2887 1082 3001 nützen.
1269 2814 3292 3093 Anbei findest Du den Rekurs, der am 5.d. der Statthalterei
831 2988 3276 3215 überreicht worden ist. Er ist von mir mit Burckhard berathen und dann
834 3148 3240 3350 von diesem verfasst worden, was aber, nach seinem Wunsch, nicht bekannt
834 3255 3240 3473 werden soll. Versuche, den Rekurs in irgend eine Wiener Zeitung zu
837 3365 3194 3580 bringen, sind durchaus misglückt. Ueberlege,ob Du ihn eventuell der
834 3506 3188 3684 nächsten Auflage des Reigen vordrucken würdest. Sag aber nur offen
837 3663 1888 3813 Nein, wenn es Dir nicht passt.
1296 3678 3132 3942 Salten tust Du glaub ich unrecht. Du musst nur doch
