3529 4631
1599 432 1794 670 50—
2725 545 2868 673 1'7
1733 542 1976 697 „ „
2512 655 2908 770 Wien XIII/7
2515 743 2862 847 3.11.1904
780 834 1297 987 Lieber Arthur!
3054 780 3200 987 123
1227 959 2935 1087 Sehr gern komme ich Samstag gegen sieben zu Dir.
1224 1057 3033 1215 Herzlichst dankend mit vielen Grüssen an Deine Frau
1227 1197 1422 1337 Dein
2466 1191 2768 1352 Hermann
2509 1428 2865 1574 4.11.1904
3121 1501 3270 1681 124
776 1559 1300 1708 Lieber Arthur!
1224 1644 3249 1833 Bitte, kannst Du mir den "Puppenspieler" gedruckt schik-
780 1797 3085 1927 ken? Ich möchte, wenn es mir zusammengeht, über den Schnitzlerabend
786 1885 3136 2031 ausführlicher schreiben. Daher wäre es mir allerdings sehr lieb, das
789 2016 2202 2150 Buch noch vor Donnerstag zu kriegen. Ja?
1239 2098 3173 2278 Sehr gern möchte ich Dichauch endlich wieder sehen. Al-
789 2235 3194 2378 lerdings bin ich wenig frei, da ich mich nun mit einer gewiss törich-
792 2366 3170 2497 ten Leidenschaft, der ich aber momentan so viel unsagbares Glück ver-
792 2469 3203 2591 danke, wie ich nie im Leben kannte (vielleicht wird man so ganz trans-
789 2585 3118 2725 parenter Seligkeiten erst im Angesicht des Todes fähig), aufs Hören
798 2704 3243 2838 von Musik geworfen habe, wovon ich dann manchmal in eine r Ermattung mit
795 2829 3152 2951 vollständigen Versagen und Versiegen jeder Kraft zurückbleibe. Sei
795 2935 3209 3082 minima, die auch ihre schönen Schauder hat. Wie eben jetzt, sonst
798 3057 3149 3182 würde ich Dir diesen Unsinn nicht schreiben, enfin ich wollte sagen:
789 3182 3109 3337 ich möchte Dich gerne wiedersehen und hoffe bald zu Dir zu kommen.
789 3283 3149 3404 Und was würdest Du zu der Idee sagen: zu Weihnachten uns in Lueg am
795 3389 3088 3538 Wolfgangsee zu treffen, wo ich ein paar Tage beim Burckhard hausen
795 3514 3063 3663 will? Ich wollte eigentlich nach Athen, aber da müsste ich am 20.
792 3633 3152 3770 von Triest weg und am 22. ist der Tristan, der für mich jetzt - ganz
789 3745 3219 3892 real und ganz physisch gesprochen - das höchste Wohlsein ist, mehr als
