3549 4649
1513 516 1708 686 -69—
2459 630 2845 812 Wien XIII.
2477 781 2854 930 11.12.1909
3027 769 3185 967 163
707 883 1232 1063 Lieber Arthur!
1168 991 3166 1146 In Halle a.S., wo ich auch wieder einmal die Toten schwei-
720 1118 3027 1251 gen liess, hat man mich angefleht Dir doch zuzureden, dass Du selbst
723 1229 3030 1362 einmal hinkommen sollst. Ein Oberingenieur Bacher, der schon einmal
717 1319 3064 1480 mit Dir korrespondiert haben will, beschwört Dich, wenn Du zum Anatol
720 1467 3098 1603 nach Berlin fährst, doch den Weg über Halle zu nehmen. Ich bitte Dich
729 1563 3135 1696 schreib ihm (Halle,Waidenplan 13) ein Wort,undewar baldigst. Denn der
729 1683 3154 1819 gute Mann hat mir ein unfehlbares Mittel gegen die Gicht versprochen,
726 1788 3076 1921 das ich dringend brauche und er mir sicher nicht schickt, so langich
723 1903 3132 2032 mich nicht besonders um ihn verdient gemacht habe. Und: hast Du viel-
726 2011 3206 2141 leicht eine neue kurze, womöglich lustige Novelle? Ich soll hier für die
726 2137 3073 2267 freie Schule vorlesen und möchte was von Dir. Entschuldige, dass ich
729 2233 3073 2397 diktiere: ich bin totmüd,in grosser Hast und eben auf den Semmering
726 2391 1100 2514 abreisend.
1134 2474 3064 2595 Herzlichst mit den schönsten Grüssen an Frau und Kinder
1143 2607 1529 2774 Dein alter
2443 2613 2907 2749 Hermann Bahr
2456 2845 3290 2981 Semmering Villa Mautner
2456 2944 2826 3079 18.12.1909
3079 3021 3256 3166 164
723 3049 1260 3197 Lieber Arthur!
1192 3151 3231 3293 Schönsten Dank für Deinen Brief, Wenn wir uns zwischen dem
723 3265 3194 3413 25. wo ich wieder in Wien bin, und dem 31.,wo ich weider abreise, einmal
726 3379 3002 3534 sehen könnten, wärs sehr schön. Ich sehme mich schon lange danach.
1217 3524 2706 3642 Mit den schönsten Grüssen von Haus zu Haus
1220 3635 1609 3790 Dein alter
2456 3614 2755 3830 Hermann
