3576 4584
1528 472 1688 635 34-
2211 539 2305 635 Votre
1062 641 3165 861 Reden wir übrigens nicht vom Vergangenen,blicken wir vor...
791 815 3168 969 und da kann ich Dir nur wünschen: die nächsten zehn Jahre mögen Dir
791 921 3108 1062 so reich sein, als es Dir die letzten gewesen sind! Dann werde ich
788 1053 3207 1231 Dich zu Deinem 50. öffentlich anstrudeln müssen, was weitaus nicht so
794 1143 1528 1288 gemütlich sein wird.
1071 1200 3135 1450 Des Herrn Jekel will ich gedenken. Wenn Du kommst, telepho-
794 1375 1249 1531 nier vorher.
1071 1522 1456 1643 Herzlichst
1068 1634 1255 1781 Dein
2458 1661 2750 1820 Hermann
3105 1703 3237 1874 89
2506 1871 3171 2052 Salzburg,20.5.1902
794 2010 3204 2154 Wie eine fixe Idee verfolgt mich diese ganzen Tage der Satz: es gibt
794 2121 2043 2272 also Fälle, wo Salzburg nicht wirkt.
1143 2226 1760 2374 Es dankt Dir sehr
1140 2353 1327 2488 Dein
2464 2395 2756 2527 Hermann
2458 2612 2819 2777 10.7.1902
791 2777 1318 2934 Lieber Arthur!
2973 2732 3394 2903 Ex.c. Income Tax
3177 2873 3352 2976 Form.
1243 2849 3069 2997 Denselben Wisch hat Burokhard bekommen,voriges Jahr
794 3003 3171 3138 Karlweis und Chiavacei,und mit derselben Wirkung: einer Anfrage bei
791 3102 3036 3228 mir. Gesetzlich bist Du verpflichtet, eine Antwort zu geben. Ich
800 3204 3198 3334 werde aber, wenn ich jemals befragt werde, antworten, dass ich das Ein-
800 3343 3195 3499 kommen auch meiner nächsten Freunde weder kenne noch mir darüber Ge-
803 3415 3144 3580 danken mache, weil es mich gar nicht interessiert. Uebrigens theile
809 3535 3114 3728 ich Dir der Wahrheit gemäss mit: 1) dass in der Zeit vom 1. Januar
800 3635 3210 3848 bis zum 31. Dezember 1901 überhaupt kein Stück von mir in Berlin auf-
803 3809 3168 3999 geführt wurde; 2) dass in Wien am Deutschen Volkstheater noch "Wie-
