3501 4631
1299 484 2134 734 -58-
2743 497 3027 647 Votre très obéissant avec le
344 540 447 693 i
472 503 790 687 Votre très-hier.
2374 643 2736 822 23.3.1906
2930 740 3074 928 138
681 768 1075 943 Telegramm.
681 912 1574 1071 Mildenburg singt morgen.
1240 1025 1634 1196 Herzlichst
2380 1025 2677 1181 Hermann
2430 1243 2843 1381 Wäen XIII/7
2430 1362 2771 1509 21.6.1906
3021 1371 3161 1546 135
693 1484 1221 1652 Lieber Arthur!
1153 1571 3139 1737 Ich wollte immer noch zu Dir,war aber die letzte Zeit so
712 1665 3167 1840 verhetzt, dass es nie ging. Den "Faun" hast Du wohl bekommen. Ich möch-
712 1796 3074 1924 te gern gelegentlich ein durchaus aufrichtiges, rücksichtsloses Wort
722 1899 3043 2065 von Dir darüber hören. Und dann bitte ich Dich, es, wenn Dus gelesen
715 2005 3164 2162 hast, an Salten nach Berlin zu schicken. Ich fahre morgen nach Venedig.
712 2140 3149 2268 Nachrichten an meine Wiener Adresse kommen mir immer nach. Vielleicht
715 2252 3039 2399 könnten wir uns im August irgendwo treffen. Grüss Deine Frau herz-
718 2362 2908 2505 lichst und nimm die besten Wünsche für einen frohen Sommer von
1140 2499 1599 2627 Deinem alten
2415 2540 2699 2699 Hermann
2430 2677 3011 2849 Venezia, 4.7.1906
3074 2780 3233 2918 140
2427 2839 2930 2943 Casa Petrarca
731 2918 3242 3071 Dank schön, lieber Arthur, Dein Brief hat mir eine grosse Freude gemacht
740 3021 3124 3196 und Lust, solchen zweiten und dritten Akt wirklich zu schreiben. Neu-
740 3149 3074 3314 gierig,was Brahm sagen wird.- Hier herrlichst,obwohl mir die Sonne
747 3249 3077 3424 die Beine so verbrannt hat, dass sie zwei Tage in Bleiwasser gelegt
743 3389 3217 3536 werden müssen.- Grüss Frau Olga herzlichst und lasst es Euch gut gehen
753 3524 1696 3652 und schreib seine Adresse,
1190 3636 1662 3777 Deinem alten
2477 3570 2964 3833 Hermann Fauh
