3561 4600
1557 455 1729 640 —45—
3067 566 3156 661 e
1031 655 3107 892 Grüss Brahm und wen ich sonst in Berlin kenne, empfiehl mich
781 868 2350 1018 Deiner Frau und sei herzlichst gegrüsst von
1061 954 1520 1107 Deinem alten
2495 941 2806 1163 Hermann
2276 1046 2387 1163 D'
2483 1221 2802 1354 5.2.1904
3085 1209 3230 1412 109
788 1295 1314 1480 Lieber Arthur!
1230 1440 3255 1575 Mich berührt natürlich der Fichtner am meisten,in welchem
784 1575 3255 1720 ich unheimlich viel von mir finde (meine Sachen liessen sich kritisch
800 1673 3116 1821 garenicht besser bezeichnen als damit, dass ich mich leider auch in
794 1775 3116 1929 ihnen sozusagen nur vorübergehend aufhielt.) Ich verstehe auch das
794 1898 3187 2043 Verhältnis Indian-Wegrath, ebenso das Julian-Felix so gut, während ich
797 2024 3245 2153 mir das Sala-Johanna nicht ganz erklären und mich darin nicht zurecht-
791 2104 3193 2270 finden kann. Ausserdem mischt sich jetzt bei mir Persönliches in al-
800 2252 3162 2387 les, so die Neugierde,die mich plagt,ob Sala nicht vollkommen meinen
794 2356 3135 2516 Herzzustand hat und wie der Arzt dann doch seinen Tod fast auf den
797 2479 3122 2606 Tag zu wissen glauben kann – was ehr albern von mir ist. Kritisch
803 2578 3132 2719 möcht ich sagen: dass in dem Stück viel mehr angeschlagen und auf-
812 2676 3162 2846 geregt als zuletzt ausgelöst wird, was ich weniger problematisch als
800 2802 3162 2953 musikalisch meine. Für mein Gefühl ist das Stück aus, hevor es seine
812 2932 2784 3070 Stimmungsmotive naturgemäss hat aus-und ablaufen lassen.
1224 3055 3110 3193 Prachtvoll find ich den Cassian und bedauere nur, dass
806 3135 3202 3313 die blöden Deutschen für solchen arglosen und rein sinnlichen und xxx
821 3298 3005 3436 darum künstlerisch reinen Humor nun einmal keine Organe haben.
1227 3381 3175 3559 Da ich mich sehr schlecht fühle, ist es möglich, dass ich
818 3501 3085 3676 schon sehr bald hier weggehe, vielleicht nach Abbazia. Jedenfalls
815 3608 3101 3824 lockt mich der Gedanke, Dich im April in Taormina zu finden, sehr.
818 3759 1274 3928 Hoffentlich.
