5064 4711
3080 490 3314 704 -3-
3759 651 4331 824 Wien, 20.3.1892
2710 790 4590 986 Ich habe sofort an Dr.H. in der angegebenen Weise ge-
2186 834 2701 1004 Lieber Freund
2205 935 4665 1178 schrieben und wäre sehr glücklich, wenn meine Bitte Erfolg haben soll-
2208 1153 2369 1251 te.
2688 1175 3377 1361 Mit besten Grüssen
3942 1150 4425 1327 Hermann Bahr
4097 1339 4397 1576 1892?
2710 1548 4612 1753 Ich möchte Sie gern ein bisschen sprechen. Könnten Sie
2202 1576 2723 1709 Lieber Freund!
2217 1737 3579 1892 morgen Dienstag um 4 Uhr daheim sein?
2713 1861 3130 1999 Herzlichst
3974 1810 4438 2050 Hermann Bahr
3907 2041 4274 2287 24.7.1893
2739 2271 4656 2439 Von Ihrer Anfrage über Loris hat man mir nichts mitge-
2240 2217 2723 2410 Lieber Freund,
2252 2388 4612 2543 teilt. Ich komme morgen entweder zwischen 3 und 4 Burgring oder um
2252 2508 4672 2685 1/5 Grillparzerstrasse. Dass Sie u n s und nur uns keine Notiz über
2262 2657 3860 2821 Ischler Aufführung geschickt, ist nicht schön.
2739 2792 3291 2925 Herzlichst Ihr
4236 2767 4435 2909 Bahr
3986 2988 4675 3181 Mitte August 1893
2773 3206 4691 3361 Ich bin verzweifelt. Ihr Brief trifft mich im Packen -
2262 3184 2761 3364 Lieber Freund
2271 3291 4741 3497 ich verreise heute auf ein paar Tage. Ich fange also sofort zu suchen
2287 3430 4707 3588 an - denn irgendwo habe ich ja dieses verruchte Amerika,aber wo? Ich
2281 3560 4684 3705 habe alles von unterst zu oberst gekehrt - bisher umsonst. Mittwoch
2287 3648 4823 3825 komme ich auf ein oder zwei Tage zurück und will dann wie ein Sträfling
2284 3753 4773 4021 suchen. Sind Sie sehr böse, wenn ich Sie bis dahin vertröste? Ich muss
