3534 4647
609 511 838 686 "    "
1415 482 1577 679 -70-
2301 635 2650 835 Wien XIII.
2298 812 2685 898 24.12.1909
2901 816 3047 936 165
562 908 1089 1076 Lieber Arthur!
1019 1000 2898 1146 Ich freue mich sehr, dass Du Dienstag Vormittag kommen
574 1098 2894 1263 willst und man sich doch endlich, endlich wieder einmal aussprechen
584 1244 2891 1396 oder doch wenigstens gegenseitig anschauen kann, wonach mich längst
578 1358 2910 1492 stark verlangt! Ich will übrigens auch Deinen ärztlichen Rat, nicht
578 1466 2301 1641 für mich, aber für eine Figur meines neuen Romans.
1031 1587 2967 1739 Und nun sei Dir für Dich selbst, Deine verehrte Frau und
581 1660 2412 1850 die Kinder weihnachtlich das Allerschönste gewüscht!
1025 1796 1790 1958 Herzlichst Dein alter
2339 1831 2802 1996 Hermann Bahr
2352 2072 2764 2177 Wien XIII:
2352 2161 2704 2253 26.9.1910
2923 2177 3069 2298 166
581 2298 1101 2418 Lieber Arthur!
1038 2320 3117 2495 Ich fahre Samstag für vier Wochen nach London und so werde
590 2444 2942 2628 ich leider bei Deiner Première nicht in Wien sein. Es wäre mir aber
590 2564 2882 2748 lieb, wenn Du mir (entweder noch vor Samstag hieher oder dann nach
587 2695 3101 2853 London E.C. Victoria Embankment,Dr. Keysers Hotel) ein Buch Deines neuen
597 2809 3082 2974 Stückes schicken könntest. Macht es mir einen starken Eindruck und habe
597 2917 2961 3091 ich darüber wirklich etwas zu sagen, so würde ich das für das Wiener
597 3069 2996 3190 Journal von London aus tun und veranlassen,dass von irgend einem der
593 3177 3056 3310 Herren der Redaktion eine kurze Notiz über die Aufführung und Aufnahme
597 3304 3066 3447 angehängt werde. Kann ich aber in kein rechtes inneres Verhältnis dazu
600 3402 2964 3532 kommen, woran ja ebenso der Autor wie der Kritiker Schuld sein kann,
600 3494 3069 3666 so ist es uns beiden besser, wenn ich die Gelegenheit zu schweigen aus-
597 3618 3145 3761 nütze, statt mich um das Stück herum zu reden, was mir, je älter ich werde,
600 3774 1473 3929 immer unleidlicher wird.
