4678 4664
2313 447 2720 700 --s-
3210 635 3537 845 2.4.1894
1431 719 2103 981 Lieber Schnitzler,
1687 854 4080 1064 ich habe mir die Geschichte mit dem Bicycle doch anders über-
3944 937 4104 1064 Where
1456 987 3926 1166 legt - lieber nicht. Der Gedanke, da umständlich zu lernen und mich mit
1449 1141 3889 1295 einem fremden Instrument zu peinigen, macht mich nur nervöse. Sei des-
1449 1277 2051 1446 wegen nicht böse
2112 1357 2606 1520 Deinem treuen
3216 1366 3389 1588 Bahr
3192 1551 3549 1782 20.4.1894
3956 1702 4067 1872 19
1446 1785 1974 1930 Lieber Arthur!
1937 1813 3972 1998 Adele Sandrock erzählte mir gestern von einer für Sonntag
1462 1977 3870 2162 geplanten Partie mit Rendezvous in Rodaun. Ich möchte sehr gerne mit
1462 2119 3799 2242 und könnte vielleicht schon in der Früh mit Dir hinaus. Allerdings
1465 2193 3907 2365 unter der Voraussetzung, dass wir ganz unter uns sind, Du,Loris und Ri-
1468 2341 3938 2464 chard, wozu dann Nachmittags sich noch Dilly und etwa der Baumgartl ge-
1474 2455 3849 2593 sellen. Grössere Horden sind mir unsympathisch; am liebsten wäre es
1465 2553 3941 2720 mir zu viert; kommt ausser den Genannten noch wer, so bitte, schreib mir
1465 2708 2865 2815 das - dann gehe ich lieber ganz allein.
1955 2815 2526 2963 Herzlichst Dein
3232 2815 3728 2991 Hermann Bahr
3250 3056 3620 3195 21.4.1894
1477 3189 1995 3346 Lieber Arthur!
3923 3226 4040 3367 20
1974 3269 3654 3448 Ich bin also morgen vor 3/4 10 auf der Südbahn,
1977 3432 2547 3577 Herzlichst Dein
3213 3420 3408 3614 Bahr
