4488 4746
2368 442 2463 599 -1-
3704 479 3897 645 jours, que je ne
2558 504 2727 660 11e:11
3080 473 3526 666 22.12.1891.
1585 709 2196 857 Lieber Herr Dr.!
1849 759 3977 974 Bitte, teilen Sie mir wenn möglich mit, ob es Ihnen passt, dass
1609 842 4036 1053 uns morgen Mittwoch Abend von 6-8 (sei es bei Ihnen oder bei mir) Bé-
1609 1010 3996 1176 raton sein Stück vorliest. Ich möchte Sie bitten, mich etwa bis 5 zu
1628 1112 4017 1296 verständigen, da ich noch zu Loris schicken und Bératon Antwort sagen
1619 1302 1824 1447 muss.
1870 1318 3999 1523 Im übrigen bitte grösste Diskretion! B. will nicht, dass "die
1631 1499 3056 1637 Welt" etwas von seiner Missetat erfahre.
2396 1603 2779 1754 Herzlichst
2915 1628 3120 1794 Bahr.
3271 1864 3458 1969 1892
2482 1959 2948 2131 Hermann Bahr
1658 2079 4128 2260 bittet Sie, ihm mitzuteilen,ob er Ihnen eine Einladung zur Matinee Rei-
1668 2239 2915 2399 cher bei Gelegenheit besorgen soll.
2451 2359 2872 2482 Herzlichst.
3274 2552 3526 2675 1892?
1674 2669 3492 2881 Herzlichen Dank, lieber Freund, für Ihre grosse Güte.
3808 2736 4192 2915 We copp of 4
2478 2813 3062 2942 Ihr treuer Bahr.
3182 2998 3547 3148 20.2.1892
4122 2988 4226 3145 $
1695 3120 4051 3302 Lieber Freund! Das hunnisch-tartarische Engerl hat mich für morgen
1701 3216 4174 3437 zwischen 12-1 bestellt. Die Auskunft sende ich Ihnen unmittelbar nach-
1701 3449 1880 3572 her.
2537 3412 2912 3606 Herzlichst
2927 3452 3102 3612 bahr.
