3554 4631
1430 506 1594 643 -63—
1665 476 1896 655 V.
2369 646 2732 835 19.5.1907
2960 777 3094 896 150
671 780 1195 957 Lieber Arthur!
1119 869 3149 1055 Dank schön für den zweiten Brehm, den ich noch einige Zeit
683 1006 2591 1162 behalten möchte,er macht mir ein unsinniges Vergnügen.
1131 1110 3110 1271 Du bist hoffentlich nicht bös und misverstehst es nicht,
680 1226 3082 1393 wenn ich Dir sage, dass ich gerade in den Anfängen einer neuen Arbeit
683 1357 3113 1512 stecke und daher, bei der lächerlichen nervösen Angst, die ich dann im-
680 1466 3064 1625 mer habe, ich könnte über Nacht meinen Gegenstand dann wieder verges-
680 1607 3018 1738 sen oder er könnte mir entweichen, sogar Deinen mir immer so lieben
680 1683 2982 1829 Besuch etwas hinausverschoben wünschen würde,es wäre denn, dass Du
680 1817 3070 1957 irgend was Dringendes mit mir zu besprechen hättest,in welchem Falle
683 1933 2969 2079 ich natürlich zu jeder Stunde und jedem Tage für Dich bereit bin.
1085 2043 2756 2180 Mit den herzlichsten Grüssen, auch an Frau Olga,
1095 2168 1491 2311 Dein alter
2402 2235 2695 2381 Hermann
2405 2354 2759 2607 29.9.1907
2902 2463 3040 2591 151
674 2558 1204 2689 Lieber Arthur!
1131 2616 3012 2820 Ich habe, seit ich zurück bin, jeden Tag zu Dir wollen,
683 2774 3046 2912 jeden Tag kam was anderes dazwischen und ich war so gehetzt, dass es
674 2887 2976 3021 leider wirklich nicht ging. Nun wieder nach Berlin abreisend, kann
683 3018 3049 3134 ich Dir und Deiner lieben Frau nur noch die herzlichsten Grüsse und
680 3116 3134 3268 alle guten Wünsche für den Winter schicken. Ich möchte Dir noch sagen
680 3244 3107 3393 dass uns im Sommer Dein neues Buch "Dämmerseelen" ein sehr lieber Ge-
677 3390 3113 3494 fährte war, und möchte Dich bitten, Dir von Salten mein neues Stück ge-
680 3479 3073 3598 ben zu lassen und es dann an Richard weiter zu geben; ich habe jetzt
680 3598 3122 3732 leider kein anderes Exemplar frei und wüns ehe sehr, dass Du den Scherz
677 3713 1421 3857 kennen lernen mögest.
1399 3738 2189 3887 Herzlichst Dein alter
2451 3805 2756 3936 Hermann
