3543 4551
1493 406 1733 628 -18-
2411 587 3166 818 Wien, 8. Juli 1897 58
1749 718 1933 849 G.H.F.S.
653 721 1187 952 Lieber Freund!
1146 809 3176 1009 Neumann-Hofers Drängen nachgebend, der mich noch immer mit
659 962 3116 1127 Dir plagt, frage ich mich noch einmal bei Dir an, ob Du denn nicht doch
662 1080 3176 1230 irgendwie zu bestimmen wärest,einen Vertrag mit ihm einzugehen, der Dich
662 1202 3035 1336 für drei oder fünf Jahre an sein Theater bindet. Ich habe Dir schon
668 1327 3079 1489 gesagt: er bietet Dir 12& Tantièmen an,oder wenn Du es vorziehst,ein
662 1464 3066 1571 Einreichungshonorar; eventuell liesseer sich wohl zu beidem bereden.
662 1555 3160 1686 Es ist ihm sehr wichtig, gerade Dich zu haben. Stelle Deine Forderungen;
662 1689 3144 1817 ich habe neulich in den paar Minuten Dir nicht so recht zureden können
671 1805 3110 1927 und weiss nicht, ob ich Dich in Ischl sehen werde. Ich bitte Dich also
671 1917 3122 2058 brieflich, Dir die Sache doch noch einmal zu überlegen. Sie hat gewiss
668 2020 3169 2170 ihre Bedenken. Aber überlege Dir,ob sie xxx sich nicht so drehen lässt,
671 2148 3016 2308 dass sie die grössten Vorzüge für Dich hat. Suche Dir etwa Termine
674 2258 3110 2398 aus, wie Du sie sonst an keinem Theater kriegst, oder was sonst etwa in
674 2373 3048 2489 Deinen Wünschen liegt. Ich weiss ja nicht, worauf Du am meisten Wert
678 2476 3101 2623 legst. Schreib mir das dann. Ich würde sehr wüschen, dass Du doch ir-
681 2592 3048 2760 gendwie mit Neumannhofer zusammen kommst: denn ich hoffe so diesen
681 2695 2994 2845 allmälig dahin zu bringen, dass er aus dem lessingtheater eine gut
690 2810 3160 2979 österreichische Bühne macht. Dies würde ich vom Herzen wünchen. In der
671 2932 3126 3135 Hoffnung, dass es Dir immer gut geht, bin ich, mit vielen Grüssen an Ri-
687 3110 927 3257 chard,
1205 3104 1845 3260 Dein alter treuer
2432 3113 2723 3266 Hermann
2432 3329 2966 3503 Wien, 28.9.1897
3082 3447 3235 3600 54
693 3488 1224 3744 Lieber Arthur!
1212 3569 3254 3747 Ich danke Dir herzlich für Deine lieben Worte. Es scheint
699 3697 3110 3947 in der That, dass das "Tschaperl" in Berlin gefallen hat, was mir sehr
