3543 4568
1570 381 1739 541 -38-
1579 513 1718 654 G.H.F.P
728 614 3100 759 gedrückt zubringen konnte, immer mit dem Gefühl,es ist ja doch alles
722 744 3186 873 aus und ich werde niemals mehr gesund. Unter diesen Bedingungen arbei-
728 839 3202 992 te ich jetzt und darf daher eigentlich gar nichts versprechen, weil ich
716 959 3069 1125 mich bei jedem Feuilleton wundere, wenn es schliesslich doch fertig
728 1109 1211 1272 geworden ist.
1174 1177 3192 1349 Ferner musst Du auch wissen, dass die Redakteure des Neuen
734 1324 3100 1469 Wiener Tagblatt (Wilhelm Singer und den braven Herrn Epstein ausge-
731 1447 3051 1601 nommen) einen Bund bilden, dessen einzige Sorge es zu sein scheint,
734 1527 3094 1705 auszusinnen, was etwa geeignet wäre, mich zu ärgern, und dies mit der
737 1650 3134 1807 Behendigkeit von Affen sogleich ins Blatt zu setzen. Dass gegen Dich
734 1773 3094 1914 noch nicht eine ungeheuerliche Gemeinheit verübt worden ist, wundert
737 1883 3112 2031 mich schon lange. Geht sie vielleicht gelegentlich des "Reigen" los,
734 1997 3100 2178 so vergiss nicht, dass sie,zwar an Dir executiert, aber Dir gar nicht
728 2160 1254 2314 zugedacht ist,
1183 2218 3159 2390 Bitte,schicke mir gleich ein Exemplar des "Reigen", Mei-
740 2323 3069 2470 nes ist nämlich confisciert worden, von der Censur. Das heisst: der
737 2455 3103 2584 Herr Hofrat Jekel hat es sich bei mir ausleihen lassen und ich habe
750 2578 1843 2707 es niemals mehr zurückbekommen.
1229 2658 3137 2805 Das Incohärente dieses Briefes musst Du meinem Zustand
753 2768 3180 2947 vergeben. Wie ich nur Zeit habe, fahre ich zunächst zu Julius, der ein-
747 2916 2415 3048 mal doch mein Herz ordentlich untersuchen muss.
1238 2990 3217 3162 Freitag war mir riesig leid, ich war bei der Steuerbehör-
753 3155 1825 3300 de, die mich auch noch sekiert.
1232 3257 1631 3410 Herzlichst
1235 3389 1426 3552 Dein
2455 3407 2774 3546 Hermann
