3543 4568
1600 451 1772 629 -43-
3023 632 3210 813 104
2488 632 2880 838 15.11.1903
760 825 3188 943 Danke sehr, lieber Arthur. Der Berliner Börsen-Courier hat schon abge-
744 909 2441 1062 lehnt und ich habe wenig Hoffnung. Diese Bande!
1165 1046 2989 1183 Hugo schreibt mir, Dein neues Stück sei "prachtvoll",
754 1161 2606 1314 Ich freu mich sehr und wünsch Dir herzlichst Glück.
1174 1270 3120 1414 Brahm hat meine Première auf den 12. Dezember angesetzt.
754 1358 3251 1551 Werum plötzlich diese Eile, weiss ich nicht. Er kommt Montag im Imperial
754 1510 906 1694 an.
1202 1544 1604 1725 Herzlichst
1214 1675 1398 1834 Dein
2460 1744 2560 1874 H.
2460 1878 2852 2111 16.12.1903
3058 1990 3207 2130 105
763 2099 1280 2261 Lieber Arthur!
1214 2195 3058 2348 Herzlichsten Dank für Dein liebes Telegramm. Und die
766 2332 2846 2497 besten Grüsse von Brahm, Fischer und allen möglichen Leuten.
1224 2416 3079 2569 Im Tageblatt hatte man mir schon beinahe versprochen,
763 2531 3160 2687 den Rekurs an die Statthalterei abzudrucken, dann haben sie aber vor-
766 2619 3254 2815 gestern blos eine einzige Stelle abgedruckt und dies auch noch mit sehr
763 2756 3167 2905 dummen Bemerkungen. Viel gescheiter sind sie ja in Berlin auch nicht
763 2893 3061 3055 als bei uns, sondern nur etwas anständiger. Ich hoffe Dich bald zu
775 3005 2301 3157 sehen. Mit den besten Grüssen an Deine Frau
1214 3129 1610 3294 herzlichst
2503 3123 2622 3266 H.
2488 3344 3173 3509 Semmering,2.12.1903
782 3360 2345 3634 Dich und Deine liebe Frau grüssen herzlichst
2500 3481 2977 3618 Hermann Bahr
3207 3413 3366 3618 106
772 3590 1912 3765 Nicht minder - nämlich: herzlich
1937 3599 2435 3749 Ihr Trebitsch
