3541 4696
1399 501 1624 682 1-32-
704 738 3179 917 tung des Burgtheaters berufen wurde - viel zu spät, um noch etwas künst-
695 851 3126 1007 lerisch leisten oder doch retten zu können. Um diese Zeit begann auch
698 979 3066 1133 die österreichische Währung schon zu kranken. Das bisschen "Vermögen"
707 1089 3054 1233 das mir mein Vater hinterlassen hatte, begann zu schmelzen; der Rest
713 1192 3110 1342 ging dannbei der deutschen Inflation xxx vollends auf, Ganz unver-
710 1283 3169 1480 hofft ging da an meine Frau der Ruf, an der Münchner Akademie eine Pro-
710 1399 3097 1577 fessur anzunehmen, sie griff mit beiden Händen zu,wir waren die Sorge
707 1542 3054 1699 los, wovon wir morgen unser Mittagmal bestreiten sollten; nach einer
716 1668 3066 1808 Reihe von Jahren erhält meine Frau als Pension ihren vollen Gehalt.
716 1771 3104 1940 An sie kam übrigens auch ein Ruf an die Berliner Musikhochschule, den
735 1843 3248 2034 sie natürlich ausschlug, weil Berlin nochweiter von ihrem unvergesslichen
729 1987 3241 2137 Wien ist als München. Mir persönlich ist es im Grunde wurscht,in welcher
732 2099 3223 2303 Stadt ich lebe, ich würde schliesslich auch auf dem Monde ganz gemütlich
729 2203 3188 2365 leben können. Es fällt mir nur schwer meine Frau sich so von Sehnsucht
729 2328 3097 2484 nach Wien verzehren zu sehen. Ich sprach vor einigen Jahren mit dem
735 2434 3148 2613 Prälaten Seipel, den ich sehr lange kenne, über die Möglichkeit einer
732 2541 3054 2713 Berufung meiner Frau nach Wien, sei's auch nur in der Form, dass sie
745 2638 3163 2832 zweimal im Jahre, jedes Mal drei Wochen, Lehrkurse an der "Wiener Hoch-
748 2769 3126 2947 schule und Akademie für Musik und darstellende Kunst" halten sollte.
738 2900 3198 3047 Seipel liessmir dann sagen, der betreffende "Akt" liege schon im Unter-
751 3000 3241 3204 richtsministerium. Dort liegt er offenbar noch heute. "Seegens so heiter
745 3173 1539 3313 is das Leben in Wien!"
1173 3241 2074 3410 Verzeih die lange Epistel
1170 3373 1743 3539 Deinem getreuen
2519 3360 2781 3539 Hermann
1818 3564 2037 3720 -
1849 3723 2863 3964 No copy of 187 = 7 Sept. 1931
