3549 4632
1330 518 1476 664 1-76—
673 639 3042 940 möglich, dass das "Einbildungen" sind. Es ist ebenso möglieh,dass es
679 837 3095 1061 wahr ist. Ich weiss gar nicht, was ich von hier aus tun soll, und weiss
685 952 3002 1129 auch nicht, wie ich mir, in Wien angekommen, den Eintritt im Steinhof
695 1067 3080 1240 erzwingen könnte. Du bist "Arzt",Du wirst eher wissen,ob und wie man
688 1191 3083 1358 helfen könnte. Willst Du Dich der Sache annehmen? Und mir dann sagen,
710 1299 3089 1458 ob Du glaubst, dass ich was tun kann? Ich bin natürlich gern zu allem
698 1386 3123 1588 bereit - Mordsskandel in der Oeffentlichkeit oder auch gewaltsame Ent-
698 1495 3194 1712 führung, die ja mit Geld wohl leicht zu bewerkstelligen sein wird. Bitte
2183 1641 2391 1796 G.H.F.P
710 1684 1197 1842 schreib bald.
1160 1789 1554 1982 Dein alter
2469 1724 2766 1932 Hermann
713 1954 1802 2115 Grüsse an Olga und die Kinder!
2487 2121 2844 2270 23.4.1913
3052 2174 3197 2326 177
713 2307 1256 2462 Lieber Arthur,
1178 2332 3163 2552 Herzlichsten Dank! Ich bin sehr froh, den armen Peter bald
747 2493 3157 2658 wieder "draussen" zu wissen. Und nun noch was. Ich schrieb Dir im De-
754 2602 3101 2785 zember, dass ich keine Lust habe, Geld für ihn herzugeben. Ich glaube
747 2686 3114 2878 nämlich bestimmt zu wissen, dass er es nicht braucht und dass ich es
760 2831 3235 3008 also besser verwenden kann. Solltest Du aber einmal den Eindruck haben,
754 2934 3163 3120 dass es notwendig ist, so bitte schreib mir das, da geb ich natürlich
760 3042 2962 3238 gleich, was ich entbehren kann. Aber bitte dies ganz unter uns,
1178 3160 3061 3334 Ich erfuhr erst jetzt, dass Du einem Comité für meinen
772 3287 2341 3455 50.Geburtstag usw. Ich danke Dir dafür sehr.
1175 3349 3166 3591 Zur "Götterdämmerung" war ich neulich in Wien, komme wohl
775 3539 3120 3687 zum "Tristan" wieder, aber immer knapp zur Vorstellung und nachher
775 3616 3101 3796 in aller Früh wieder weg, denn ich bin mitten in einen neuen Stück.
769 3669 3213 3966 Aber, wohin Du sommers auch gehrt, Du kommst doch über Salzburg und wir
