3559 4567
1457 439 1799 661 -24-
3054 506 3215 661 68
2459 642 2991 809 Wien, 19.5.1900
708 787 1246 948 Lieber Freund!
1163 816 3063 999 Herr Dr.Geiringer (Jordangasse 9) möchte gern auf ein
721 993 3256 1132 paar Tage ein Exemplar Deines "Reigens" haben, um ihn zu lesen. Misbrauch
724 1100 3114 1258 ist vollständig ausgeschlossen, ich halte mich aber nicht für befugt,
724 1233 3231 1410 Dein Büchlein herzuleihen. Du würdest mir einen ungewöhnlichen Gefallen
727 1353 1976 1486 tun, wenn Du es ihm senden möchtest.
1176 1460 2153 1568 Im Voraus dankt Dir bestens
1179 1571 1562 1704 Dein alter
2491 1609 2949 1758 Hermann Bahr
2459 1830 2855 1998 12.10.1900
3038 1875 3174 2030 69
714 1988 1252 2140 Lieber Arthur!
1182 2048 3231 2207 Danke sehr für Deine Zeilen. Natürlich habe ich eine gros-
733 2213 3202 2358 se Freude, etwas Neues von Dir vorlesen zu können, und erwarte mit Unge-
730 2301 3196 2447 duld das Manuscript. Mit Dir nächstens einmal reden zu können verlangt
730 2396 3171 2573 mich sehr, um Dir zu sagen, wie menschlich tief mich, bei manchen Beden-
733 2516 3136 2684 ken des Theatermanns, Deine Beatrice berührt hat: sie ist mir weitaus
737 2627 3101 2810 das Liebste, was Du noch geschaffen, und hat mich völlig zu Dir
730 2810 1182 2940 hingerissen.
1189 2880 1584 3022 Herzlichst
1195 3035 1369 3152 Dein
2510 3035 2810 3174 Hermann
2516 3259 3054 3424 Wien,7.11.1900
3190 3313 3307 3503 70
743 3417 1280 3582 Lieber Arthur!
1198 3503 3253 3648 Anbei die Novelle, über die ich noch mit Dir sprechen muss-
746 3635 3228 3781 ich habe Bedenken, nicht gegen sie, sondern gegon mich, da sie mir an die
746 3746 3136 3939 Technik des Vorlesers ganz ausserordentliche Forderungen zu stellen
