3554 4631
2285 492 2499 638 G.H.F.P
2542 467 2695 651 14
1448 483 2007 700 -64-
2856 617 3018 797 152
2319 629 2737 822 18.12.1907
614 770 1146 981 Lieber Arthur!
1078 865 2951 1033 Vertrauen gegen Vertrauens, da ich Dir doch nur helfen,
623 1005 2890 1213 wenn ich ganz rückhaltlos aufrichtig bin. Also: Reinhardt würde,
635 1097 2954 1335 wenn man ihm sagt, dass Du sonst mit Vallentin abschliessen willst,
635 1222 2927 1457 sicher die Beatrice annehmen, damit nur der andere sie nicht habe,
638 1317 2997 1561 dann aber liegen lassen, sich mahnen lässen.Dich verzweifeln lassan,
648 1439 3055 1671 endlich,gedrängt,bedroht, sie irgendwie,ohne sich selbst darum zu küm-
635 1576 2982 1793 mern, von irgendwem schnell erledigen lassen, weil er selbst kein ei-
648 1683 2973 1906 gentliches Verhältmis zu diesem Stück hat, und weil es schliesslich
654 1799 3018 1955 seine beste Eigenschaft ist, dass alle seine guten Eigensehaften ver-
654 1900 3067 2126 sagen, wo er nicht durch ein starkes inneres Verhältnis gehalten wird.
654 2022 2988 2178 Ich würde Dir also dringend zu Vallentin raten und glaube, dass die
663 2142 3049 2310 Ritscher, wenn sie im Sommer bei der Mildenburg und gelegentlich auch
654 2264 2982 2410 mit mir die Rollelernt, schon was recht Merkwürdiges machen könnte.
1072 2371 2969 2517 Ich weiss noch nicht, wann ich wieder nach Berlin muss,
663 2493 2918 2646 möchte aber jedenfalls vorher zu Euch, so bald Deine Frau so weit
669 2588 2994 2759 ist, über deren Erkrankung ich, ahnungslos, sehr erschrak, weshalb ich
663 2719 2716 2936 mich ihrer Genesung gern bald in der Nähe erfreuen möchte.
1085 2859 1485 2991 Herzlichst
1094 3003 1482 3104 Dein alter
2380 3024 2664 3159 Hermann
690 3137 2863 3281 Fragel: Reinhardt wird B. nehmen, wenn Du mit Vallentin drohst,
697 3223 2401 3339 Frage 2: Ich halte Hebbeltheater für praktischer.
693 3251 3150 3388 Frage 3: Reinhardt müsste man eine Frist von 14 Tagen zur Entscheidung
693 3388 916 3529 geben.
