3547 4569
1541 466 1771 660 42-
798 669 3139 825 die für ihn unglaublich heikle und gefährliche Situation bedenken,
792 773 2538 951 in der er geschrieben hat. Aber darüber mündlich.
1316 911 2612 1062 Mit den besten Grüssen an Deine Frau
1316 1028 1881 1185 herzlichst Dein
2483 991 2793 1218 Hermann
2529 1258 2928 1421 10.11.1903
3127 1350 3336 1501 102 a
786 1396 1326 1562 Lieber Arthur!
1243 1525 3204 1672 Kannst Du mir, auf einer Korrespondenzkarte,Auskunft ge-
798 1642 3265 1801 ben, ob der Titel "Primarius" in Süddeutschland üblich ist und wie je-
792 1771 3136 1887 mand, der bei uns Primarius heisst, in Norddeutschland genannt wird?
789 1860 3124 2016 Brahm weiss es nicht und gibt an, den Titel überhaupt nie gehört zu
795 1992 1040 2133 haben.
1252 1995 3164 2188 Brahm telegrafiert mir eben ui die Aenderungen,die ich
795 2176 3124 2289 in meinem Stück noch machen will. Was geht da vor? Ich denke doch,
798 2271 3158 2446 dass Du zunächst daran kommst. Es wäre mir wichtig, das Datum Deiner
792 2384 2280 2535 Première zu erfahren,so bald Du es weisst.
1252 2501 2323 2658 Verzeih die Hast dieser Zeilen
1246 2630 1841 2786 Dein abgehetzter
2498 2639 2789 2786 Hermann
2529 2860 2925 3035 13.11.1903
3139 2943 3284 3130 103
783 3010 1320 3158 Lieber Arthur!
1252 3130 3152 3253 Danke sehr. Ich freue mich sehr, wenn Du wieder einmal
792 3268 3234 3360 herauskommst,- nur bitte diesen  Sonntag und Montag nicht, weil ich
795 3363 3207 3508 nicht hier bin. Und bitte schick mir den Rekurs gelegentlich zurück.
1240 3468 1642 3624 Herzlichst
1240 3600 1433 3729 Dein
2492 3575 2793 3805 Hermann
