3540 4567
1524 443 1776 658 -29-
1920 480 2066 614 4 10/10
2736 477 2873 626 1:8:1
757 667 3172 816 licher zu sehen kriegen. Im "Dolch" fürchte ich die Dummheit unserer
757 785 3238 904 Premièren-Idioten; auchmacht mir Sorge,ob die zweite Verwandlung rapid
760 882 3175 1038 genug geschehen kann. Aber von alledem mündlich und in Ruhe, wenn ich
760 1044 2294 1181 nicht gerade auf dem Sprung zur Stuart bin.
1175 1141 1564 1281 Herzlichst
1175 1259 1362 1412 Dein
2502 1243 2789 1393 Hermann
3119 1465 3263 1605 80
2505 1477 2861 1627 7.10.1901
763 1605 1296 1776 Lieber Arthur!
1218 1739 3228 1867 Morgen kann ich leider nicht, da ich zur Probe des "neuen
776 1851 3216 1998 Simson" muss, und eben um dieses Stückes willen kann ich auch über die
779 1960 3232 2091 nächsten Tage nicht wohl disponieren. Dagegen bin ich Samstag, Sonntag,
763 2085 3247 2216 Montag immer mit Vergnügen bereit und, wenn es schön ist, könnte ich Dir
776 2200 3278 2328 dann auch die hübschesten kleinen Spaziergänge zeigen, die es hier gibt.
785 2315 3188 2474 Uebrigens hoffe ich Dich noch vorher zu sehen, da ich in den nächsten
773 2443 1988 2555 Tagen einmal zu Dir springen will.
1231 2571 1608 2680 Herzlichst
1234 2702 1421 2823 Dein
2521 2683 2814 2839 Hermann
2552 2926 2967 3070 21.10.1901
3182 2976 3313 3107 81
782 3066 1303 3216 Lieber Arthur!
1243 3154 3204 3309 Ich theile Deine Bedenken betr."Puppenspieler" - da wir
795 3297 3204 3447 leider Mitterwurzer nicht haben. Die Stücke sind seit acht Tagen bei
792 3390 3275 3587 Bukovies, der mir gestern sagte, mit der Lectüre fertig zu sein und Dich
792 3565 1726 3671 heute aufsuchen zu wollen.
1212 3652 1782 3824 Herzlichst Dein
2571 3655 2870 3817 Hermann
