5187 4665
2734 443 2909 637 -9-
1870 478 2052 660 P.D.
3514 538 4075 797 Wien, 19.6.1895
1721 733 2281 937 Lieber Arthur!
2249 787 4158 1020 Ich möchte sehr, sehr ger etwas von Dir für die "Zeit"
1737 953 4215 1118 haben. Lieber wäre mir eine kurze Geschichte, nicht über 8 Spalten des
1743 1112 4298 1252 Blattes. Faute de mieux, nehme ich auch eine lange,obwohl ich an d'Annun-
1743 1192 4238 1348 zio erfahren habe, dass das Zerreissen in Fortsetzungen auch die stärk-
1752 1351 2533 1491 sten Sachen umbringt.
2285 1364 3823 1577 Deine Novelle könnte im Oktober erscheinen.
2278 1520 4145 1749 Ich fahre heute Abend nach München und dann auf drei
1752 1679 2823 1826 Wochen ins bairische Gebirge.
2285 1784 2864 1928 Herzlichst Dein
3495 1816 3814 1979 Hermann
3511 2017 4050 2186 Wien, 23.7.1895
1772 2195 2304 2390 Lieber Freund!
2275 2237 4336 2447 Ich habe die "Geschichte von einem greisen Dichter" sofort
1775 2396 4107 2597 gelesen und dann, nachdem ich sie einige Tage bei mir erwogen, noch
1784 2517 4241 2683 einmal. Als Redakteur muss ich nun sagen, dass ich eine so lange, dabei
1791 2645 4282 2791 doch dünne Geschichte von schwacher Handlung und nicht sehr deutlichen
1797 2740 4289 2912 Gestalten durch Zerstückelung in etwa acht Partien, mit Pausen von acht
1800 2861 4225 3017 Tagen, schädigen und um jede Wirkung bringen würde. Wenn ich auch als
1787 2992 4279 3148 Kritiker reden darf, so möchte ich nicht verhehlen, dass mir die Novelle
1800 3078 4241 3240 von unmässiger Länge und einer gewissen, nicht in der Sache liegenden
1813 3170 4305 3377 Schwere scheint, indem ein heiterer, aber nur bei Kürze und Leichtigkeit
1816 3295 4260 3514 wirksamer Gedanke allzu gewaltsam hinausgezogen wird. Davon hoffe ich
1810 3428 4263 3613 mit Dir anfangs August in Ischl zu sprechen und dem Redakteur wäre es
1816 3565 4295 3741 lieb, wenn Du Dich entschliessen könntest, es auf ein Drittel zu kürzen,
1826 3645 4270 3843 was der Kritiker auch aus inneren Gründen billigen, ja fordern müsste,
1823 3763 4184 4005 Jedenfalls danke ich Dir für die Sendung des Manuscriptes sehr und
1823 3900 3142 4098 grüsse Dich wie Richard herzlich als
3677 3938 4056 4078 erfolg xxx
2326 4037 2788 4199 Dein treuer
3594 4056 4078 4180 Hermann Bahr
