3534 4647
784 586 2872 787 Im November komme ich nur auf ein paar Tage zurück, weil ich
555 703 3036 901 gleich wieder an den Rhein, auf eine Vorlesungstournee muss. Aber in De-
552 845 2949 1040 zember wird es uns dann doch einmal vergönnt sein, in Ruhe zu Buch zu
549 1040 827 1200 kommen.
827 1040 3051 1302 Mit herzlichen Grüssen von uns beiden, auch an Deine liebe Frau,
842 1246 1215 1422 Dein alter
2206 1246 2514 1391 Hermann
1848 1351 2996 1502 viel zu nervös, um selbst schrei-
1882 1465 2397 1613 ben zu können.
2323 1583 2687 1839 28.9.1910
2878 1567 3048 1808 167
1502 1715 1956 1947 Hermann Bahr
580 1805 2974 2079 dankt Dir herzlichst für Deinen lieben Brief - und je eher das Stück
580 2011 2804 2181 kommt, desto lieber! Und die schönsten Grüsse von Haus zu Haus!
2345 2147 2989 2391 London, 22.10.1910
2989 2252 3131 2416 168
580 2394 1108 2554 Lieber Arthur!
1040 2400 3063 2625 Herzlichsten Dank für Deinen lieben Brief. Ich freue mich
598 2527 2949 2758 sehr auf das Buch. Wenn das Stück wirklich erst am 19.November ist,
595 2610 3033 2866 kann ich leider nicht bei der Première sein, ich muss am 17.wieder auf
611 2749 2783 3011 eine der leidigen Tourneen, mit denen der Mensch Geld verdient.
1058 2841 3063 3088 Grüss Deine liebe Frau herzlichst und sei selbst in alter
602 3079 1509 3252 Freundschaft gegrüsst von
1058 3193 1296 3353 Deinem
2357 3162 2678 3316 Hermann
605 3307 2252 3480 Auch meine Frau lässt Dich schönstens grüssen.
