3559 4567
1594 451 1754 602 —33-
2059 511 2262 650 „ „ —„ —
1636 541 1832 686 " "    "
786 650 3130 825 scheint, dass sie gar nichts zu sagen hat. Dies schliesst nicht aus,
789 810 3099 971 dass der Verfasser vielleicht sich zum Journalisten eignen könnte.
792 925 2997 1049 Eine "Schmuck-Notiz" über Allerheiligen oder die Eröffnung oder
777 1046 3133 1200 Schliessung eines Café-s oder eine schöne Leich' ist ja ganz was an-
783 1155 3036 1264 deres. Doch müsste man davon Proben sehen und wissen, was er sich
786 1252 3142 1454 unter "Journalist" (der er,wie Du schreibst,werden will) eigentlich
783 1379 1022 1506 denkt.
1222 1439 1887 1572 Herzlichst in Eile
1222 1524 1618 1714 Dein alter
2470 1557 2764 1702 Hermann
3039 1733 3175 1881 88
2443 1805 2867 1947 15.Mai 1902
792 1935 3178 2068 Du bist enttäuscht, lieber Arthur, da Du geöffnet hast und siehst, dass
789 2056 3217 2186 diese Blumen, statt von einem Weibchen, nur von mir sind. Aber sie sol-
789 2171 3057 2286 len Dir halt heute, wo Du ankommst, nel mezzo del cammin di nostra
798 2253 3217 2410 vita, einmal sagen, dass ich Dich sehr gern habe und über unser gut und
792 2422 3036 2549 fest gewordenes Verhältnis froh bin und meine,es könne, was immer
792 2531 3121 2643 etwa noch das Schicksal zwischen uns werfen mag, doch eigentlich im
795 2640 3148 2779 Grunde niemals mehr wankend werden. Und mir ist, frühere Dinge jetzt
798 2752 3148 2885 erst zu verstehen, und ich rede mir ein zu meinen, dass, was ich einst
792 2836 3172 2997 gegen Dich empfunden habe, vielleicht auch nur eine freundschaftliche
792 2960 3145 3111 Ungeduld gewesen sein mag, den zu lange bei seiner Jugend Verweilen-
795 3093 3217 3202 den schneller männlich werden zu sehen. In meinem Verhältnis zur Duse
798 3169 3226 3356 weiss ich jetzt ganz gewiss, dass die unbegreifliche Wuth, die ich nach
789 3335 3087 3456 meier ersten Begeisterung plötzlich auf sie hatte, genau mit ihrer
801 3441 3072 3571 inneren Krise zusammenfiel, aus welcher sie verwandelt emporstieg.
798 3565 3084 3683 Wäre ich d'Annunzio und würde ich stilisieren, so wurde ich sagen:
801 3641 3130 3837 Ich bin der Ehrgeiz meiner Freunde -- io sono l'orgoglio della mia
798 3795 2105 3952 razza (was übrigens ganz gut klingt.)
