5192 4167
4561 406 4975 548 ' ̃'̃
1579 401 3693 556 '1' '1' 1' n'y '1''1 r. v. '1 v.,, v.
2929 1123 3559 1255 Hm! Das laß ich mir gefallen,
2924 1236 3688 1315 Wenn Ihr's nicht zu wörtlich nehmt.
2924 1286 3593 1376 Und ich sage Dank Euch allen,
2924 1350 3475 1445 Die mich heut' bediademt
2924 1434 3401 1547 Oder doch bediaduselt
2924 1508 3575 1595 Mit so manchem art'gen Wort.
2929 1582 3546 1661 Musen! Jetzt ist ausgemuselt t
2924 1645 3501 1743 Alle nenne schick' ich fort.
2929 1714 3522 1830 Aber dass aus ihren Haaren
2924 1822 3546 1895 bleibt ein holder Duit zurück,
2934 1877 3543 1959 Der in neue Schreibgefahren
2924 1930 3580 2022 Lockt, in neuer Träume Glück,
2924 2035 3522 2125 Dieses gänzlich zu verhüten,
2924 2104 3659 2191 Steht nur schwer in meiner Macht
2924 2167 3659 2246 Sieht man doch auch späte Blüten,
2934 2238 3783 2328 Wenn vom Frost der Wald schon kracht.
2924 2296 3712 2420 Nehint sie, wenn sie sprießen sollten,
2924 2391 3569 2483 Dann als Dank für Eure Huld
2934 2454 3820 2544 Denn, je mehr ein Mann gegolten,
2929 2523 3788 2620 Um so mehr steht er in Schuld.
2863 2594 3351 2713 Bern, am 20. Februar 1902.
3142 2652 3973 2855 f. V. Widmann
