5192 4167
3313 428 4612 602 1 1 1' 1" 1" r,, r, r, v.
2927 456 3178 581 Votre trèsse de l'auteur ainsi
435 469 2140 607 1 „ „ r, r, v - „ -, „
155 469 378 611 1,14.-1
1839 1016 2134 1201 Hédme
2155 1436 2762 1555 V or's Portal für Jubelgreise
2149 1527 2724 1631 Gängelt Ihr mich lobesam,
2147 1595 2722 1684 Da nun meine Lebensreise
2162 1659 2745 1752 An die Sechz'ger-Ecke kam.
2159 1735 2989 1852 Am l'ortal giebt's lust'gen Thorschmack
2172 1829 2677 1909 Zeitungsflaggenwimpelei,
2162 1869 2845 1969 Künft'ger Nrkrologe Vorschmack
2162 1949 2760 2051 Und wie lieb ich vielen sei.
2162 2058 2749 2142 Aber diese Zeitungsflaggen,
2170 2117 2819 2202 Die mir heute freundlich welin.
2172 2166 2927 2257 Haben doch den Schalk im Nacken
2168 2236 2838 2350 Und ich kann sie gut verstehn.
2176 2329 2968 2439 Was mir manchmal schon als Ahnung,
2191 2408 2756 2497 Leise durch die Seele glitt,
2191 2467 2859 2552 Wird zur öffentlichen Mahinung:
2183 2535 2921 2630 Du bist alt 1 Thu nicht mehr mit!
2193 2607 2949 2719 „Wic's mit Winterstrahtenschrägheit
2195 2698 2794 2779 "Jetzt die Alterssonne meint,
2195 2762 2980 2836 „Fass' es klug: Erlaubt ist Trägheil,
2193 2817 2906 2940 "Die von nun an Würde scheint."
