6136 4088
3690 541 5751 772 immer wieder zu empfinden pflegte. Eine woh-
3709 754 5673 955 lige Wärme durchfloss ihn behaglich.-Viel-
3709 939 5808 1122 leicht doch etwas Fieber? dachte er. Ein paar
3703 1058 5802 1281 Zehntel nur, aber es war immerhin möglich. Vor
3714 1222 5773 1421 einigen Wochen hatte er ein paar Abende hin¬
3719 1383 5762 1596 ter einander dieses leichte Fiebergefühl ge-
3714 1556 5783 1717 habt und es vermieden sich zu messen. In den
3719 1698 5695 1884 übernächtigen Morgenstunden freilich hatte
3719 1862 5808 2053 er sich eingebildet, dass es eine Mahnung sei-
3719 2029 5792 2220 nes Spitzenkatarrhs sein mochte,wie man viel-
3714 2226 5845 2358 leicht beschönigend die Krankheit bezeichnet,
3711 2374 5783 2506 derentwegen man ihn vor Jahren in den Süden.
3714 2549 5778 2683 geschickt hatte. Sein Kollege, der Sekunda-
3714 2729 5759 2855 rius Mäusetschläger, war kürzlich nach sechs-
3719 2855 5708 2979 wöchentlicher Krankheit an der sogenannten
3733 2985 5792 3160 galoppierenden Schwindsucht gestorben. Warum
3703 3160 5862 3305 sollte ihm, Rudolf, nicht das gleiche Los bevor-
3709 3267 5652 3482 stehen, wenn es ihm auch jetzt um neun Uhr
3709 3439 5730 3614 Abends in diesem leben-und freudeerfüllten
