6168 4232
5517 438 5707 586 102
1604 455 1951 717 as here.
3583 572 5790 759 etwas hielt ihn davon ab. Nach der "Götz"-Szene
3572 756 5693 941 gab es grossen Beifall, aber die jungen Leute
3583 882 5608 1046 durfen sich nicht verbeugen und so erlosch
3577 1052 5864 1251 der Applaus frühxx. Rudolf sprach über den Schau-
3572 1220 5710 1348 spieler, der den Lerse gespielt hatte und auch
3572 1354 5773 1513 über einige von den andern, die schon in den vo-
3563 1519 5753 1706 rigen Szehen gespielt hatten. Er war zurückhal-
3577 1701 5730 1834 tend im Lob und setzte unwillkürlich die Worte
3566 1848 5722 1988 ziemlich gewählt aneinander. Ein junger Mensch
3577 1979 5730 2127 trat herzu und bemerkte zu der Schwester; "Gut
3560 2124 5742 2295 hat sie’s gemacht. Ich lass sie schön grüssen.
3560 2309 5801 2448 und war schon wieder davon. Die Schwester wende
3569 2457 5773 2599 te sich zu Rudolf: "Der bildet sich heute schon
3572 2574 5719 2756 was ein“ und Rudolf erfuhr, dass es ein Kollege
3560 2758 5716 2901 von Maria war, ein sehr talentierter Bursch aus
3555 2895 5611 3060 gutem Haus, aber ein grosser Lausbub. Rudolf
3552 3083 5759 3242 verspürte keinerlei Sympathie für ihn. "Er soll
3555 3211 5764 3376 schon fürs nächste Jahr ein Engagement in Ber-
3540 3367 5676 3512 lin haben am Deutschen Theater. Die Schwester
3558 3475 5776 3694 erinnerte ihn daran, dass der junge Mensch heute
3540 3643 5793 3865 schon in zwei Szenen aufgetreten war. Jetzt ent-
