6168 4248
5454 421 5607 582 95
3602 532 5652 772 warteter Erfolg gewesen. Sie klagte über das
3633 727 5765 896 Wiener Klima. Es stellte sich heraus, dass sie
3599 888 5734 1049 aus Dänemark stammte, ihre Mutter war eine be-
3599 1046 5615 1202 rühmte dänische Schauspielerin gewesen, ein
3597 1210 5802 1385 deutscher Offizier hatte sie geheiratet und vor
3594 1371 5827 1549 zehn Jahren schon war man nach Deutschland über
3588 1510 5799 1685 siedelt. Während dieses Gesprächesnoch trat die
3563 1626 5757 1812 Mutter ein, eine ziemlich kleine, rundliche, ver-
3568 1790 5839 1988 blühte Frau, Rudolf wunderte sich, dass das einmal
3565 1948 5779 2135 eine grosse Schauspielerin gewesen sein sollte.
3557 2135 5754 2282 Sie sprach noch immer mit einem fremden Akzent
3580 2251 5785 2454 und als sie hörte, dass der junge Mann der De-
3568 2429 5774 2604 tor sei, fragte sie ihn, ob man nicht endlich et-
3568 2596 5788 2723 was Entschiedenes für ihr armes Kind tun könne.
3554 2712 5811 2878 Sie redete, als wenn es sich um eine schwere, sehr
181 2743 368 3000 1
3568 2844 5779 3076 ernsthafte Krankheit handelte und Rudolf fühlte
3551 3034 5729 3189 dich genötigt etwas näher auf den Fall einzu-
3557 3158 5745 3342 gehen. Die Klagen der Schauspielerit legten Ru¬
3551 3331 5731 3515 dolf den Gedanken nahe, ob man hier nicht durch
3546 3475 5604 3628 Hypnose irgend etwas ausrichten könne. Er
3574 3605 5714 3811 sprach davon, dass er selbst im Laufe der letz-
