6168 4104
5412 389 5565 553 40
3657 485 5656 736 Theatersaal völlig unmöglich schien? Jedes
3671 720 5804 903 Jahr starben so und so viele Leute an Schwind-
3652 914 5719 1073 sucht. Wie sollte denn überhaupt die für die
3649 1054 5689 1235 statistische Tabelle unerlässliche,in jedem
3660 1188 5793 1391 Jahr annähernd gleiche Zahl herauskommen, wenn
3666 1358 5689 1566 er, Doktor Rudolf Forlan, nicht auch seinen
3682 1544 5691 1716 Beitrag zu den dreitausendeinhundertvierzig
3660 1659 5856 1820 Fällen des Jahres lieferte... Doch was ihm des
3671 1815 5724 1982 Morgens so oft höchst wahrscheinlich dünkte,
3676 2028 5864 2160 jetzt war es geradezu ausserhalb jeder Möglich-
3797 2182 5710 2346 keit. Sein Urgrossvater väterlicherseits
3676 2272 5869 2486 war siebenundneunzig Jahre alt geworden. Manch-
3671 2477 5858 2658 mal empfand er es beinahe wie ein untrugliches,
3671 2658 5804 2811 ja prophetisches Gefühl, dass er, gerade er von
3666 2787 5708 2995 seinen Vorfahren diese Erbschaft übernommen.
3663 2948 3991 3115 hatte.
5508 2962 5702 3140 und
4227 3088 5806 3299 Und wieder fiel der Vorhang
3671 3241 5749 3441 dav. Claudius
3671 3419 5612 3622 Dobold stand neben ihm. "Ausgeschweigt?"
3676 3578 4372 3737 fragte er ihn.
