6136 4088
3575 548 5860 724 Nacht noch getobt hatte;Raudnitz war der Dienst-
3592 694 5816 888 habende und Rudolf war Herr seiner Zeit bis zur
3604 879 5872 1093 Stunde des Abendessens, zu der er daheim erwartet
3604 1055 5837 1236 wurde. In solchen Zwischenpausen pflegte Doktor
3636 1228 5901 1392 Porlan in einem nahen Kaffeehaus Billard zu spie-
3604 1362 5757 1553 len oder mit Kollegen zu plaudern.
3604 1562 5872 1696 wir verwähntig bestimmenden Aber es
3621 1685 5919 1881 war indess halbsieben geworden, die Bretter sicher
3616 1893 5781 2074 alle besetzt, auch zu medizinischen Gesprächen
3630 2042 5927 2206 verspürte er wenig Lust, am liebsten hätte
3616 2192 5889 2344 er noch seinen Freund Hulrig aufgesucht, aber der
4609 2318 4946 2414 zuhause
3616 2373 5886 2511 war ja sicher nicht dahin und wenn xxxx, kei-
3613 2505 4392 2719 neswegs allein.
4246 2596 5957 2830 Und noch eine Art gab es dieser lee-
3621 2819 5933 3018 ren Stunde einen Schein von Inhalt zu verleühen.
3630 2980 5790 3141 Aber die Wahrscheinlichkeit Anlette daheim zu
3636 3173 5986 3290 finden war allzu gering.
3621 3305 5951 3478 Sie war ja um diese Zeit in der Fecht-
3601 3449 5939 3704 stunde, zusammen mit den elf anderen Damen, die als
