6152 4072
3529 490 5837 719 jemals ein tieferes Gefühl an ihr Herz ge-
3529 677 5921 879 rührt hatte,- darüber war sich der Bruder niemals
3529 885 5927 1038 klar geworden, denn auch Männern gegenüber wechselte
3547 1035 5885 1228 ihre Haltung zwischen Koketterie und Zurückhaltung
3529 1216 5888 1381 und jede ernsthafte Werbung um ihre Hand hatte sie
3529 1390 5900 1568 mit Entschiedenheit zurückgewiesen. Jetzt,in ihrem
3541 1534 5921 1706 zweiunddreissigsten Jahr durfte sie wohl allen fer-
3541 1655 5855 1859 ner Stehenden als völlig genesen gelten. Trotzdem
3547 1835 5867 1980 verstand es Rudolf nicht ganz, dass der Vater sich
3541 1962 5888 2169 gar keine Sorgen um ihre Zukunft zu machen schien,
3529 2157 5858 2311 Denn der wueste ja, dass sein Bruder als fünfzehn¬
4050 2254 4242 2350 doch
3535 2293 5924 2452 jähriger das zweifellos eine erbliche Belastung
3526 2488 5858 2630 vorhanden war. Und wenn er auch den Wunderlich
3529 2609 5876 2777 keiten der eigenen Gattin, ihren Empfindlichkeitein,
3517 2774 5921 2976 Aengstlichkeiten und Sorgen,ihrer ganzen etwas kum-
3523 2934 5942 3099 mervollen Veranlagung bis vor kurzem nur mit einem
3520 3060 5843 3246 gewissen milden Spott gegenübergestanden war,-es
3517 3237 5873 3412 konnte ihm doch nicht entgangen sein, wie all diese
3517 3349 5915 3556 Eigenheiten in den letzten Jahren fast ins Unheim-
3505 3562 5798 3740 liche sich gesteigert hatten; hatte er denn ganz
