6208 4008
5284 349 5466 486 110
3393 461 5739 692 Shawls flatterten um Marias Hals, der Astrachankra
1742 498 2425 759 ab. Pføber Noia.
3393 659 5675 826 gen war ein wenig abgeschabt. Sie fragte Rudolf.
1439 744 2407 947 s. merten Jleigse im
3393 835 5770 1002 wie er sich denn das antun könne sich so eine Schü-
1630 950 2410 1108 Söm modoä.sitsd.
3405 965 4595 1175 lervorstellung anzusehen.
1921 1074 2182 1244 . He ist
3763 1153 5742 1269 Rudolf behauptete, dass ihn gerade das ganz
3411 1284 5672 1460 besonders interessiere. Manche habe er auch ganz
3417 1423 5754 1627 talentiert gefunden.- "Wie hat Ihnen denn die Julia
3396 1584 5827 1797 gefallen?" fragte sie. Er war ganz überzeugt, dass sie
3402 1757 5776 1936 sich eigentlich nach dem Romeo hatte erkundigen wol-
3405 1924 5791 2070 len. Für die Szene, behauptete er sind die Zwei noch
3405 2027 5721 2237 nihht reif genug." Gerade für so junge Rollen muss
3417 2206 5633 2389 man reifer sein, meiner Ansicht! Es war übrigens
3417 2395 5627 2571 gar nicht seine Ansicht,er redete nur so daher.
3433 2525 5836 2728 Und dann bemerkte er eigentlich gegen seinen Willen:
3448 2650 5672 2871 "Dieser junge Mensch, der den Romeo gespielt hat,
3423 2807 5575 2983 der soll ja schon engagiert sein-in Berlin." -
3466 2968 5903 3162 "Wenn’s wahr ist“,erwiederte sie einfach. Dann nannte
3436 3153 5730 3308 sie zwei ihrer Kolleginnen und einen Kollegen, die
3448 3269 5770 3445 tatsächlich schon für kleinere Bühnen Verträge un-
3439 3445 5779 3654 terzeichnet hatten. Und Rudolf erkundigte sich, wie
