6267 4008
5616 275 5801 446 108
1593 328 2067 589 re santen
3683 401 5876 642 schien ihm in der Erinnerung plötzlich rührend,
3700 648 5888 797 ja bemitleidenswert. Von Sofie erfuhr er frei-
1425 749 1927 934 ndt fell.nen
3691 771 5697 957 lich, dass dazu kein Grund vorlag. "Die ver-
1705 926 2017 1052 eis, die
3689 920 5938 1102 steht's“, sagte sie. „und ihre Mutter noch besser."
4149 1055 5787 1273 Da kam ein junges Mädchen in einem
4056 1150 4508 1276 schwarzen
3697 1231 5941 1411 langen Mantel mit schmalem Astra-
3694 1369 5756 1576 chankragen. Um die Haare und die Stirn hatte
3700 1546 5832 1719 sie einen hellen Seidenshawl geschlungen. Sie
3694 1691 5854 1854 war es. Rudolf hätte sie kaum erkannt, wenn sie
3697 1809 5927 2034 nicht bei ihrer Schwester stehen geblieben wäre.
3705 2003 5823 2196 Etwas armselig sah sie aus, gar nicht wie eine
4805 2101 5534 2208 hochgewachsenen
3717 2168 5890 2331 junge Künstlerin und neben ihrer Schwester sah
3694 2317 5826 2480 sie beinahe klein aus. Aber freilich, auch der
3694 2471 5935 2648 Mantel, den Sofie trug, auch ihr Hut mach-
3736 2623 5635 2788 ten keinen besonders vornehmen Eindruck.
4070 2757 5868 2948 Rudolf sagte der jungen Schauspielerin
3694 2937 5927 3111 einiges sehr Freundliche über ihre heutigen Lei¬
3700 3091 5860 3248 stungen. Sie nahm es hin, ohne Ueberzeugung und
3705 3226 5905 3414 im Grunde ohne Interesse und unwirsch bemerkte
3705 3374 5921 3565 sie: "Es ist eine so blöde Komödie und die Edda
3711 3546 5871 3719 war ja zum Herunterschiessen.“ Jetzt erinnerte
