6136 4184
5571 377 5737 566 74
3589 521 5844 766 reisenden, über den sie selbst, fast noch mehr als
3606 749 5692 904 die Schwestern, sich lustig zu machen pflegte.
3595 884 5698 1050 Die jüngere war kaum siebzehn, ein verdorbener
3589 1058 5726 1202 und frecher Fratz, der manchmal über Nacht aus-
3600 1191 5740 1351 blieb. Der Bruder, Mechaniker in einem Raufahr-
3600 1374 5706 1512 geschäft, schlief in der Küche, wenn er um vier
3617 1478 5644 1714 oder fünf Uhr Morgens von seiner Geliebten
3606 1686 4296 1849 nachnause kam.
3896 1790 5717 1954 Rudolf hatte sie alle persönlich kennen
3612 1987 5802 2108 gelernt, sah sie aber fast nie. Zu Anfang seines
3612 2086 5748 2322 Verhältnisses mit Annette hatte er mit dem Ge-
3626 2277 5698 2421 danken gespielt, Annette aus ihrer Familie zu
3612 2435 5776 2573 entfernen,war aber bald froh gewesen, dass dazu
3617 2576 5771 2722 seine Mittel niemals gereicht hatten. Wie übel
3626 2719 5776 2922 wäre ich heute dran, dachte er, während Annette
3631 2916 5799 3043 ihn zur Begrüssung umarmte.Sie war übrigens ge-
3600 3049 5864 3246 kränkt, dass er sich seit einigen Tagen gar nicht
3612 3184 5729 3358 um sie gekümmert hatte. Er wehrte lau ab; sie
3612 3353 5782 3524 wisse ja, wieviel er jetzt zu tun habe und dann
3612 3488 4301 3702 die Damilie...
