6184 4232
3080 204 3390 486 P.S.1931
5331 453 5543 608 116
1759 404 1959 680 Mai
340 419 990 705 Chawaffedosf.
3548 522 5926 784 vorbei. Er sah zum dritten Stock auf, wo die Fenster
3542 747 5653 920 noch beleuchtet waren. Eine Fensterpromenade,
3548 917 5628 1087 dachte er bei sich, kam sich etwas l채cherlich
3542 1054 5835 1248 vor, wandte sich aber doch noch einmal an der Ecke
3536 1264 3721 1419 um.
3730 1333 5905 1552 In den n채chsten Tagen entschloss er sich doch
3551 1558 5668 1716 wieder hypnotische fxperimente vorzunehmen,er
3548 1698 5732 1850 hatte ein besonders gutes medium gefunden, ein
3569 1856 5847 2026 junges M채dchen, die ihre Eignung schon dadurch er-
3557 2014 5729 2184 wiesen hatte, dass er sie durch einen einfachen
3542 2135 5902 2330 Befehl einschl채fern und empfindungslos machen konn
3551 2312 5780 2482 te. Diesmal versuchte er, was ihm neulich schon
3557 2451 5847 2634 bei einer anderen Person beinahel gelungen war, ihr
3791 2591 4532 2728 von Erlebnissen
3563 2594 5932 2810 die Augustion zu geben, dass sie eigentlich ein an-
3551 2770 5817 2962 deren Wesen sei,indem er ihr z.B. vorsprach,sie
3551 2931 5917 3089 befinde sich auf einem Schiff bei Sturm und Wetter
3557 3095 5999 3277 und habe Angst unterzugehen. Dann beruhigte sich das
3557 3223 5884 3426 Wetter, ihr wurde wieder wohl, sie kam ans Land, wun-
3563 3363 5890 3563 dervoller Blumenduft war um sie, der sie beseligte.
