6152 4312
5519 527 5671 676 92
3490 557 5841 879 verstehe. "Ich weiss nicht einmal, ob ich das rich-
3490 787 5823 992 tige Gefühl dafür habe." Dann sprach erdavon,dass
3478 977 5748 1126 ihm Vertuosen eigentlich unheimlich seien, fragte
3490 1118 5731 1320 Rudolf beinahe unvermittelt, ob nicht Musiker und
3466 1293 5808 1451 besonders reproduzierende Künstler öfter wahnsin-
3460 1460 5808 1636 nig würden als andere Menschen, zeigte sich plötz-
3478 1621 5808 1818 lich zu Budolfs Verwunderung unterrichtet darüber,
3475 1794 5805 1967 dass er Sekundararzt an der psychiatrischen Abtei-
3466 1949 5596 2128 lung sei und wusste sogar, dass er sich in der
3466 2113 5859 2312 letzten Zeit mit allerlei hypnotischen Experimenten
3466 2283 5734 2447 abgegeben habe. Doch hierin war deutlich ein Ton
3460 2408 5671 2539 von Missachtung, zum mindesten von Misstrauen zu
3448 2590 5641 2759 hören. "In der Wissenschaft", sagte er, "bin ich
3445 2736 5605 2882 fürs Exakte,in der Kunst übrigens erst recht";
3442 2885 5784 3072 er lächelte wieder mit bezwingender Liebenswürdig-
3433 3031 5686 3248 keit, dann legte er dem jungen Mann die Hand auf
3439 3171 5793 3361 die Schulter und verabschiedete sich so plötzlich,
3454 3367 5796 3534 dass Rudolf kaum Zeit blieb seinen Grues zu erwie-
3451 3490 3710 3695 dern.
