6136 4104
5579 374 5748 530 34
4104 533 5786 763 Die junge Dame auf dem Sitz vor Ru¬
3635 711 5826 927 dolf flüsterte der Mutter etwas ins Ohr. Diese
3629 887 5728 1074 nickte eifrig. Auch der Bub mischte sich mit
3640 1051 5861 1236 einer unhörbaren Bemerkung ein. Alle Drei schie-
3623 1201 5858 1403 nen recht erregt. Rudolf dachte: Also das Kammer-
3623 1374 5797 1564 mädchen da oben ist offenbar Maria und hier da
3640 1518 5783 1670 vor mir sitzt die Familie, die Wama, die Schwes-
3640 1670 5757 1858 ter und der kleine Bruder. Die Angelegenheit
3626 1817 5832 2030 scheint ihnen offenbar sehr wichtig. Ganz natür-
3623 1999 5812 2174 lich,-ein Debut offenbar,der Anfang einer Gar-
3623 2172 5789 2321 rière, das Vorspiel zu einem Leben, der Arbeit,
3629 2275 5789 2485 des Ruhmes oder der Enttäuschungen, des Glanzes
3623 2431 5700 2661 oder des Elends. Vorspiel zu grossen Leiden-
3626 2604 5939 2857 schaften, kleinen Abenteuern, zu einem baldigen Ehe-
3632 2820 5763 2961 bündnis mit einem kleinen Schauspieler oder
3620 2920 5826 3125 einem Fürsten,zu einer armseligen oder zu einer
3620 3110 5800 3289 grossen Existenz, zu einem Schicksal jedesfalls.
3603 3266 5766 3416 Kein sehr grossartiger Anfang - das Kammermäd-
3617 3398 5754 3603 chen in "Kabale und Liebe“. Sie ist auch ein
4360 3508 4533 3603 und
3600 3557 5748 3816 wenig ärgerlich auf die Lady Milfort hat sie
