6152 4168
5511 449 5671 586 61
3535 575 5643 752 der Hofbühne, dass nach dem vornehmen, doch et-
3532 775 5654 972 was laxen Regime des alten Poeten, der mit al-
3541 932 5577 1090 len älteren Schauspielern auf Du und Du ge-
3549 1113 5766 1287 standen war und sie auch auf den Proben mit dem
3555 1224 5617 1401 Vornamen anzusprechen liebte, eine energische
3555 1416 5771 1579 Persönlichkeit die Zügel in die Hand genommen
3555 1590 5760 1765 habe. Was die Gräfin übrigens dem neuen Direktor
3572 1710 5746 1868 am übelsten zu nehmen schien, bemerkte der Medi-
3572 1899 5723 2033 zinalrat, mit seinem ironischen Lächeln, das war
3566 2008 5786 2202 offenbar das Engagement des Fräulein Roveda vom
3572 2185 5760 2357 Residenztheater, jedenfalls eine gefährliche Ri-
3578 2342 5792 2554 valin und um zwanzig Jahre jünger,die dem neuen
3566 2505 5780 2697 Direktor sehr nahe gestanden sei und jetzt seit
3584 2634 5783 2846 der Erstaufführung des neuen Dramas von Dillenz
3578 2774 4076 2894 mit diesem
3584 2860 5731 3000 in zarten Beziehungen stehe, angeknüpft habe.
4264 2963 5737 3126 Rudolf vermied es die Schwester
3578 3126 5786 3300 anzusehen und fragte sich, warum der Vater nicht
3572 3263 5737 3501 lieber darauf verzichtet hatte auch dieses Ge-
3572 3415 5617 3624 rüchts - ob wahr oder unwahr - Erwähnung zu
3575 3552 5877 3810 tun. Wahrscheinlich hatte er in diesem Augenblick
