6120 4216
5253 407 5414 585 75
3834 539 5824 711 "Willst du nicht ins grosse Zimmer kommen?"
3561 685 5732 895 fragte sie gleich. "Die Rosa ist nämlich nicht
3561 869 5798 1041 zuhause. Der Onkel ist da, er hat sie ins Theater
3567 1035 4146 1222 eingeladen.”
3842 1127 5755 1351 Sie baut schon vor, dachte er, das soll ihr
3559 1348 5755 1511 nichts helfen. Er erwiederte vorläufig nur, dass
3567 1488 5804 1675 er keineswegs heute Abend bei ihr bleiben könne,
3567 1640 4878 1835 da er daheim erwartet würde.
3871 1781 5732 1979 Sie nahm es hin merkwürdig gefasst, dann
3550 1967 5589 2153 erzählte sie gleich von der Fechtstunde bei
4809 2085 5242 2197 den zwölf
3547 2122 5761 2303 Hartl, die sie dort zusammen mit an-
3561 2251 5594 2435 deren xxxx für die Tournee nach dem
3550 2432 5655 2598 Balkan engagierten Tanzsängerinnen nahm. Die
3556 2609 5858 2822 Eine war übrigens die Tochter eines pensionierten
3567 2733 5746 2908 Oberstleutnant. Rudolf konnte daraus ersehen,
3561 2893 5738 3045 dass auch junge Damen aus guter Familie ein En-
3550 3037 5015 3243 gagement bei der Truppe nahmen.
4000 3200 5549 3389 Nichts auf der
3530 3303 5695 3498 Welt könnte mir gleichgültiger sein, dachte er.
3556 3518 5666 3708 Von mir aus könnten es lauter Baroninnen und
3550 3642 4422 3851 lauter Huren sein.
