6136 4024
5499 340 5677 462 35
4096 578 5686 754 Trotzdem oder gerade deswegen. Du
3512 771 5597 855 bist nicht nur ihr Hausarzt, du bist auch ihr
3506 906 5901 1004 Lieblingsneffe." Er lächelte, küsste den Sohn flüch¬
3506 1096 5859 1180 tig auf die Stirn und, immer zwei Stufen auf einmal
3494 1197 5847 1346 nehmend, jugendlich trotz seiner fünfundfüngig Jah-
3500 1397 4882 1552 re, eilte er die Treppe hinab.
4018 1480 5820 1695 Rudolf in seinem Zimmer, die Petroleum-
3506 1665 5880 1880 lampe auf dem Tisch, nahm die unterbrochene Lektüre
3518 1880 5823 2049 wieder auf, Unten im Hof hörte er den Wagen davon-
3506 2017 5648 2210 rollen, der den Medizinalrat zu seinen Kranken
3518 2127 5871 2365 führte oder wenigstens zu Leuten,die seines ärzt.
3518 2341 5698 2505 lichen und freundschaftlichen Rates, jedesfalls
3524 2520 5698 2681 aber seiner beruhigenden Gegenwart bedurften.
3518 2687 5838 2866 ### Zu beruhigen,
3518 2827 5794 2976 seine Kunst, fast seinassenie und gerade der
3512 2934 5728 3116 Aengstlichkeit, ja Verzweiflung gegenüber wusste
3524 3143 5779 3321 er sein freundliches Wesen zur heitersten Laune,
3506 3306 5785 3485 seine Ueberredungsgabe zu einer wahren Meister-
3518 3452 5794 3631 schaft der Lüge, ja bis zum Glauben an die eigene
3518 3619 5841 3747 Wunderkraft zu steigern. Doch sah er sich in sei-
