6136 4056
2993 355 3337 532 216.1930
3610 529 5748 702 Um diese Zeit nahm sie Unterricht im Fech-
3627 691 5719 850 ten oder Tanzen, zusammen mit den elf anderen
3621 853 5907 1012 jungen Damen, mit denen sie sich am ersten Januar
3616 998 5819 1188 auf eine Art Kunstreise nach dem Balkan begeben
3599 1180 3968 1327 sollte.
3931 1296 5776 1475 Rudolf seufzte leicht und rechnete, dass
3604 1464 5691 1674 es bis zum ersten Januar immerhin noch
3599 1634 5730 1811 lange genug sei.Jedes-
3613 1811 5858 1970 falls aber war es ihm so erspart das unausbleib-
3610 1930 5861 2121 liche und erwünschte Ende dieser Beziehung durch
3616 2123 5861 2294 freien Entschluss herbeizuführen,wie er es schon
3607 2234 5713 2447 vor einigen Wochen vergeblich versucht hatte.
4016 2408 5713 2550 Am Ende beschloss er durch die Stadt
3604 2555 5694 2723 langsam nach dem Elternhaus zu schlendern, um
3596 2740 5759 2908 dort noch vor dem Abendessen mit Schwester und
3599 2891 5682 3076 Mutter eine Stunde zu verplaudern. Er machte
3599 3030 5796 3238 Ordnung in seinem kleinen, mit leidlicher Behag-
3593 3201 5804 3377 lichkeit ausgestetzen Zimmer, schloss das Piani-
3587 3383 5722 3530 no, auf dem er am Nachmittag ein wenig phanta-
3584 3505 5853 3738 siert hatte und schickte sich eben an das Zimmer
