6152 4216
2983 387 3352 576 27.9.30
5474 396 5630 600 64
3511 531 5609 795 Er sah Martha vor sich, wie er sie zuletzt vor
3523 837 5747 1035 Monaten gegen Ende des vorigen Winters bei Gele-
3511 993 5735 1122 genheit einer kleinengesellschaft gesehen
3523 1107 5426 1200 als Tänzerin in den Armen gehalten hatte:
3517 1134 5768 1321 Wunderbar-mädchenhaft in einem sehr ein-
3577 1258 4019 1366 einfachen
3529 1258 5705 1510 fachen, doch xxxxxxx, xxx nach gefälterplten Tüll-
3532 1462 5714 1642 kleid Schlank, schwebend, wunderbar-mädchenhaft
3535 1546 5681 1729 und die Worte tönten in seiner Erinnerung noch
3529 1702 5636 1954 nach, die sie beim Abschied zu ihm gesprochen,
3529 1864 5645 2056 nicht die Worte selbst, freundlich,aber etwas
3547 2035 5624 2236 traurige xxxxzugleich, zärtlich beinahe und
3541 2194 5792 2359 hang, ja misstrauisch, nicht die Worte sel bst, aber
3547 2386 5666 2539 ihr Ton und ihr Duft. Dann war sie wieder aus
3535 2512 5705 2665 seinem Leben verschwunden oder vielmehr er aus
3541 2653 5762 2821 dem ihren. Aber ganz plötzlich war statt
3553 2788 5789 2995 dieses Bildes ein anderes da,so gewalt-
3541 2962 5804 3148 sam drängte es sich xxxx an die Stelle jenes an-
3559 3133 5777 3358 deren, dass es zuerst wie ein kleiner Schrecken
3559 3268 5945 3520 für Rudolf war: er sah die junge Schauspielerin vor
3547 3496 5963 3638 sich mit den dunklen irrenden Augen, die ihm gestern
3559 3589 5816 3824 zum ersten Ma/1 begehnet war und ganz unbegreif-
