6136 4088
3734 553 5694 766 "Hinweg du" der Lady sich entfernt, bemerkt
3715 750 5699 908 Rudolf,er vielleicht als Einziger,wie die
3721 868 5783 1087 Kleine mit unverhohlener Verachtung auf Lady
3718 1066 5836 1245 Milfort herunterschaut und wie ihre Augen vor.
3721 1224 5699 1413 dem Abgehen gross und kurzsichtig über den
3721 1405 5652 1581 ganzen Saal flackern,verspürt er eine Art
3713 1542 5555 1710 von Rührung,ohne recht zu wissen warum.
4113 1697 5815 1889 Nach dieser Szene regte Claudius Do-
3721 1847 5728 2052 hold an den Saal zu verlassen. Rudolf konn-
3715 2047 5791 2176 te sich nicht entschliessen. "Ich will Ihnen
3715 2192 5797 2381 aufrichtig gestehen, "sagte er," ich mag mich
3702 2329 5783 2481 noch so sehr langweilen, ich gehe niemals vor
3705 2497 5691 2660 ochluss aus einem Theater fort. Ich komme
3702 2639 5718 2842 auch niemals zu spät, wenn ich es vermeiden
3702 2826 5762 2963 kann. Denn das ist mir so peinlich, als hätte
3705 2984 5718 3139 ich eine Unhöflichkeit oder eine Versäumnnis
3721 3129 5736 3265 begangen. Und es mag auf der Bühne alles so
3694 3286 5699 3463 minderwertig sein als nur möglich, -ich für
3694 3450 5805 3663 meinen Teil, ich amüsiere mich immer. Ich bin
