6152 4104
5342 391 5508 554 28
3515 530 5766 720 den lang aufgehört hatten Faust und Mephisto zu
3509 687 5733 856 sein und sich in die Herren Walter und Schmidt
3515 868 5810 1060 verwandelt hatten,die verkleidet und massiert von
3515 998 5677 1182 der Bühne aus, als gingen Margarethe und Marthe
3500 1170 5700 1365 sie nicht im geringsten an, in die Loge herauf.
3503 1353 5813 1572 gegrüsst hatten. Er hatte es damals nicht gewusst,
3515 1484 5558 1691 und auch heute, beinahe zwanzig Jahre später
3515 1691 5623 1860 wusste er es noch nicht recht, was ihn so sehr
3527 1800 5766 2031 bewegt hatte,-jedenfalls war —r heute, eben jetzt
3527 1951 3702 2049 vonn
3521 2028 5760 2182 der unbeholfenen törichten Gebärde des klei-
3515 2162 5706 2313 nen Lerse,mit der er sich so plötzlich ausser-
3521 2283 5653 2514 halb der Szene und ausserhalb seiner Rolle zu
3515 2467 5813 2665 stellen gewagt hatte, der gleiche sonderbare und
3521 2653 5807 2807 etwas unheimliche Schauer ausgegangen, der ihn da-
3521 2784 5742 2946 mals berührt hatte. Wie war das nun eigentlich?
3527 2920 5908 3109 fragte er sich jetzt. Hatte dieser Herr Wendelstein
3533 3130 5872 3272 - so hiess der junge Schauspielschüler - den Franz
3515 3228 5825 3459 Lerse gespielt,- hatte nicht eben der Franz Lerse,
3515 3385 5807 3559 den Herrn Wendelstein gespielt - und zwar gerade-
3503 3539 5751 3734 so schlecht wie früher der Herr Wendelstein den
