6128 4008
5457 273 5651 464 112
3538 406 5557 638 Ob sie sich für irgend eine Rolle besonders
3541 626 5672 793 interessiere fragte ersie dann. Sie nannte ei-
3527 785 5663 940 nige Partien. Die Luise, das Käthchen von Heil-
3529 935 5545 1137 bronn und noch ein paar Rollen aus weniger
3524 1070 5686 1258 bekannten Stücken. Es stellte sich heraus, dass
3521 1223 5742 1431 sie keineswegs alle Stücke kannte,in denen viel
3521 1408 5760 1581 leicht Hollen für sie vorhanden waren. Er mannte
3515 1555 5748 1757 zum Beispiel die Edritta aus "Weh dem, der lügt",
3506 1713 5748 1881 in diesem Falle kannte sie auch das Stück nicht.
3506 1878 5757 2048 Sie kannte die "Ahnfrau", sie hatte sie einmal im
3521 2019 5748 2181 Burgheater gesehen und die Hero hatte sie sogar
3500 2166 5781 2377 zum Teil auswendig gelernt. Aber im ganzen hatte
3497 2307 5719 2504 sie nicht allzu viel gelesen; mit ihrer Bildung
3500 2483 5833 2668 schien es überhaupt nicht weit her. Sie gestand es
3485 2630 5581 2807 selbst zu. „Das kommt alles noch früh genug“,
3471 2795 5830 2986 sagte sie, als wenn es sich nicht um Bücher, sondern
3477 2939 5801 3136 um schwere Erfahrungen handeln würde, die einem ja
3482 3106 5769 3300 doch auf die Dauer nicht erspart bleiben könnten.
3521 3277 5731 3430 Sie war auch bisher nicht allzuviel ins Theater
3465 3424 5772 3673 gegangen. Es war noch nicht gar so lange her, dass
