6152 4104
3539 611 5695 799 Mutter an der Brüstung und Rudolf sah noch, wie
3556 822 5712 938 ihre dünnen weissen nackten Arme das Opernglas
3551 1004 5733 1117 aus Perlmutter an die Augen rückte. Die Mutter
3551 1152 5588 1279 in schwarzem Atlaskleid sass in der anderen
3551 1311 5863 1435 Ecke, er selbst mit zurückgekämmten Haar und ybrei
3551 1479 5776 1589 tem weissen Kragen schaute ins Orchester hinab,
3562 1612 5686 1730 das ihm als eine unruhige, blinkende, wir belnde
3556 1774 5840 1898 Masse erschien. In der Erinnerung sah er die Gei-
3551 1930 5776 2081 genbogen aus dem Dunkel in die Luft fliegen, das
3551 2089 5718 2289 Messing der Posaunen sah er leuchten und unter
3562 2202 5816 2382 den grünen Pultschirmen funkelten kleine Lichter
3559 2419 5825 2558 hervor. Der Vater war nicht anwesend; vermutlich
3580 2558 5808 2677 befand er sich in der Bühnengarderobe eines sei-
3568 2749 5869 2856 ner patienten, dem er während der Vorstellung eine
3562 2821 5788 2978 kleine ärztliche Hilfe oder Beruhigung zu spen-
3568 3050 5825 3163 den hatte. Die Mutter sah ein paar Mal nach der
3580 3128 5683 3302 Türe, ob er nicht endlich wiederkäme. Doch als
3574 3293 5900 3487 im Zwischenakt die Türe sich öfinete war es nicht
3574 3458 5842 3707 der Vater, der eintrat, sondern ein junger Mann im
