6278 3992
1320 345 2241 584 smois ds les
1125 532 2264 716 Mie isd ablodod dieiigit
1817 675 2203 888 sief dia
5743 383 5916 546 122
3666 447 5723 704 den Unbefangenen,beinahe Gleichgültigen,erwä
5790 523 5959 681 te.
3678 666 5872 844 dass er manchmal in dieser Gegend zu tun hatte,
3666 803 6009 1020 liess sich ihren wiederholten Dank für die schönen
3684 967 5951 1157 Bücher, die er ihr neulich gesandt,gern gefallen,
3678 1142 5910 1315 und begleitete sie bis zum Konservatorium,wo sie
3684 1285 5962 1493 am Abend um sieben Uhr jeden Dienstag und Freitag
3690 1428 5147 1598 Vorträge über Literatur und Gesq:
5331 1420 5898 1633 te anzuhören.
3678 1572 5699 1779 hatte. Ueber den Professor sagte sich nicht:
3695 1744 5416 1919 besonders Freundliches. Aber es wurde
3690 1890 5337 2092 gesehen, wenn die jungen Schauspieler
3672 2051 5413 2217 spielerinnen den Vorlesungen fern bli
3684 2217 5144 2407 hin kam sie heute zu spät, da sie
5223 2232 5413 2387 eine
3684 2352 5232 2524 mit Rudolg in xxx mässiger Entfern
5308 2360 5518 2515 ang ve
3719 2501 5515 2679 "chulgebäude stehen xxx geblieben und
3690 2673 5647 2845 lebhaftes Plaudern geraten war. Er erfuhr
3678 2851 5933 3023 ser Viertelstunde mehr von ihr als er bisher ge-
3692 3009 5869 3143 wusste hatte. Sie sprach von dem xu frühen Tode
3690 3135 5921 3324 ihres Vaters, von der etwas mässigen Existenz und
3684 3283 5834 3409 den eingeschränkten Verhältnissen der Familie,
5045 3406 5702 3558 es war heute
4084 3418 4268 3576 e sie
3707 3409 3979 3657 ohne d
