6136 4200
3566 523 5784 800 sich vor in jedem Fall der Ueberlegene zu sein
3574 734 5748 950 und niemals wieder an irgend ein weibliches We-
3572 925 5717 1130 sen das Herz zu hängen, niemanden glauben, weder
3572 1044 5665 1257 einer Geliebten noch einem Freund. Es war ja
3566 1246 5745 1445 nicht einmal ausgeschlossen, dass Hulrig und An-
3561 1395 5604 1614 nette - er erinnerte sich einer Praterfahrt
3572 1559 5676 1755 im vergangenen Sommer mit ihm und ihr xxx des
3563 1753 5709 1908 gemeinsamen Nachtmahls unter den Bäumen
3563 1963 5756 2074 und seines Lächeln bei der nächsten Begegnung
3563 2118 5751 2306 nein, er wollte nicht weiter denkenumso weniger,
3569 2273 5704 2461 als in diesem Moment schon ganz gleichgül¬
3566 2434 5659 2625 tig geworden war. Ach, immer war es gleichgül¬
3563 2547 5684 2785 tig gewesen und er schlug Richard vor mit ihm
3561 2749 5751 2907 eine Partie Billard zu machen. Hulrig war ein-
3566 2888 5560 3057 verstanden. Er war der bessere Spieler, doch
3547 3046 5576 3226 manchmal schon hatte ihn Rudolf geschlagen.
3552 3184 5657 3375 Nun, wenn ihm das heute gelingen sollte,so war
3538 3361 5753 3550 es ein Zeichen, dass Annette vielleicht doch un-
3536 3497 5762 3669 schuldig war. Es war geradeso unwahrscheinlich,
