6136 4216
5496 359 5666 591 86
3673 515 5830 719 sche Eindrücke plauderten sie, von den letzten
3687 719 5782 857 Konzerten und Opernvorstellungen,die er be¬
3671 849 5949 1036 sucht hatte, und er sehnte sich sehr darnach ein-
3673 1016 5751 1197 mal mit ihr zusammen die Meistersinger oder
3679 1174 5725 1341 den Tristan zu hören. Das war sonziemlich
3673 1313 5895 1469 das tärtlichste,was er ihr vertraut hatte. Von
3662 1480 5762 1636 seinen persönlichen Beziehungen hatte er ihr
3662 1605 5869 1820 nie mehr angedeutet, als dass sie von seiner Ge-
3665 1760 5816 1953 bundenheit an ein hübsches junges,seiner viel-
3642 1936 5850 2120 leicht nicht ganz würdiges Wesen wissen musste.
3651 2103 5850 2270 Sie nahm es nicht sehr ernst und hatte für sei-
3648 2241 5773 2425 ne Andeutungen nicht mehr übrig als ein etwas
3656 2391 5168 2575 melancholisches Fortblicken.
3973 2524 5700 2720 An diesem Abend hatte er auch Tilenz
3651 2725 5833 2872 wiedergesehen und er hatte sich vorgenommen zu
3648 2847 5595 3076 beobachten, wie es mit den Gefühlen seiner
3648 3017 5844 3167 Schwester für den Dichter stünde. Doch er hatte
3625 3170 5850 3334 keine Gelegenheit dazu. Er war an diesem
3645 3328 5785 3518 Abend so sehr mit Martha beschäftigt, dass er
3651 3501 5776 3668 beinahe vergass sich um Friederike und Dilent
