6136 4104
3596 561 5791 766 Kindern....hatte er überhaupt welche? Wieviele?
3621 746 5772 913 Eins, drei...sieben... Hat er Freude an ihnen
3610 924 5836 1099 erlebt oder Kummer? Wie lange nach seiner Erkran-
3621 1077 5650 1229 kung hatte er sich verheiratet? Oder war er
3630 1218 5700 1399 vielleicht erst später erkrankt nach dem sie-
3635 1390 4343 1598 benten Kind?...
4187 1526 5769 1726 Der Eintritt des Professors unter-
3641 1679 5841 1854 brach jäh Rudolfs Gedanken; und auch sein
3621 1865 5755 2006 Unmut darüber, dass er solchen nutzlosen, nich¬
3641 2023 5755 2167 tigen, entfesselten Assoziationen immer wieder
3641 2164 5828 2312 ausgeliefert war,hielt nicht lange an. Er folg-
3646 2325 5789 2509 te dem Professor pflichtgemäss bei der Visite,
3652 2450 5819 2658 erstattete Berichte über die ihm persönlich zu-
3646 2620 5822 2761 geteilten Kranken, wohnte der Vor-
3652 2794 5750 2983 lesung und so auch der Vorstellung eines die-
3646 2964 5850 3136 ser patienten bei und brachte den Hörern selbst
3657 3086 5850 3272 Vorgeschichte und Befund zur Kenntnis. An dem
3627 3247 5855 3419 kühlen Blick, mit dem der Professor gelegentlich
3646 3397 5803 3610 an ihm vorbeiglitt,ersah er wieder dessen voll
3641 3538 5719 3807 kommene Gleichgültigkeit gegen seine Person.
