<?xml version="1.0" encoding="UTF-8" standalone="yes"?>
<PcGts xmlns="http://schema.primaresearch.org/PAGE/gts/pagecontent/2013-07-15" xmlns:xsi="http://www.w3.org/2001/XMLSchema-instance" xsi:schemaLocation="http://schema.primaresearch.org/PAGE/gts/pagecontent/2013-07-15 http://schema.primaresearch.org/PAGE/gts/pagecontent/2013-07-15/pagecontent.xsd">
    <Metadata>
        <Creator>prov=READ-COOP:name=TrHtr:version=2.1.0:model_id=51170:date=28_07_2023_01:41</Creator>
        <Created>2023-05-10T11:13:03.772+02:00</Created>
        <LastChange>2023-07-28T01:41:55.239+02:00</LastChange>
        <TranskribusMetadata docId="1428132" pageId="55384558" pageNr="83" tsid="131312854" status="IN_PROGRESS" userId="64420" imgUrl="https://files.transkribus.eu/Get?id=SKDRJCFZASMDXCLJYBZZJEYB&amp;fileType=view" xmlUrl="https://files.transkribus.eu/Get?id=DCRBPUQTZWNWUJMLOENGZJLN" imageId="44659457"/>
    </Metadata>
    <Page imageFilename="1428132_0083.jpg" imageWidth="6136" imageHeight="4232">
        <ReadingOrder>
            <OrderedGroup id="ro_1711824678731" caption="Regions reading order">
                <RegionRefIndexed index="0" regionRef="tr_1"/>
            </OrderedGroup>
        </ReadingOrder>
        <TextRegion id="tr_1" custom="readingOrder {index:0;}">
            <Coords points="3294,558 5837,558 5837,3722 3294,3722"/>
            <TextLine id="tr_1_tl_1" custom="readingOrder {index:0;}">
                <Coords points="3436,688 3620,641 3899,730 5552,768 5546,622 5047,552 4695,606 4410,520 4181,603 3610,460 3426,508"/>
                <Baseline points="3450,608 3539,614 3629,620 3718,626 3808,632 3897,638 3987,638 4076,644 4166,650 4255,656 4345,656 4434,662 4524,668 4614,668 4703,674 4793,680 4882,686 4972,686 5061,692 5151,698 5240,698 5330,704 5419,710 5509,710 5557,716"/>
                <TextEquiv>
                    <Unicode>Belang. Er war noch nicht einmal entschlossen</Unicode>
                </TextEquiv>
            </TextLine>
            <TextLine id="tr_1_tl_2" custom="readingOrder {index:1;}">
                <Coords points="3423,803 3769,790 4137,898 4851,850 5504,920 5498,739 5178,806 4629,707 4540,768 3420,723"/>
                <Baseline points="3438,764 3527,775 3617,781 3706,781 3796,787 3885,793 3975,793 4064,805 4154,811 4243,811 4333,817 4423,817 4512,823 4602,829 4691,829 4781,835 4870,841 4960,841 5049,847 5139,847 5228,853 5318,859 5407,865 5497,865 5509,859"/>
                <TextEquiv>
                    <Unicode>selbst zu gehen. Freitag? Hatte er da nicht</Unicode>
                </TextEquiv>
            </TextLine>
            <TextLine id="tr_1_tl_3" custom="readingOrder {index:2;}">
                <Coords points="3429,939 4048,958 4188,1047 5615,1047 5561,876 5454,952 3423,850"/>
                <Baseline points="3444,913 3533,919 3623,931 3712,937 3802,943 3891,949 3981,949 4070,955 4160,961 4249,961 4339,966 4428,966 4518,972 4608,978 4697,984 4787,990 4876,996 4966,996 5055,1002 5145,1008 5234,1008 5324,1014 5413,1014 5503,1020 5592,1026 5622,1026"/>
                <TextEquiv>
                    <Unicode>Dienst? Nein. Und die Gesellschaft zuhause, -die</Unicode>
                </TextEquiv>
            </TextLine>
            <TextLine id="tr_1_tl_4" custom="readingOrder {index:3;}">
                <Coords points="3423,1088 4616,1244 4930,1177 5707,1228 5698,1063 5584,1044 5257,1110 3417,1012"/>
                <Baseline points="3438,1068 3527,1074 3617,1086 3706,1092 3796,1092 3885,1098 3975,1104 4064,1110 4154,1116 4243,1116 4333,1122 4423,1128 4512,1128 4602,1134 4691,1140 4781,1146 4870,1146 4960,1152 5049,1157 5139,1163 5228,1169 5318,1169 5407,1175 5497,1181 5586,1181 5676,1187 5712,1181"/>
                <TextEquiv>
                    <Unicode>war erst drei Tage später. Man musste auch nicht</Unicode>
                </TextEquiv>
            </TextLine>
            <TextLine id="tr_1_tl_5" custom="readingOrder {index:4;}">
                <Coords points="3309,1266 3883,1269 4080,1377 5647,1377 5641,1237 3306,1187"/>
                <Baseline points="3324,1211 3414,1223 3503,1235 3593,1241 3682,1247 3772,1253 3861,1259 3951,1259 4040,1265 4130,1271 4220,1277 4309,1283 4399,1283 4488,1289 4578,1295 4667,1301 4757,1307 4846,1313 4936,1313 5025,1319 5115,1319 5204,1325 5294,1331 5384,1337 5473,1337 5563,1343 5652,1348"/>
                <TextEquiv>
                    <Unicode>bis zu Ende bleiben. Man sah sich zwei oder drei</Unicode>
                </TextEquiv>
            </TextLine>
            <TextLine id="tr_1_tl_6" custom="readingOrder {index:5;}">
                <Coords points="3445,1488 5685,1529 5679,1374 5542,1364 4886,1415 4645,1351 4499,1428 4261,1351 3439,1371"/>
                <Baseline points="3456,1396 3545,1396 3635,1408 3724,1414 3814,1414 3903,1420 3993,1426 4082,1426 4172,1432 4261,1438 4351,1444 4440,1450 4530,1450 4619,1456 4709,1462 4799,1468 4888,1474 4978,1474 5067,1486 5157,1486 5246,1492 5336,1492 5425,1504 5515,1504 5604,1510 5694,1516"/>
                <TextEquiv>
                    <Unicode>zenen an und in jedem Fall ging man allein. Und</Unicode>
                </TextEquiv>
            </TextLine>
            <TextLine id="tr_1_tl_7" custom="readingOrder {index:6;}">
                <Coords points="3395,1612 3591,1561 4121,1688 5622,1697 5612,1558 3388,1491"/>
                <Baseline points="3408,1539 3497,1551 3587,1557 3676,1563 3766,1569 3855,1575 3945,1581 4035,1587 4124,1587 4214,1593 4303,1599 4393,1605 4482,1605 4572,1611 4661,1617 4751,1623 4840,1629 4930,1635 5019,1641 5109,1641 5198,1647 5288,1653 5378,1659 5467,1665 5557,1671 5628,1665"/>
                <TextEquiv>
                    <Unicode>er versorgte die beiden gelben Billetts in sei-</Unicode>
                </TextEquiv>
            </TextLine>
            <TextLine id="tr_1_tl_8" custom="readingOrder {index:7;}">
                <Coords points="3379,1799 3521,1761 3744,1837 4143,1792 4137,1688 4086,1672 3715,1672 3601,1634 3493,1666 3369,1631"/>
                <Baseline points="3390,1701 3479,1707 3569,1707 3658,1719 3748,1719 3838,1725 3927,1731 4017,1736 4106,1742 4148,1742"/>
                <TextEquiv>
                    <Unicode>ner Brieftasche.</Unicode>
                </TextEquiv>
            </TextLine>
            <TextLine id="tr_1_tl_9" custom="readingOrder {index:8;}">
                <Coords points="3832,1957 4127,2008 4308,1948 5676,1973 5672,1900 5222,1897 4974,1805 4718,1872 4232,1799 3823,1827"/>
                <Baseline points="3844,1874 3933,1886 4023,1892 4112,1898 4202,1898 4291,1904 4381,1910 4470,1916 4560,1922 4649,1927 4739,1933 4828,1939 4918,1939 5007,1945 5097,1945 5187,1951 5276,1957 5366,1963 5455,1969 5545,1975 5634,1975 5682,1969"/>
                <TextEquiv>
                    <Unicode>Seinem Freund Hallrig hatte Budolf mit¬</Unicode>
                </TextEquiv>
            </TextLine>
            <TextLine id="tr_1_tl_10" custom="readingOrder {index:9;}">
                <Coords points="3357,2056 5736,2214 5723,2002 5644,1976 5371,2049 5146,1961 4838,2049 3696,1916 3353,1989"/>
                <Baseline points="3372,2017 3462,2023 3551,2023 3641,2029 3730,2035 3820,2035 3909,2047 3999,2047 4088,2059 4178,2059 4267,2065 4357,2071 4446,2077 4536,2083 4625,2083 4715,2089 4805,2095 4894,2101 4984,2107 5073,2113 5163,2113 5252,2118 5342,2124 5431,2130 5521,2136 5610,2142 5700,2130 5736,2130"/>
                <TextEquiv>
                    <Unicode>geteilt, dass die Angelegenheit mit Annette endgül -</Unicode>
                </TextEquiv>
            </TextLine>
            <TextLine id="tr_1_tl_11" custom="readingOrder {index:10;}">
                <Coords points="3369,2205 4146,2335 5822,2316 5815,2214 5495,2164 3363,2100"/>
                <Baseline points="3384,2166 3473,2172 3563,2178 3653,2184 3742,2190 3832,2196 3921,2202 4011,2208 4100,2214 4190,2220 4279,2226 4369,2226 4458,2232 4548,2238 4637,2238 4727,2250 4816,2250 4906,2256 4996,2262 5085,2268 5175,2268 5264,2274 5354,2280 5443,2286 5533,2292 5622,2298 5712,2304 5801,2298 5831,2304"/>
                <TextEquiv>
                    <Unicode>tig erledigt sei. Freilich, sie hatte zu leugnnen ver-</Unicode>
                </TextEquiv>
            </TextLine>
            <TextLine id="tr_1_tl_12" custom="readingOrder {index:11;}">
                <Coords points="3344,2344 3683,2436 4429,2398 5803,2519 5793,2354 5663,2310 5457,2392 3341,2265"/>
                <Baseline points="3360,2321 3450,2333 3539,2339 3629,2339 3718,2345 3808,2351 3897,2363 3987,2363 4076,2369 4166,2375 4255,2381 4345,2387 4434,2393 4524,2399 4614,2399 4703,2405 4793,2411 4882,2417 4972,2423 5061,2429 5151,2429 5240,2435 5330,2441 5419,2447 5509,2453 5598,2459 5688,2465 5777,2471 5807,2465"/>
                <TextEquiv>
                    <Unicode>sucht-es war sogar möglich, dass der Herr tatsächlich</Unicode>
                </TextEquiv>
            </TextLine>
            <TextLine id="tr_1_tl_13" custom="readingOrder {index:12;}">
                <Coords points="3328,2554 5685,2633 5679,2516 5244,2544 5111,2462 3318,2411"/>
                <Baseline points="3342,2477 3432,2489 3521,2489 3611,2500 3700,2506 3790,2506 3879,2512 3969,2518 4058,2524 4148,2530 4237,2536 4327,2536 4417,2548 4506,2548 4596,2554 4685,2560 4775,2560 4864,2566 4954,2572 5043,2578 5133,2584 5222,2590 5312,2596 5401,2602 5491,2602 5580,2602 5670,2602 5694,2602"/>
                <TextEquiv>
                    <Unicode>ein Onkel aus Prossnitz gewesen war; aber schliess¬</Unicode>
                </TextEquiv>
            </TextLine>
            <TextLine id="tr_1_tl_14" custom="readingOrder {index:13;}">
                <Coords points="3331,2706 3667,2662 4629,2789 4835,2732 5130,2817 5241,2754 5571,2792 5565,2697 5327,2662 5247,2716 4816,2611 3322,2563"/>
                <Baseline points="3342,2632 3432,2644 3521,2650 3611,2656 3700,2656 3790,2662 3879,2668 3969,2668 4058,2674 4148,2680 4237,2692 4327,2697 4417,2697 4506,2703 4596,2709 4685,2715 4775,2721 4864,2721 4954,2727 5043,2733 5133,2739 5222,2745 5312,2745 5401,2751 5491,2763 5580,2757"/>
                <TextEquiv>
                    <Unicode>lich solche Verwandtschaft schloss eine andere</Unicode>
                </TextEquiv>
            </TextLine>
            <TextLine id="tr_1_tl_15" custom="readingOrder {index:14;}">
                <Coords points="3325,2916 3502,2852 4229,2950 4461,2871 5758,2982 5745,2792 5250,2868 4527,2738 3315,2728"/>
                <Baseline points="3336,2793 3426,2793 3515,2811 3605,2817 3694,2823 3784,2829 3873,2835 3963,2835 4052,2841 4142,2847 4232,2853 4321,2853 4411,2859 4500,2865 4590,2871 4679,2877 4769,2883 4858,2888 4948,2894 5037,2894 5127,2900 5216,2906 5306,2912 5395,2918 5485,2918 5575,2924 5664,2930 5754,2930 5760,2930"/>
                <TextEquiv>
                    <Unicode>Beziehung nicht aus. Und so hatte er sich entschlos-</Unicode>
                </TextEquiv>
            </TextLine>
            <TextLine id="tr_1_tl_16" custom="readingOrder {index:15;}">
                <Coords points="3303,3004 5066,3065 5539,3166 5831,3100 5691,2966 5025,3008 3506,2855 3299,2919"/>
                <Baseline points="3318,2948 3408,2960 3497,2966 3587,2972 3676,2978 3766,2984 3855,2990 3945,2990 4035,2996 4124,3002 4214,3008 4303,3014 4393,3020 4482,3020 4572,3026 4661,3032 4751,3038 4840,3044 4930,3050 5019,3056 5109,3056 5198,3062 5288,3068 5378,3074 5467,3079 5557,3085 5646,3091 5736,3091 5825,3091 5837,3091"/>
                <TextEquiv>
                    <Unicode>sen Annette nur von Zeit zu Zeit,sozusagen als Freun-</Unicode>
                </TextEquiv>
            </TextLine>
            <TextLine id="tr_1_tl_17" custom="readingOrder {index:16;}">
                <Coords points="3296,3166 5660,3277 5653,3166 5441,3131 3287,3014"/>
                <Baseline points="3312,3109 3402,3121 3491,3121 3581,3133 3670,3133 3760,3139 3849,3145 3939,3151 4029,3151 4118,3157 4208,3157 4297,3175 4387,3175 4476,3181 4566,3181 4655,3187 4745,3199 4834,3199 4924,3205 5013,3211 5103,3217 5193,3217 5282,3223 5372,3229 5461,3235 5551,3241 5640,3241 5664,3247"/>
                <TextEquiv>
                    <Unicode>din wiederzusehen. Man musste ja kein brüskes</Unicode>
                </TextEquiv>
            </TextLine>
            <TextLine id="tr_1_tl_18" custom="readingOrder {index:17;}">
                <Coords points="3277,3290 4416,3474 4952,3369 5825,3420 5672,3318 3271,3169"/>
                <Baseline points="3294,3265 3384,3270 3473,3282 3563,3282 3653,3288 3742,3294 3832,3300 3921,3306 4011,3312 4100,3312 4190,3318 4279,3324 4369,3330 4458,3330 4548,3336 4637,3342 4727,3348 4816,3354 4906,3360 4996,3366 5085,3372 5175,3372 5264,3378 5354,3384 5443,3390 5533,3396 5622,3402 5712,3408 5801,3402 5831,3402"/>
                <TextEquiv>
                    <Unicode>Ende machen, umso weniger als Anette Mitte Jänner ohne-</Unicode>
                </TextEquiv>
            </TextLine>
            <TextLine id="tr_1_tl_19" custom="readingOrder {index:18;}">
                <Coords points="3284,3506 3483,3464 3721,3480 3899,3560 3978,3512 4080,3531 4169,3496 4140,3353 4064,3407 3693,3401 3483,3341 3410,3388 3274,3369"/>
                <Baseline points="3294,3432 3384,3438 3473,3444 3563,3444 3653,3450 3742,3456 3832,3462 3921,3467 4011,3473 4100,3479 4172,3485"/>
                <TextEquiv>
                    <Unicode>dies Wien verlies.</Unicode>
                </TextEquiv>
            </TextLine>
            <TextLine id="tr_1_tl_20" custom="readingOrder {index:19;}">
                <Coords points="3813,3626 4245,3721 4530,3667 5723,3753 5717,3623 5406,3560 5063,3629 4943,3560 4534,3604 4172,3518 3810,3544"/>
                <Baseline points="3832,3617 3921,3623 4011,3629 4100,3641 4190,3641 4279,3647 4369,3653 4458,3653 4548,3658 4637,3664 4727,3664 4816,3670 4906,3676 4996,3682 5085,3688 5175,3694 5264,3700 5354,3706 5443,3706 5533,3712 5622,3712 5712,3712 5730,3712"/>
                <TextEquiv>
                    <Unicode>Hullrig interessierte sich nicht sonder-</Unicode>
                </TextEquiv>
            </TextLine>
        </TextRegion>
    </Page>
</PcGts>
