6152 4104
5420 389 5575 550 23
3431 516 5827 729 Jüngeren in komisch aufgeregtem Ton sich entschul¬
3431 686 5684 899 digen hörte. "Der Bub ist schuld, ich wär schon
3443 884 5687 1060 lang da gewesen. Dieser,mit unerwartet dunkler
3431 1026 4220 1211 Stimme, erklärte:
3883 1202 5717 1397 "Was wollt's denn? Ich hab doch aus der
3452 1309 5748 1533 Furnstund' nicht davonlaufen können." Er nahm der
3443 1518 5793 1719 Schwester den Operngucker aus der Hand und starrte
3449 1685 5575 1898 auf die Bühne und bemerkte: "Da spielt ja die
3431 1834 4673 2043 Maria noch gar nicht mit."
4141 2007 5808 2189 Die Schwester verwies ihn mit einem
3443 2125 5793 2371 strengen Blick zur Ruhe, denn schon hatte das Spiel
3461 2271 3902 2502 begonnen.
4135 2459 5848 2645 In einem gothischen Burggemach stand
3443 2596 5805 2805 ein Mann in einfach ritterlichem Hausgewand, dessen
3449 2757 5729 2976 kurzer grauer angeklebter Bart den knabenhaften
3449 2936 5830 3076 Zügen kein älteres Ansehen zu geben vermochte; ein
3455 3109 5760 3291 anderer in wilder Landsknechttracht mit hohen gel¬
3446 3231 5884 3434 ben Schaftstiefeln und blaurotem Wams sah mit seinem
3443 3398 5808 3592 rotblonden Xxxx Knebelbart etwas reifer aus. Es
3443 3571 5735 3780 war Franz Lerse, der eben einge-
