6152 4072
5544 435 5716 582 10
3602 579 5748 781 vergessen, dass der Vater dieser wunderlichen
3602 735 5806 916 Frau, also Rudolfs und Friederikens Grossvater,-
3602 913 5803 1104 seinerseits Arzt und übrigens Schachspieler von
3627 1063 5786 1250 Internationalem Ruf, im Irrenhaus geendet hat?
3607 1225 5915 1409 Allerdings auf der anderen Seite stand es besser.
3610 1415 5777 1559 Die Forlans waren eine kerngesunde Familie und
3625 1559 5829 1732 der Medizinalrat stammte, wie er es zuweilen
3604 1720 5803 1858 nicht ohne Genugtuung erwähnte, aus einem alten
3613 1890 5878 1997 Bauerngeschlecht, das noch vor sechzig oder sieb-
3613 2023 5912 2184 zig Jahren an der mährischen Grenze seine Felder
3610 2184 4244 2342 bebaut hatte.
4019 2314 5786 2521 Beschwichtigt und nicht ohne wissen-
3602 2484 5904 2639 schaftlichen Anteil las Rudolf im Charcot weiter,
3604 2671 5881 2824 legte das Buch aber am Schluss des Kapitels bei-
3602 2818 5915 2953 seite und fand, dass für heute das Tagewerk seiner
3602 2962 5884 3106 Pflicht beendet sei. Nicht einmal zu einem Rund¬
3602 3135 5835 3299 gang durch die Krankenzimmer bestand eine Nöti-
3607 3262 5783 3429 gung. Bei der Nachmittagsvisite waren alle Pa¬
3890 3342 4189 3446 völlig
3607 3420 5863 3550 tienten ruhig gewesen, sogar Mathäus Schwarz,
3613 3581 5837 3774 der paralytische Komiker, der in der vergangenen
