6152 4200
3861 545 5676 669 Dann erzählte sie auch von den Gesangs-
3473 730 5703 890 lektionen. Sie hatte gar nicht gewusst', dass sie
3473 847 5703 992 eine so gute Stimme habe, der Professor hätte ihr
3479 977 5605 1146 geraten sich nach der Rückkehr von der Tournee
3454 1128 5728 1300 doch weiter ausbilden zu lassen. Hoffentlich wer-
3454 1297 5611 1461 de sie sich in dem rauchigen Lokal die Stimme
3451 1454 5771 1658 nicht verderben. Die Abreise sei übrigens für Mit-
3466 1627 5651 1793 te Feber festgesetzt. Rudolf erschrak geradezu.
3457 1815 5753 1950 Wiederum sechs Wochen später, dachte er. Uebrigens
3460 1901 5756 2080 sah sie heute auffallend hübsch aus, wieder einmal
3451 2089 5777 2255 nie achtzehn und manchmal fast wie achtundzwanzig.
3454 2222 5737 2403 fünfundzwanzig war sie. Sie nahm zärtlich-harmlos
4788 2363 5004 2462 ihre
3442 2363 5820 2545 seine Hand und führte sie an Lippen. Er liess
3442 2514 5737 2721 es geschehen und fragte sich, ob es nicht wirklich
3445 2678 5679 2878 einen Änkel aus Prossnitz geben könne,-oder zwei
3448 2822 5648 3020 oder einen Onkel, der einen Freund hatte. Jetzt
3429 2989 5904 3189 blickte sie rasch zu ihm auf. Er kannte diesen Blick.
3439 3134 5673 3343 Sie war ja doch eine Canaille. Und ohne ihr die
3423 3306 5583 3488 Hand zu entziehen, fragte er sehr harmlos: "Na,
3420 3442 5485 3602 hast du dich gestern Abend gut unterhalten?"
