6136 4104
5550 463 5700 625 46
3514 574 5811 782 sprach er über den eben vergangenen Theaterabend.
3532 767 5754 941 Fräulein Saville, die er zuerst erwähnte, war eine
3526 920 5682 1148 französische Emignantin. Ihre Mutter war nicht
3526 1139 5832 1275 viel Besseres als eine Kupplerin, die Tochter eine
3529 1239 5904 1440 begabte,aber - so behauptete er - halbdunkle Natur.
3526 1446 5943 1608 Und wie hatten ihm denn diese Radewotzkys gefallen?
3511 1575 5760 1738 Rudolf wunderte sich, dass Claudius den Namen be-
3514 1738 5778 1915 halten hatte. "Das gehört zu meinem Beruf",be-
3517 1900 5727 2107 merkte Claudius. "Die Kleine wird sich übrigens
3517 2056 5294 2222 bei der Bühne anders nennen müssen."
4092 2131 5838 2402 "Die Schwester ist eigentlich interes-
3487 2360 5718 2531 santer“,sagte Rudolf. "Sie hat so etwas Königli-
3511 2537 3815 2679 ches."
4061 2642 5748 2871 Claudius lachte. "Das ist vielleicht
3487 2808 5754 3006 zu grossartig. Aber es ist tatsächlich verarmter
3496 2985 4278 3175 kleiner Adel.. "
4061 3102 5733 3373 "Glauben Sie, dass die Kleine Talent
3478 3277 3764 3439 hat?"
4055 3442 5802 3665 Claudius zuckte die Achseln." Man muss
3493 3638 5901 3788 ja nicht gerade Talent haben, um beim Theater Carrie
