6203 4008
5636 367 5818 498 115
1314 446 2237 665 Hieds daa Temmi siw
3566 437 5672 722 Hand fast kameradschaftlich, lächelte und be-
1287 680 1518 868 Décidées :
3566 698 5724 907 merkte wie entschuldigend: "Sie ist heute sehr
3560 847 5211 1035 müd. Auf Wiedersehen, Herr Doktor."
3891 1011 5669 1205 Rudolf merkte sich für alle Fälle die
3572 1190 5876 1326 Hausnummer. War ich jemals in dieser Gasse, fragte
3578 1326 5830 1530 er sich. Sie lag ganz nahe der Hauptstrasse,
3578 1502 5930 1684 aber ausgesprochenen Verstadteharakter.war kaum
3578 1596 6021 1824 acht oder zehn Häuser lang, sehr alte, hundert bis xxx
3578 1809 5800 1982 zweihundertjährige Gebäude wechselten mit neuen
3581 1955 5879 2146 gleichgültigen Häusern ab. Gegenüber dem Wohnhaus
3587 2149 5903 2297 von Labitzkys stand ein beinahe zierliches Empire.
3603 2258 5712 2443 Schlösschen. Statt zurückzukehren ging Rudolf
3590 2431 5827 2589 weiter durch Gassen, die er sonst kaum je zu be-
3596 2540 5943 2747 treten pflegte. Eslockte ihn sein Abendessen in ei
3584 2695 5930 2914 nem einfachen Wirtshaus zu nehmen,in dem er sicher
3575 2877 6009 3068 sein konnte unter lauter fremden Menschen zu sitzen.
3590 3026 5964 3208 Es war ihm wohl und etwas sonderbar zumute. Und also
3590 3184 5903 3360 wenn es ihm darauf ankäme den romantisch lächerli-
5393 3266 5612 3357 nahm
3590 3335 5760 3505 chen Stil dieses Abends weiterzuführen,###g er
3603 3408 5833 3615 den Hückweg wieder an dem Wohnhaus der Labitzkys
1229 3499 1408 3669 08.
