6136 4216
5584 384 5738 555 68
3566 558 5670 774 ren über den Graben schlendern gesehen,
3578 740 5712 905 den zwei Paaren unbemerkt gefolgt/sei und sie
3583 885 4676 982 in einer Seitenstrasse
3566 894 5821 1113 nach einiger Zeit im Eingang seines wohlbekann-
3589 1096 5809 1269 ten, übelbeleumdeten Hotels ferschwinden gesehen
3578 1210 3882 1386 hatte.
3973 1372 5741 1574 "Irrtum ausgeschlossen?" fragte Rudolf.
3965 1574 4429 1745 "Absolut."
3948 1691 5897 1879 Rudolf erkundigte sich nach Einzelheiten,
3598 1839 5863 2041 erfuhr, dass die beiden Herren ziemlich minder ge-
3578 2027 5653 2212 wesen seien, daß Hallrig für alle Fälle eine
3583 2175 5852 2342 halbe Stunde vor dem Hotel gewartet habe xxx war
3583 2357 5772 2530 im ganzen nicht so erfreut,wie er sichs Hullrig
3578 2488 5684 2675 möglicherweise versorpehen hatte und empfand
5203 2601 5587 2712 für ihn,
3572 2596 5860 2858 nur wenig von der Freude, die im Hullrig verspro-
3583 2804 5730 2957 chen hatte. Immerhin sagte er sich "Und wenn
3561 2954 4674 3162 sie leugnet?" fragte er.
4124 3105 5724 3324 „Ich bin ja da“, erwiederte Hullrig.
3589 3233 5863 3393 einfach. „Das meinst du nicht im Ernst“, erwie-
3581 3393 5772 3592 derte Hullrig. "Und wenn auch - das ändert doch
3572 3521 5718 3692 nichts an der Sache. Oder - mir scheint gar -"
