6168 4232
5506 334 5706 583 117
3631 512 5620 752 Dann hörte sie Vogelgesang und belustigte
3625 703 5758 932 sich an kleinen Afren, die in den Aesten
3642 892 4297 1089 herumsprangen.
3954 1043 5718 1244 Einige junge
3631 1206 5895 1392 Aerzte waren anwesend, später kam auch der Assis-
3642 1375 5926 1544 tent hinzu, der an diesen Vorstellungen,wie er sie
3625 1527 5883 1718 nannte, kein besonderes Gefallen fand, hatte sein
3642 1692 5898 1852 irnnisches Lächeln und verschwand wieder. Rudolf
3636 1818 5800 1998 war etwas verlegen und beschämt und brach bald
3628 2033 3816 2173 ab.
3959 2081 5878 2290 In diesen Tagen war es auch, dass sein Va-
3648 2258 5795 2441 ter mit ihm ganz ernstlich von Martha Gleiting
3636 2456 5812 2610 sprach und ihn fragte, ob er nicht im kommenden
3636 2573 5926 2779 Frühjahr um sie anhalten wolle. Er stellte
3642 2770 5855 2947 ihm die ausserordentlichen Vorteile dieser Ver-
3648 2887 5932 3073 bindung vor und sprach bei dieser Gelegenheit von
3636 3039 5909 3225 seinem eigenen schwankenden Gesundheitszustand,
3631 3193 5875 3365 doch Rudolf merkte sehr gut, dass sein Vater sei-
3613 3348 5909 3571 nen letzten Herzanfall keineswegs als so bedenk-
3636 3542 5823 3734 lich angesehen, als er nach Rudolfs Ansicht tat.
