6136 4104
1529 444 2316 653 Deel isse estad
3546 589 5720 792 in der Beurteilung der Mütter,Tanten; Lehrer, Be-
3541 781 5625 932 kannten;- er las einer älteren Dame von der
3580 940 5664 1152 Ptirn ab, dass sie xxxx geradezu darauf brannte
3552 1122 5742 1264 ihre Tochter so bald als möglich zu verkuppeln.
3585 1267 5650 1434 In dem flackernden Blick eines graubärtigen
3538 1420 5731 1618 Manns las er den Wunsch, dass sich eigene künst¬
3549 1613 5714 1777 lerische Jugendträume doch wenigstens in einem
3552 1755 5756 1878 Kind erfüllen sollten, -in zwei erregt plaudern-
3557 1878 5694 2070 den Frauen erkannte er zwei auf den Erfolg ih-
3557 2056 5622 2254 rer Töchter eifersüchtige Theatermütter. Der
3541 2212 5722 2391 hagere Mann dort mit dem durchfurchten Gesicht
3557 2355 5798 2533 war ein Provinzdirektor, der sich rechtzeitig und
3557 2553 5692 2681 billig seine künftige Diva sichern wollte; je-
3543 2701 5672 2860 ner feiste Herr war ein Theateragent, der
3541 2879 5641 3030 hier zugleich für verschiedene Bühnen und für
4322 2974 4570 3072 nach
3538 3022 5708 3192 seinen Privatharem geeigneten Kräftenxxx auf
3541 3155 5689 3292 der Suche war. Jenf junge Herr im Frack, offen-
3543 3328 5725 3476 bar in Toilette für eine grössere Gesellschaft,
3541 3429 5619 3627 war ein kleiner Lebemann, der hier eine nette
