6136 4200
3076 275 3351 500 11.30.
3491 588 5731 772 dass er Hulrig heute schlagen würde, wie dass An-
3497 725 5774 927 nette unschuldig war. Er nahm sich zusammen, nicht
3488 868 5681 1055 etwamm, um ein Anzeichen für Annettens Schuldlo-
3491 1038 5622 1210 sigkeit zu gewinnen, sondern um sich nicht vor-
3488 1190 5567 1380 werfen zu müssen, dass er am Ende absichtlich
3479 1339 5666 1555 schlecht spielte, um sie für unschuldig verdäch-
3497 1491 5719 1681 tigt halten zu dürfen.- Die Partie stand beinahe
3485 1652 5622 1857 gleich, als Hulrig zum Telefon gerufen wurde.
3468 1798 5818 1974 Nach wenigen Minuten schon erschien er wieder, noch
3468 1974 5675 2140 blasser als sonst mit seinem vertrakten Lächeln
3482 2123 5655 2324 um den Mund, das alles Mögliche bedeuten konnte.
3473 2283 5622 2430 Auf Rudolfs fragenden Blick antwortete er ein-
3465 2418 5058 2608 fach: "Sie", Ich muss sofort hin."
3775 2564 5655 2789 "Um Mitternacht?" Rudolf wusste, dass Hul-
3453 2728 5763 2938 rig mit einer anderweitig fest gebundenen Dame in
3491 2877 5611 3076 Beziehungen stand und dass ununterbrochen eine
3470 3041 5663 3251 Gefahr über seinem Haupte schwebte. "Was denkst
3462 3196 4409 3380 du?" fragte Rudolf
3769 3345 5660 3552 Hulrig zuckte die Achseln. "Am Ende wird
3447 3456 5643 3742 doch die längst erwartete Schiessung herauskom-
