6176 4008
969 381 2313 647 .fertes met los te dss mned
1822 594 2313 762 stift als
1406 665 1870 913 adresse
1338 892 1828 1054 Elbauwse Mxx
1949 848 2307 1075 P.S.M
1512 1031 1681 1217 G.H.P.
1861 1054 2307 1202 ofsad on
1536 1985 1814 2141 aew.2b
3090 177 3332 411 9/5.31
5379 346 5571 499 105
3574 473 5627 768 Oben auf der Bühne sprach jetzt einer im Ko-
3571 738 5686 913 stüm des Nachhan die Erzählung von den Ringen.
3580 889 5760 1063 Rudolf fühlte sich an seine Schulzeit erinnert,
3583 1037 5716 1238 denn der junge Mensch oben wirkte wie ein Gym-
3559 1202 5704 1376 nasiast, der eine Schulaufgabe vortrug. Unwill-
3565 1350 5710 1557 kürlich lächelten er und Sofie einander zu, und
3547 1474 5751 1663 amüsierten sich noch während des Zwischenaktes.
4262 1580 4782 1710 Liebesszene
3559 1633 5828 1864 Dann folgte die xxxx aus Romeo und Julia
3539 1814 5772 2020 Die Julia wurde von einem dürftigen kleinen Mäd-
3533 1932 5778 2139 chen dargestellt, die mit einer silbernen Puppen-
3524 2124 5769 2328 stimme die Verse mehr sang als sprach. Der junge
3518 2257 5612 2460 Mysing spielte den Romeo brutal, sieghaft und
3512 2431 5769 2658 selbtbewusst. Der Beifall am Schlüsse war gross.
3512 2582 5816 2806 Junge Mädchen drängten nach vorwärts und klats
3506 2709 5745 2971 schten wütend in die Hände, als wollten sie ein
3506 2859 5683 3078 Wiederaufziehen des Vorhangs erzwingen. Manche
3518 3039 5893 3225 Augen glühten, Rudolf fand, dass manche bacchantisch
3491 3214 5792 3391 und schamlos aussahen. Er könnte sie alle haben.
1258 3193 1486 3376 G.C.F.P.
3485 3311 5603 3527 dachte Rudolf, er beneidet eihn, ihn und Hulrig
1849 3344 2236 3556 G.H.F. Nr.
3494 3468 5754 3701 beneidete er, das waren die geborenen Sieger, frech
1884 3533 2059 3725 *
