6267 4024
5667 397 5830 579 107
3816 460 5887 727 keines einziges Satzes zu erinnern gewusst.
3835 722 5915 895 Sie hatte auch nicht sonderlich hübsch ausge-
1052 736 1289 945 A dar
1389 774 1650 920 G.C.H.F.P.
3821 879 5956 1063 sehen, fiel ihm jetzt ein. Die Augen freilich,
1094 893 1920 1119 leidend neniefe
3816 1030 5843 1218 nein, sie hatten nicht einmal geflackert,sie
3805 1182 5469 1361 musste sich sehr gelangweilt haben.
4204 1342 5719 1512 Die Vorstellung war aus. Mit der
3805 1490 6020 1683 Schwester zusammen ging er die Treppe hinunter.
4199 1603 6031 1862 "Sie hat die Rolle nicht gern gespielt"
3810 1785 4402 1989 sagte Sofie.
4188 1964 5923 2135 Es ist ein kindisches Stück“, bemerkte
3810 2058 5948 2320 Rudolf,"aber Ihr Fräulein Schwester war char-
3794 2267 4155 2383 mant.'
4149 2361 6017 2601 An der Ecke des Gebäudes blieben sie ei-
3805 2570 5736 2758 ne Weile stehen; sie warteten beide, dass
3810 2719 5934 2915 Marie käme. Sofie sprach mit Bekannten,Rudolf
3807 2873 5879 3072 hätte sich ohneweiters entfernen dürfen, aber
3821 3036 5956 3221 er wartete auch. Es ergab sich von selbst, dass
3810 3207 5791 3383 er der Schwester Gesellschaft leistete. Er
3805 3350 5962 3540 sprach angelegentlich von Romeo und Julie. Das
3799 3504 5832 3730 kleine Hing, das die Julie gegeben hatte,er-
1763 3562 2265 3774 was aswie
