<?xml version="1.0" encoding="UTF-8" standalone="yes"?>
<PcGts xmlns="http://schema.primaresearch.org/PAGE/gts/pagecontent/2013-07-15" xmlns:xsi="http://www.w3.org/2001/XMLSchema-instance" xsi:schemaLocation="http://schema.primaresearch.org/PAGE/gts/pagecontent/2013-07-15 http://schema.primaresearch.org/PAGE/gts/pagecontent/2013-07-15/pagecontent.xsd">
    <Metadata>
        <Creator>prov=READ-COOP:name=TrHtr:version=2.1.0:model_id=51170:date=28_07_2023_01:41</Creator>
        <Created>2023-05-10T11:12:58.869+02:00</Created>
        <LastChange>2023-07-28T01:41:45.076+02:00</LastChange>
        <TranskribusMetadata docId="1428132" pageId="55384416" pageNr="55" tsid="131312826" status="IN_PROGRESS" userId="64420" imgUrl="https://files.transkribus.eu/Get?id=AMVWBZPPTFBZSOFDJADRIULP&amp;fileType=view" xmlUrl="https://files.transkribus.eu/Get?id=HXOYZGYJGCFVMBAAGMFTLGTW" imageId="44659316"/>
    </Metadata>
    <Page imageFilename="1428132_0055.jpg" imageWidth="6136" imageHeight="4152">
        <ReadingOrder>
            <OrderedGroup id="ro_1711824633083" caption="Regions reading order">
                <RegionRefIndexed index="0" regionRef="tr_1"/>
            </OrderedGroup>
        </ReadingOrder>
        <TextRegion id="tr_1" custom="readingOrder {index:0;}">
            <Coords points="3615,624 5858,624 5858,3666 3615,3666"/>
            <TextLine id="tr_1_tl_1" custom="readingOrder {index:0;}">
                <Coords points="3612,729 5710,735 5710,640 5579,576 5312,593 5162,523 4933,607 4357,518 3826,626 3612,595"/>
                <Baseline points="3627,674 3716,674 3806,674 3895,680 3984,680 4074,680 4163,680 4253,680 4342,680 4432,680 4521,680 4611,680 4700,680 4790,680 4879,680 4969,680 5058,680 5148,680 5237,680 5327,674 5416,674 5506,680 5595,680 5685,686 5714,697"/>
                <TextEquiv>
                    <Unicode>vorhänge, die chinesischen, dunklen,</Unicode>
                </TextEquiv>
            </TextLine>
            <TextLine id="tr_1_tl_2" custom="readingOrder {index:1;}">
                <Coords points="3612,924 5648,868 5648,782 5571,765 4917,782 4594,704 4460,782 4199,718 3612,768"/>
                <Baseline points="3627,835 3716,841 3806,841 3895,835 3984,841 4074,835 4163,841 4253,841 4342,841 4432,841 4521,841 4611,841 4700,841 4790,841 4879,841 4969,841 5058,841 5148,841 5237,835 5327,841 5416,841 5506,841 5595,841 5655,847"/>
                <TextEquiv>
                    <Unicode>mit Perlmutter eingelegten Schränke und die</Unicode>
                </TextEquiv>
            </TextLine>
            <TextLine id="tr_1_tl_3" custom="readingOrder {index:2;}">
                <Coords points="3606,1096 3957,999 4321,1077 5237,1018 5237,954 5162,921 4574,946 4363,874 3606,943"/>
                <Baseline points="3621,996 3710,996 3800,996 3889,996 3979,996 4068,996 4157,1002 4247,1002 4336,1002 4426,996 4515,996 4605,996 4694,996 4784,996 4873,996 4963,996 5052,996 5142,996 5231,1002 5243,1002"/>
                <TextEquiv>
                    <Unicode>zwei schweren orientalischen Vasen</Unicode>
                </TextEquiv>
            </TextLine>
            <TextLine id="tr_1_tl_4" custom="readingOrder {index:3;}">
                <Coords points="3612,1202 5543,1219 5618,1210 5618,1041 5234,1116 4107,1035 4029,1094 3781,1035 3612,1091"/>
                <Baseline points="3627,1151 3656,1151 3746,1151 3835,1151 3925,1151 4014,1157 4104,1151 4193,1151 4283,1157 4372,1151 4462,1151 4551,1151 4641,1151 4730,1151 4820,1151 4909,1151 4999,1151 5088,1151 5178,1151 5267,1151 5357,1151 5446,1151 5536,1151 5625,1145"/>
                <TextEquiv>
                    <Unicode>vor sich, die dem Raum eine Art von düsterer</Unicode>
                </TextEquiv>
            </TextLine>
            <TextLine id="tr_1_tl_5" custom="readingOrder {index:4;}">
                <Coords points="3606,1333 4360,1347 4477,1414 4755,1336 5409,1411 5754,1352 5715,1260 5148,1266 4978,1185 4755,1263 3606,1216"/>
                <Baseline points="3621,1300 3710,1300 3800,1300 3889,1306 3979,1306 4068,1306 4157,1306 4247,1306 4336,1306 4426,1306 4515,1312 4605,1306 4694,1312 4784,1306 4873,1306 4963,1306 5052,1306 5142,1312 5231,1306 5321,1306 5410,1312 5500,1312 5589,1312 5679,1312 5762,1312"/>
                <TextEquiv>
                    <Unicode>Schwere verliehen hatten. Nur die hohen chine-</Unicode>
                </TextEquiv>
            </TextLine>
            <TextLine id="tr_1_tl_6" custom="readingOrder {index:5;}">
                <Coords points="3617,1508 5632,1519 5587,1380 3617,1391"/>
                <Baseline points="3633,1461 3722,1461 3811,1461 3901,1461 3990,1461 4080,1461 4169,1461 4259,1467 4348,1467 4438,1467 4527,1467 4617,1467 4706,1467 4796,1467 4885,1467 4975,1467 5064,1467 5154,1467 5243,1467 5333,1467 5422,1467 5512,1467 5601,1467 5637,1467"/>
                <TextEquiv>
                    <Unicode>sischen Vasen hatten sich noch erhalten, die</Unicode>
                </TextEquiv>
            </TextLine>
            <TextLine id="tr_1_tl_7" custom="readingOrder {index:6;}">
                <Coords points="3612,1636 4407,1647 4644,1728 4794,1653 5754,1672 5754,1569 5682,1550 3612,1575"/>
                <Baseline points="3627,1616 3716,1616 3806,1622 3895,1622 3984,1622 4074,1622 4163,1622 4253,1622 4342,1622 4432,1622 4521,1622 4611,1628 4700,1628 4790,1622 4879,1622 4969,1622 5058,1622 5148,1628 5237,1628 5327,1628 5416,1628 5506,1628 5595,1628 5685,1628 5762,1634"/>
                <TextEquiv>
                    <Unicode>aber nun auf den schlanken Säulen sich freund-</Unicode>
                </TextEquiv>
            </TextLine>
            <TextLine id="tr_1_tl_8" custom="readingOrder {index:7;}">
                <Coords points="3612,1795 5011,1864 5571,1817 5568,1683 5509,1675 4324,1736 3609,1681"/>
                <Baseline points="3627,1777 3716,1777 3806,1777 3895,1777 3984,1777 4074,1777 4163,1777 4253,1783 4342,1777 4432,1783 4521,1777 4611,1777 4700,1783 4790,1783 4879,1783 4969,1783 5058,1783 5148,1783 5237,1789 5327,1789 5416,1789 5506,1789 5577,1789"/>
                <TextEquiv>
                    <Unicode>lich in das neue Gesamtbild gefügt hatten.</Unicode>
                </TextEquiv>
            </TextLine>
            <TextLine id="tr_1_tl_9" custom="readingOrder {index:8;}">
                <Coords points="3601,1962 5699,1998 5699,1898 5401,1828 4794,1887 4469,1878 4374,1803 3601,1839"/>
                <Baseline points="3615,1920 3704,1920 3794,1926 3883,1926 3973,1926 4062,1926 4152,1932 4241,1932 4330,1932 4420,1932 4509,1932 4599,1932 4688,1932 4778,1932 4867,1932 4957,1938 5046,1938 5136,1938 5225,1938 5315,1938 5404,1938 5494,1938 5583,1938 5673,1944 5703,1944"/>
                <TextEquiv>
                    <Unicode>Dem Sohn des Hauses schien es heute, als wäre</Unicode>
                </TextEquiv>
            </TextLine>
            <TextLine id="tr_1_tl_10" custom="readingOrder {index:9;}">
                <Coords points="3617,2104 4822,2115 4975,2184 5854,2129 5854,2023 5623,2003 3617,2009"/>
                <Baseline points="3633,2081 3722,2081 3811,2081 3901,2081 3990,2081 4080,2081 4169,2087 4259,2087 4348,2087 4438,2087 4527,2087 4617,2093 4706,2093 4796,2093 4885,2093 4975,2093 5064,2093 5154,2093 5243,2093 5333,2093 5422,2099 5512,2099 5601,2099 5691,2099 5780,2105 5858,2117"/>
                <TextEquiv>
                    <Unicode>in der neuen Umrahmung auch Friederike heiterer,</Unicode>
                </TextEquiv>
            </TextLine>
            <TextLine id="tr_1_tl_11" custom="readingOrder {index:10;}">
                <Coords points="3623,2262 4427,2332 4872,2259 5181,2335 5637,2290 5637,2181 5437,2165 3623,2176"/>
                <Baseline points="3638,2243 3728,2243 3817,2237 3907,2237 3996,2237 4086,2243 4175,2243 4265,2237 4354,2243 4444,2243 4533,2249 4623,2249 4712,2243 4802,2249 4891,2249 4981,2249 5070,2249 5160,2249 5249,2249 5339,2249 5428,2249 5518,2254 5607,2254 5643,2260"/>
                <TextEquiv>
                    <Unicode>ja jünger anzusehen als sonst. Sie trug,wie</Unicode>
                </TextEquiv>
            </TextLine>
            <TextLine id="tr_1_tl_12" custom="readingOrder {index:11;}">
                <Coords points="3617,2407 5034,2513 5693,2485 5749,2343 5022,2301 4853,2357 4001,2268 3614,2346"/>
                <Baseline points="3633,2392 3722,2392 3811,2392 3901,2392 3990,2392 4080,2392 4169,2392 4259,2398 4348,2398 4438,2398 4527,2404 4617,2404 4706,2404 4796,2398 4885,2404 4975,2404 5064,2404 5154,2404 5243,2404 5333,2410 5422,2410 5512,2410 5601,2410 5691,2410 5756,2404"/>
                <TextEquiv>
                    <Unicode>sie es in ihren guten Zeiten liebte, ein beson-</Unicode>
                </TextEquiv>
            </TextLine>
            <TextLine id="tr_1_tl_13" custom="readingOrder {index:12;}">
                <Coords points="3609,2585 5712,2610 5671,2493 3606,2471"/>
                <Baseline points="3621,2541 3710,2541 3800,2541 3889,2547 3979,2547 4068,2547 4157,2547 4247,2553 4336,2553 4426,2553 4515,2553 4605,2553 4694,2553 4784,2553 4873,2553 4963,2559 5052,2559 5142,2559 5231,2559 5321,2559 5410,2565 5500,2565 5589,2565 5679,2565 5720,2559"/>
                <TextEquiv>
                    <Unicode>ders elegantes, faltig stilisiertes Kleid, fast</Unicode>
                </TextEquiv>
            </TextLine>
            <TextLine id="tr_1_tl_14" custom="readingOrder {index:13;}">
                <Coords points="3762,2638 4054,2627 4229,2652 4330,2629 4444,2657 4444,2585 4396,2568 4343,2588 4238,2557 4202,2574 3985,2557 3940,2585 3862,2557 3840,2579 3762,2571"/>
                <Baseline points="3776,2624 3865,2624 3955,2624 4044,2624 4134,2624 4223,2624 4313,2624 4402,2624 4450,2624"/>
                <TextEquiv>
                    <Unicode>zum Abendessen</Unicode>
                </TextEquiv>
            </TextLine>
            <TextLine id="tr_1_tl_15" custom="readingOrder {index:14;}">
                <Coords points="3612,2719 4185,2780 4669,2716 5565,2794 5760,2744 5760,2649 5571,2627 3612,2621"/>
                <Baseline points="3627,2690 3716,2702 3806,2702 3895,2702 3984,2702 4074,2702 4163,2702 4253,2708 4342,2702 4432,2708 4521,2702 4611,2708 4700,2702 4790,2702 4879,2708 4969,2708 5058,2714 5148,2714 5237,2714 5327,2720 5416,2720 5506,2720 5595,2720 5685,2720 5768,2726"/>
                <TextEquiv>
                    <Unicode>als wenn man einen Gast erwartete, wie es übri-</Unicode>
                </TextEquiv>
            </TextLine>
            <TextLine id="tr_1_tl_16" custom="readingOrder {index:15;}">
                <Coords points="4625,2796 4647,2791 4677,2805 4700,2791 4716,2799 4730,2796 4744,2808 4769,2808 4778,2816 4794,2810 4791,2716 4747,2727 4694,2716 4683,2727 4669,2716 4644,2727 4622,2724"/>
                <Baseline points="4641,2779 4730,2779 4802,2785"/>
                <TextEquiv>
                    <Unicode>oft</Unicode>
                </TextEquiv>
            </TextLine>
            <TextLine id="tr_1_tl_17" custom="readingOrder {index:16;}">
                <Coords points="3606,2922 5114,2885 5529,2938 5529,2827 5328,2763 4647,2813 4291,2749 4007,2830 3606,2782"/>
                <Baseline points="3621,2857 3710,2851 3800,2857 3889,2857 3979,2863 4068,2857 4157,2857 4247,2857 4336,2863 4426,2863 4515,2857 4605,2863 4694,2863 4784,2863 4873,2869 4963,2863 5052,2869 5142,2869 5231,2869 5321,2869 5410,2869 5500,2875 5536,2875"/>
                <TextEquiv>
                    <Unicode>gens im Hause</Unicode>
                </TextEquiv>
            </TextLine>
            <TextLine id="tr_1_tl_18" custom="readingOrder {index:17;}">
                <Coords points="3606,3052 5601,3091 5601,2924 5295,2986 4847,2908 4580,2974 4302,2894 3606,2938"/>
                <Baseline points="3621,3000 3710,3006 3800,3012 3889,3012 3979,3012 4068,3012 4157,3018 4247,3018 4336,3018 4426,3018 4515,3018 4605,3018 4694,3018 4784,3018 4873,3024 4963,3024 5052,3024 5142,3024 5231,3024 5321,3030 5410,3030 5500,3030 5589,3030 5607,3030"/>
                <TextEquiv>
                    <Unicode>Medizinalrats genug oft der Fall war. Frie-</Unicode>
                </TextEquiv>
            </TextLine>
            <TextLine id="tr_1_tl_19" custom="readingOrder {index:18;}">
                <Coords points="3614,3228 4803,3194 5109,3264 5303,3208 5501,3286 5671,3217 5668,3077 4872,3139 4586,3052 3612,3100"/>
                <Baseline points="3627,3155 3716,3161 3806,3161 3895,3161 3984,3161 4074,3161 4163,3167 4253,3167 4342,3167 4432,3167 4521,3173 4611,3173 4700,3173 4790,3173 4879,3173 4969,3179 5058,3179 5148,3179 5237,3179 5327,3185 5416,3185 5506,3185 5595,3185 5673,3191"/>
                <TextEquiv>
                    <Unicode>dericke scherzte, dass doch eigentlich Rudolf</Unicode>
                </TextEquiv>
            </TextLine>
            <TextLine id="tr_1_tl_20" custom="readingOrder {index:19;}">
                <Coords points="3601,3361 4652,3342 4878,3406 5014,3328 5228,3411 5754,3411 5693,3197 5381,3294 4399,3211 3598,3258"/>
                <Baseline points="3615,3304 3704,3310 3794,3310 3883,3316 3973,3316 4062,3316 4152,3316 4241,3316 4330,3316 4420,3322 4509,3322 4599,3322 4688,3322 4778,3322 4867,3322 4957,3322 5046,3328 5136,3328 5225,3328 5315,3334 5404,3334 5494,3334 5583,3334 5673,3340 5762,3346"/>
                <TextEquiv>
                    <Unicode>selbst hier nur mehr als Gast erscheine,-heute</Unicode>
                </TextEquiv>
            </TextLine>
            <TextLine id="tr_1_tl_21" custom="readingOrder {index:20;}">
                <Coords points="3601,3484 5548,3592 5760,3512 5760,3411 3598,3370"/>
                <Baseline points="3615,3460 3704,3465 3794,3465 3883,3465 3973,3471 4062,3471 4152,3471 4241,3471 4330,3471 4420,3471 4509,3471 4599,3477 4688,3477 4778,3477 4867,3477 4957,3477 5046,3483 5136,3483 5225,3483 5315,3489 5404,3489 5494,3489 5583,3489 5673,3495 5762,3507 5768,3507"/>
                <TextEquiv>
                    <Unicode>käme übrigens niemand ausser ihm. Erst für den</Unicode>
                </TextEquiv>
            </TextLine>
            <TextLine id="tr_1_tl_22" custom="readingOrder {index:21;}">
                <Coords points="3601,3656 5626,3731 5623,3576 5473,3556 3601,3545"/>
                <Baseline points="3615,3615 3704,3621 3794,3621 3883,3627 3973,3627 4062,3627 4152,3627 4241,3633 4330,3633 4420,3633 4509,3633 4599,3633 4688,3633 4778,3633 4867,3638 4957,3638 5046,3638 5136,3638 5225,3638 5315,3644 5404,3644 5494,3650 5583,3650 5631,3656"/>
                <TextEquiv>
                    <Unicode>Sonntag sei ein kleiner musikalischer Abend</Unicode>
                </TextEquiv>
            </TextLine>
        </TextRegion>
    </Page>
</PcGts>
