6168 4216
3033 280 3476 514 20/4.1931.
5524 413 5692 568 94
3589 474 5874 735 Die Einrichtung erschien ihm etwas banal. Es war
3601 693 5758 869 ein grosser,salonartiger Raum mit drei grossen
3999 781 4339 884 mit der
5014 790 5509 896 Der Deckel
3583 824 5807 1051 Fenstern, Aussicht auf einen Park. xxx des
3592 1012 5646 1200 übergrosse, Klavier, ein Konzertflügel, war ge-
3583 1130 5916 1352 schlossen, eine Anzahl von Porträts in verschie-
3583 1313 5923 1495 denartigen Rahmen stand darauf, meist mit Widmungen
3580 1446 5698 1641 versehen. Die Klaviatur selbst war geöffnet,
3574 1617 5837 1814 aufgeschlagene Noten nur ein paar Blätter, lagen
3561 1799 5749 1933 auf einem Sessel ; an einer Wand hingen einige
3546 1914 5874 2066 Kränze mit Schleifen, an einer anderen Wand hin-
3571 2075 5822 2252 gen einige gleichgültige Oelgemälde, Landschaften
3555 2212 4379 2410 und Blumenstücke.
3947 2370 5716 2543 "Wir wohnen möbliert", sagte die Schau-
3537 2537 5695 2686 spielerin, die Rudolfs Blick gefolgt war. "Ich
3549 2695 5284 2866 kann ja nicht wissen, ob ich bleibe.“
3972 2799 5892 3030 "Wir wollen hoffen", sagte Rudolf höflich.
4005 2990 5923 3169 Sie sprach von ihrer bisherigen Carrière,
3537 3151 5974 3309 Is war Rudolf ß bekannt, dass sie von einem kleineren
3534 3303 5798 3452 deutschen Hoftheater kam, ihr Debut in einem mo-
3543 3422 5789 3571 dernen Sensationsstück war ein von niemanden er-
