6152 4088
3574 552 5697 781 schien,sich nicht etwa durch allzu viel Auf-
3574 733 5181 913 geschlossenheit etwas zu vergeben.
4031 840 5767 1085 So bedeutete es also doch eigentlich
3569 1060 5671 1206 keine Enttäuschung für Doktor Forlan, dass es
3585 1167 4375 1412 nicht Hulrig war.
4084 1376 5677 1505 Klaudius Dobolt freute sich Herrn
3616 1483 5700 1708 oktor Forlan schon zum Ausgehen bereit anzu-
3594 1691 5838 1897 treffen, denn er war so frei ihn für heute Abend,
3594 1869 5790 2049 wenn er nichts Besseres vor habe, zu einer Auf-
3588 1996 5849 2190 führung der Schauspielschule des Konservatoriums
3605 2156 5838 2354 einzuladen,für die er,wieer leicht lächelnd hin-
3600 2328 5838 2509 zufügte, zwei Referentensitze zur Verfügung habe.
3600 2483 5640 2678 Ja, auch dergleichen musste man gelegentlich
3600 2633 5773 2838 übernehmen. "Besondere Kunstleistungen dürfen
3588 2760 5663 2994 Sie sich natürlich nicht erwarten“, sagte er,
3622 2965 5671 3134 „aber vielleicht ist es uns beschieden heute
3605 3103 5843 3306 Ibends den Sonnenthal oder die Wolther der näch-
3594 3295 5846 3453 sten Generation zum erstenmal ihre Schwingen re-
3611 3447 5767 3622 gen zu sehen. Er liebte es Phrasen dieser Art,
3600 3600 5838 3746 die zu vermeiden ihm nicht immer bequem gewesen
