6152 4120
3614 571 5695 736 Der grosse Gelehrte hielt nicht viel von ihm
3633 709 5686 935 und auch für den Assistenten Doktor Lüdemann
3633 884 5641 1054 war er kaum ein ernst zu nehmender Kollege,
3627 1078 5695 1224 sondern eben ein junger Mann aus guter Fami-
3633 1194 5695 1412 lie, der als Arztenssohn,ohne innere Berufung,
3681 1385 5673 1542 gleichfalls Medizin studiert hatte und nun
3638 1533 5778 1706 zufällig gerade der psychiatrischen Anteilung,
3638 1668 5695 1865 wie im verflossenen Halbjahre, der internen
3646 1870 5700 2040 zugeteilt war. Auch seine hypnotischen Ver-
3625 1975 5708 2205 suche nahm Doktor Lüdemann keineswegs wich¬
3638 2167 5697 2328 tig, ja, Rudolf verhehlte sich kaum,
3638 2307 5665 2504 dass Lüdemann im Verein mit dem anderen Se-
3638 2447 5711 2657 kundararzt, dem prädestinierten künftigen As¬
3633 2636 5624 2776 stenten Doktor Kirschbaum, trotz aller zwi-
3627 2754 5794 2978 schen den Beiden bestehender Rassenantipathie,
3598 2889 3760 2997 sich
3652 2903 5379 3113 über ihn einigermassen lustig machte.
4016 3072 5773 3256 Noch während er auf der Abteilung be¬
3638 3242 5805 3423 schäftigt war überbrachte man ihm einen Brief.
3638 3404 5778 3576 Zuerst dachte er aufarmend, es sei eine Absage
3663 3530 5759 3719 von Annette für heute Abend, was ihn vor weni-
