6168 4232
1596 467 2219 739 basigne bas
3639 526 5813 775 neuer Lebendigkeit erschien und er freute sich
1732 676 2202 863 medesfion
3642 744 5920 906 dem Abend entgegen, als wenn diese Schülervorstel
1780 818 2205 1022 G.C.H.F.P.
3642 891 5799 1078 lung,die ihm bevorstand, etwas Besonderes wäre.
3642 1019 5810 1237 Und gerade heute verschwor sich allerlei gegen
3637 1189 5844 1375 ihn. Zuerst wollte Raudnitz wieder einmal, dass
3637 1344 5714 1520 Kollege Forlan den Dienst für ihn übernehme,
3637 1503 5816 1653 Hulrig schrieb ihm ein Billett, dass er ihn um
3639 1667 5889 1848 acht Uhr im Kaffeehaus erwarten wolle und Frau
3648 1814 5770 1989 "leiting liess fragen, ob er heute Abend nicht
3625 1981 5824 2128 bei ihnen nachtmahlen wolle. Er lehnte überall
3611 2154 5753 2323 ab und verliess sein Spitalszimmer früher als
3631 2284 5847 2431 es dringend notwendig war in der Angst, dass ein
3622 2439 5830 2638 noch unvorhergesehenes Hindernis ihn aufhalten
3620 2595 3982 2756 könnte.
3945 2731 5748 2923 Er hatte den Ecksitz in einer vorderen
3600 2895 5793 3085 Reihe wie das letzte Mal und den Platz daneben
3622 3054 5731 3192 blieb frei, denn er hatte es doch am Ende vor-
3622 3206 5773 3373 gezogen das zweite Billett nicht zu verschen-
3614 3348 5878 3509 ken. Vor ihm, wie das letzte Mal, sass die Schwes-
3608 3467 5731 3642 ter der jungen Schauspielerin, die neulich das
3594 3634 5708 3806 Kammermädchen in "Kabele und Liebe" gespielt
