6136 4104
4261 530 5576 737 "Drei Gulden für die Stunde",
3532 723 5642 904 sagte sie eben. "Dreimal wöchentlich und ein-
3538 962 5616 1146 mal Sonntag Vormittag.“ Der Bub drängte sich
3541 1103 5758 1238 herein und bot den Damen aus einer kleinen Düte
3544 1290 5778 1390 Bonbons an. "Ein Kavalier", bemerkte die Schwes-
3552 1442 5798 1575 ter. "Und immer Geld ausgeben", setzte die Mutter
3927 1520 5824 1701 "Die Maria", bemerkte der Bub, indem er ein
3544 1606 3875 1704 hinzu.
3544 1670 5804 1854 Bonbon lutschte, die wird jetzt schon schön schwi¬
3544 1753 3800 1883 tzen.
4122 1831 5876 2021 Rudolfs Blick begegnete unwillkürlich
3538 2004 5760 2211 dem der Schwester, die errötete und zugleich ent-
3532 2176 5827 2346 schuldigend und leicht lächelnd zu Rufolf aufsah,
3526 2389 5841 2499 als wollte sie sagen: Er ist noch ein Bub, -er hat
3526 2545 5778 2663 noch keine Manieren. "Wenn man gut gelernt hat",
3544 2703 5844 2815 bemerkte die Mutter, "braucht man keine Angst zu ha-
3538 2850 5743 2988 ben.“ Die Schwester errötete noch einmal.
3532 2956 5755 3141 runder Ausschnitt ihres Kleides werdurch eine
3526 3161 5781 3293 altnach Ein Klingelzei-
3538 3357 5683 3457 chen ertönte, der Vorhang hebte sich von neuem.
3532 3503 5648 3688 Rudolf setzte sich. Was für ein edler Nacken,
