6168 4232
5559 447 5756 634 101
3644 542 5895 792 merkt und sie erst beim Abgehen wieder erkannte.
1828 581 2114 947 H.
3659 753 5729 962 Dann erst, geradeals sich die Türe hinter ihr
1918 884 2108 1021 doob
3671 908 5875 1075 wieder geschlossen hatte, verspürte er zu seiner
3674 1081 5821 1257 Verwunderung ein leichtes Herzklopfen. Nachher
3650 1245 5809 1414 kam wieder eine Szene aus dem "Götz“, hier trat
3650 1373 5803 1557 sie als der Knappe Georg auf mit Wams,
3627 1519 5848 1736 Reiterstiefeln und einer blinden Lockenperücke.
3641 1685 5860 1873 Jetzt flackerten ihre Augen wieder, sie war kühn
3644 1858 5758 2028 und begeistert, wie es die Rolle verlangte und
3644 1971 5705 2162 doch nach ihrer Art ein bischen unwirsch, als
3633 2138 5711 2319 hielte sie von ihrem eigenen Heldentum nicht
3633 2308 5821 2492 übermässig viel. Ihre Augen flackerten ins Par-
3636 2450 5901 2668 kett, aber sie blickten nicht. Rudolf merkte deut-
3627 2626 5788 2805 lich, dass sie kurzsichtig war. Ihre Schwester
3621 2760 5732 2972 wandte sich noch während der Szene an Rudolf,
3615 2897 5788 3076 fand, dass Maria nicht sehr deutlich spreche und
3624 3067 5812 3248 war sehr froh, als Rudolf ihr widersprach. "Sie
3603 3204 6000 3412 spricht sehr gut“, sagte er und "die blinden Locken
3606 3365 5794 3531 stehen ihr ausgezeichnet." Eigentlich hatte er
3606 3528 5842 3725 etwas über ihre Beine sagen wollen, aber irgend
