6152 4232
2995 364 3360 561 9/4.1937
3512 514 5778 726 zu kümmern. Das Erscheinen des Dichters im Salon
3518 711 5689 863 des Medizinalrats konnte ja auch für die Folge
3500 851 5886 1045 keine weitere Bedeutung haben ; er leuchtete wie -
3506 1006 5653 1206 der einmal auf und sollte gar bald wieder ver-
3500 1180 5740 1359 schwinden. Dass er etwa daran dächte Friederike
3506 1338 5710 1505 zu heiraten har völlig ausgeschlossen; übrigens
3494 1493 5763 1687 war Rudolf fern davon seiner Schwester
3500 1663 5847 1828 dieses Los zu wünschen;- ein Mensch, der nur seiner
3497 1789 5805 2001 Kunst gehörte, ein herzloser Mensch, kalt und glän-
3494 1950 5749 2159 zend, wie seine wunderbaren Verse. Aber im selben
3500 2090 5626 2290 Augenblick fragte sich Rudolf, ob er selber so
3506 2279 5763 2431 dachte. Redete er nicht nur die Phrasen nach, die
3497 2446 5781 2589 er von den Leuten zu hören pflegte,ganz besonders
3494 2550 5734 2741 auch von seinem Vater, der dieses Urteil wie man-
3482 2723 5790 2932 ches andere fertig übernahm. Es war sonderbar ge-
3482 2897 5880 3076 nug gewesen, dass Friderike neulich einmal bei Tisch
3482 3034 5832 3237 der Meinung des Vaters ganz entschieden und dabei
3497 3201 5799 3360 ohne jede Verlegenheit widersprochen hat. "Wenn er
3470 3354 5844 3557 nicht herzlos wäre, wie du das nennst, Vater, so wär
