6136 4104
3708 531 5629 776 beteiligt,ich schwelge, ja, in irgend einem
3713 751 5687 941 Winkel meiner Seele schwelge ich geradezu.
4291 862 5700 1098 "Das ist eigentlich sehr nett",
3708 1046 5665 1255 bemerkte Claudius Dobold. Und sie blieben.
3694 1186 5714 1398 [Während der nächsten Szene war übrigens die
3708 1373 5769 1533 Darstellerin der Kammerjungfer im Zuschauer-
3724 1514 5640 1712 raum erschienen. Rudolf hätte es kaum be-
3724 1712 5654 1847 merkt, wenn ihn nicht plötzlich ein
3738 1841 5579 2009 flackernder Blick gestreift hätte. Die
3713 2001 5926 2172 Kleine sass jetzt nämlich in der Reihe vor ihm,
3719 2136 5744 2309 zwischen Mutter und Schwester, der
3730 2309 5827 2510 Bruder  jedoch war verschwun-
3730 2494 5901 2659 den. Und während auf der Bühne irgend ein Lust.
3724 2640 5786 2802 spielakt gespielt wurde, in dem die Unfertig-
3719 2797 5852 2970 keit und Kindlichkeit der jungen jugendlichen
3727 2962 5846 3141 Darsteller sich noch deutlicher aussprach, als
3730 3130 5827 3328 es in den vorhergegangenen ernsten Szenen der
3738 3270 5802 3463 Fall gewesen war,redete Maria angelegentlich
3727 3424 5700 3622 bald zur Mutter, bald zur Schwester hin und
