6152 4104
3550 537 5659 730 nicht direkt um einen aufgelegten Schwindel
3562 724 5779 885 handelt. Es gibt eben anscheinend hoffnungslose
3556 856 5823 1071 Fälle, die dann doch noch gerettet werden, überra-
3556 1057 5866 1195 schende Genesungen und ganz besonders gibt es fal
3571 1238 5587 1387 sche Diagnosen,-aber Wunder gibt es nicht."
4309 1344 5963 1531 "Nun, wenn Sie das so bestimmt wissen
3562 1540 5779 1721 meinte Klaudius mit schmalen Lippen und schien
3562 1689 5239 1881 persönlich leicht verletzt zu sein.
4254 1841 5547 2045 Dixx xxx
4277 2019 5774 2212 Im grossen Saal war das Konzert
3579 2189 5665 2324 eines grossen Violinisten angekündigt, so war
3593 2307 5779 2536 die Vorhalle überfüllt. Forlan und Dobold bega-
3576 2479 5665 2680 ben sich über eine Seitentreppe zum Eingang
3593 2623 5774 2829 des kleinen Saals und machten sich gefasst mit
3593 2795 5745 2999 anderen verspäteten Besuchern eine Weile zu
3585 2979 5891 3143 warten, als die Türe nach einem verfrühten Applaus
3585 3111 5731 3329 sich plötzlich öffnete, so dass die Beiden auf
3591 3286 5762 3458 ihre Plätze gelangen konnten, während das Spiel
3579 3418 4493 3634 seinem Ende zuging.
