6152 4168
4078 490 4474 637 genommen
3651 569 5552 741 in Aussicht, an dem auch sie selbst durch
3639 736 5745 883 Mitwirkung an einem Mendelsohnschen Trio,be-
3651 900 5688 1087 gleitet von dem Chirurgen Professor Helmann
3645 1084 5756 1220 als Cellospieler und dem Violinisten der Oper
3651 1174 5773 1358 Lichtenthal, zu beteiligen gedenke. Rudolf war
3651 1387 5858 1528 erfreut: seit Jahren hatte Friederike vor Leu-
3651 1540 5816 1692 ten nicht mehr Klavier gespielt und es war ein
3651 1692 5804 1873 günstiges Zeichen für ihren Seelenzustand, dass
3648 1845 5804 2009 sie sich nun wieder dazu entschliessen mochte.
3654 2004 5742 2179 Unter den Geladenen, nach denen Rudolf fragte,
3637 2199 5796 2369 nannte sie auch Tilenz und wurde blass, während
3637 2315 5717 2516 sie diesen Namen aussprach. "Der lebt wieder
3637 2471 5830 2623 in Wien?" fragte Rudolf, verwundert und erinner-
3648 2672 5734 2802 te sich wieder jenes Abends in der Opernloge,
3645 2805 5790 2977 den er erst gestern mit so merkwürdiger Deut-
3631 2887 5875 3130 lichkeit im Gedächtnis wieder erlebt hatte. Das
3631 3076 5748 3271 war nun beinahe zwanzig Jahre her. Alle spä-
3637 3221 5909 3430 teren Begegnungen mit Delenz hier im Elternhause,
3617 3399 5657 3583 wo er durch einige Jahre so oft erschienen
3631 3571 5830 3764 war,hatten keinen besonderen Eindruck in seiner
