6152 4184
3626 539 5741 766 auf den Direktionsstuhl geraten war und sein
3629 766 5679 903 Verständnis oder auch nur sein Interesse für
4200 874 4631 986 bis dahin
3631 898 5692 1075 das Theater xxxx noch nie
3626 1110 5727 1230 und auf keine Weise zu bewei-
3626 1241 5687 1447 sen Gelegenheit gehabt hatte und sich so mo-
3637 1380 5770 1573 dern, ja geradezu umstürzlerisch gebärdete, dass
3642 1544 5663 1731 den altgedienten schauspielerischen Kräften
3637 1699 5770 1927 und auch dem angestammten Publikum einigermas-
3637 1881 5687 2077 sen unheimlich zumute wurde. Der Graf,so er-
3642 2056 5797 2195 zählte der Medizinalrat, hatte mit einiger Vor-
3637 2206 5609 2369 sicht Heinfrieds Partei genommen,er stamme
3637 2342 5762 2541 aus guter alter Wiener Bürgerfamilie und sein
3631 2503 5690 2696 burschikoses Benehmen, das er manchmal im Bu¬
3626 2656 5660 2790 reau und auf den Proben zur Schau trage, sei
3650 2833 5684 3010 oft nur Maske und wechselte überdies mit ei-
3637 2999 5735 3117 ner gewissen Beamtensteifheit und-Strenge ab.
3623 3149 5754 3302 Er sei auch xxxx
3610 3264 5663 3468 Ministerialrat ein höchst korrekter Beamter
3623 3446 5639 3621 gewesen,beinahe gefürchtet trotz seiner Ju-
3610 3599 5647 3800 gend und es sei vielleicht auch zum Vorteil
