6152 4200
4051 521 5599 760 "Sie müssen doch irgendwo wohnen."
4053 712 4707 903 "In so einem?"
4075 861 5445 1068 "Wennman aus Prossnitz kommt!"
4077 1039 5738 1171 Sie lachten Beide. Rudolf gab sich
3727 1198 5719 1331 geschlagen und versprach dem Freund, dass er
3711 1384 5615 1535 Annette noch heute den Abschied erteilen
3700 1554 5674 1695 werde.
3692 1673 4702 1812 amtgegen "Ehrenwort!"
4075 1851 5788 1971 Richard nahm es nicht entgegen. "Man
3695 2032 5421 2178 kann nicht wissen, besonders bei dir.
4104 2168 5711 2308 Und als sich Rudolf ein wenig ver¬
3700 2338 5804 2470 letzt gab, erklärte der Andere: "So lange man
3695 2502 5732 2659 noch an Onkels aus Prossnitz glaubt, ist man
3684 2675 5815 2850 noch nicht erwachsen. Ich fürchte, du wirst in
3687 2808 5416 3012 der Liebe noch böse Sachen erleben."
4146 2906 5730 3140 Richard war peinlich berührt. Mit
3698 3108 5671 3249 Annette hatte er schon abgeschlossen, aber
3690 3304 5714 3405 das Leben lag vor ihm und er banzte vor den
3684 3413 5589 3575 Enttäuschungen und den Schmerzen, die ihm
3687 3586 5724 3782 jedenfalls noch bestimmt waren. Und er nahm
