6152 4120
5383 375 5541 536 50
3532 514 5724 760 Ein Kommis? Ein Offizier? Eine zufällige Stras-
3532 719 5623 891 senbekanntschaft? Und wie hat sie geheissen?
3543 869 5550 1074 Und wo xxxx xxxx hat er sie in
3562 1052 5618 1247 jener Nacht umarmt? In einem Hotel? Ineinem
3551 1186 5615 1391 Kosteigquartier? In der Fremde? Auf Reisen?
3554 1348 5634 1553 Oder geschah das Unglück vielleicht in einer
3562 1476 5724 1741 Frühlingsnacht auf einer mondbeglänzten Wiese?
3578 1668 5683 1859 41 das war ungewiss und überdies vollkommen.
3576 1818 5722 2048 gleichgültig. Der einzige Mensch, der sich heu-
3568 2028 5574 2190 te noch darüber Gedanken machte,war nur er,
3568 2162 5634 2351 der Sekundararzt Doktor Dorlan, den die Sache
3573 2315 5588 2501 nichts anging. Sicher war nur, dass der alte
3562 2488 5642 2671 Mann heute mit stieren Augen, unverständliche
3578 2613 5730 2813 Worte brummend, mit speichelndem Mund,erschöpft
3573 2775 5683 2985 in seinem Gitterbett lag. Die Tafel zu seinem
3554 2952 5694 3114 Häupten mit Namen, Beruf und Alter, ein erledig.
3568 3089 5738 3264 tes Individuum und dazu bestimmt in spätestens
3568 3264 5673 3434 anderthalb Jahren auf dem Zentralfriedhof be-
3554 3412 5714 3573 stattet zu werden: Hier ruht Georg Reitmayer,
3568 3559 5604 3729 tief betrauert von seiner Gattin und seinen
