6136 4008
5235 364 5419 554 yours
5632 397 5798 560 16
3539 563 5837 776 ner Praxis - er behandelte hauptsächlich in Thea-
3539 755 5848 945 terkreisen - bedenklichen oder gar erschütternden
3545 918 5866 1128 Fällen nicht allzu oft gegenüber. Jedesfalls lehn
3548 1102 5798 1321 te er es so lange als irgend möglich ab einen Zu-
3527 1247 5825 1433 stand als schwer oder gar als hofinungslos zu be-
3539 1460 5700 1584 trachten und dies umso entschiedener, je näher,
3533 1617 5819 1729 äusserlich oder innerlich, er dem Leidenden stand,
3533 1774 5484 1946 vor allem also in seiner eigenen Familie.
3989 1913 5662 2094 Rudolf
3515 2094 5700 2242 musste immer wieder daran denken, wie er gleich
3527 2224 5748 2378 nach dem Doktorat an einem fieberhaften Katarrh
3539 2378 5878 2556 erkrankt war und der Vater darin nur eine harmlose
3545 2570 5922 2724 Verkühlung und die vielleicht nicht ganz unverdien-
3539 2680 5914 2893 te Folge einer etwas unsoliden Lebensführung erken-
3521 2831 5831 3026 nen wollte und wie erst der Primarius der Aptei-
3533 3053 5860 3254 lung, auf der Rudolf: als Hilfsarzt beschäftigt war.
3533 3174 5709 3317 bei dem alten Freund und Kollegen durchgesetzt.
3527 3314 5831 3482 hatte, dass dieser den Sohn in den Süden schickte.
3512 3429 5875 3628 Euch Rudolf selbst, sonst wie viele junge Mediziner
3512 3622 5760 3811 zu Hypochondrien aller Art geneigt,hatte damals
