6152 4232
5369 397 5554 579 85
3705 482 5747 747 Martha so sehr gefallen, als bei der häusli-
3728 741 5736 884 chen Soiree am verflossenen Sonntag,niemals
3708 873 5733 1058 waren sie einander so nahe gekommen und nie
3711 1055 5711 1243 hatte er ihr so viel von sich erzählt. Von
3719 1165 5830 1378 sich, fragte er sich nachher selber, nicht viel
3708 1325 5761 1537 mehr von dem jungen Menschen. der er für sie
3711 1499 5794 1692 vorstellte, ja, der er am Ende wirklich war, so
3711 1661 5835 1849 lang der reine Hauch ihres Wesens ihn berühr
3708 1818 5920 2003 te. Er redete mit ihr auch von seinen Vorsätzen
3711 1964 5791 2127 für die nächste Zukunft, von einer geordneten
3705 2097 5794 2300 wissenschaftlichen Tätigkeit, zu der er sich
3708 2273 5857 2441 entschlossen fühlte, -er hatte tatsächlich eine
3711 2427 5824 2603 histologische Arbeit begonnen; er sprach auch
3711 2570 5813 2761 von seinen allgemeinen Interessen in Worten,
3686 2730 5890 2923 die ihm nicht immer zur Verfügung standen. Nur
3686 2907 5830 3097 Martha gegenüber vermochte er allerlei humani¬
3700 3058 5769 3237 täre und selbst philosophische Ideen zu ent-
3678 3207 5860 3361 wickeln, die für gewöhnlich sehr tief in seiner
3678 3361 5719 3554 Seele ruhten. Auch über allerlei künstleri-
