6152 4088
5595 394 5751 539 20
3508 503 5776 732 mit Vernunftgründen auszureden. "Es ist lächer-
3526 699 5661 876 lich und erschütternd zugleich. Der Professor
3520 864 5851 1063 weiss so gut oder besser wie jeder Andere, dass er
3526 1009 5896 1229 Unmögliches versucht. Aber er kann es nicht lassen.
3526 1195 5833 1385 Es ist beinahe, als wenn er sich mit Gott oder mit
3526 1349 5574 1512 dem Teufel in einen Kampf einlassen wollte."
4098 1512 5875 1716 "Warum nicht?" meinte Klaudius mit ern-
3514 1689 5845 1831 stem Gesicht. Es kommt doch immer wieder vor, dass
3517 1825 5911 2015 in einem solchen Kampf der Mensch siegreich bleibt.
3526 1963 5532 2192 ,das heissen wir dann freilich ein Wunder.“
4143 2150 5926 2340 "Haben Sie schon einmal eines gesehen?
3505 2261 4204 2508 fragte Rudolf.
4267 2454 5932 2635 Dobold zuckte die Achsel." Auch wenn
3499 2538 5887 2773 ich und Sie und Millionen Andere noch keines ge-
3493 2725 5821 2936 sehen hätten, das wäre noch immer kein Beweis, dass
3511 2876 5908 3141 es keines gibt. Man hört doch immer wieder von Wun-
3502 3044 4162 3288 derheilungen."
4222 3111 5809 3397 "Solche Wunderheilungen", erwiderte
3481 3261 5827 3535 Budolf beruhen immer auf ungenauen Beobachtungen,
3490 3487 5911 3752 auf Fehlschlüssen, auf Autosuggestionen, wenn es sich
