6152 4024
3601 545 5778 716 ten, -ihre Stimmungen blieben un-
3601 692 5862 865 berechenbar,wechselten zwischen Freude an Gesel¬
3587 832 5757 1027 ligkeit und Menschenscheu, zwischen Neigung zu
3595 1003 5973 1209 zwischen Plauderhaftig-
3601 1189 5778 1347 keit und Verschlossenheit und das Klavierspiel
3587 1341 5742 1521 Schon als sechzehnjähriges Mädchen und später
3601 1503 5862 1650 in regelmässigen Zwischenräumen noch einige Male
3590 1656 5886 1802 hatte sie manche Woche am Bodensee in einer Heil-
3607 1805 5874 1994 anstalt für Gemütskranke verbringen müssen. Seit
3590 2018 5826 2141 sieben Jahren waren eigentliche Anfälle von Me-
3587 2173 5877 2305 lancholie wohl ausgeblieben,- immerhin war sie in
4760 2257 5200 2386 ziemlich
5413 2272 5892 2389 geblieben.
3587 2314 5898 2509 ihren Stimmungen wenigstens unberechenbar xxx sie
3578 2494 5898 2620 wechselten zwischen geselligen Neigungen und Men.
3578 2637 5904 2769 schenscheu,zwischen Lustigkeit und Schwermut und
3592 2787 5901 2997 auch das Klavierspiel, für das sie seit jeher eine
3592 2964 5955 3125 ausgesprochene Begabung gezeigt hatte, betrieb sie
3590 3114 5784 3284 bald mit künstlerischem Ehrgeiz, bald lässig, ja
3578 3218 5985 3398 mit Widerwillen. Ob seit einer unglück-
3584 3362 5889 3527 lichen Jugendliebe, xxxe gewiss der äusseren Anlass
3584 3527 5925 3697 zum Ausbruch ihrer Gemütskrankheit, bedeutet hatte,
