6152 4072
1886 438 2183 748 Mav as
3618 562 5784 767 zu erkennen schien, zeigte aber das lebhafteste
3615 756 5584 892 Interesse nicht nur an dem sensationellen
3631 906 5712 1061 Fall Matthäus Schwarz, sondern, an des
3620 1075 5717 1249 jungen Arztens Seite die Krankenzimmer durch-
3620 1208 5670 1377 schreitend, richtete er da und dort, wo eben
3626 1349 5759 1537 der Ausdruck eines Gesichts ihn besonders fes-
3604 1496 5695 1709 selte, an Forlan teilnahmsvolle Fragen aller
3615 1712 5726 1850 Art; die diesem bald indiskret, bald bizarr, im-
3590 1820 5681 2055 mer aber recht laienhaft erschienen. An der
3601 1997 5751 2191 Ausgangstür waren sie beide dem Chef begegnet,
3601 2144 5798 2360 der den unbekannten mit einem flüchtig strengen
3601 2324 5775 2529 Blick mass und dessen ehrerbietig-unbefangenen
3609 2471 5715 2648 Gruss kaum erwiderte. Beim Abschied bedankte
3584 2626 5703 2831 sich Dobolt sehr herzlich bei Rudolf und ein
3595 2798 5820 2975 kurzes-Gespräch über den Zusammenhang von Genie
3595 2920 5623 3149 und Irrsinn knüpfte sich daran, dessen gele-
3604 3116 5775 3316 gentliche Fortsetzung Klaudius Dobolt
3584 3252 5712 3474 deson-
3593 3404 4967 3607 deren Wert zu legen erklärte.
3920 3595 5665 3764 lags darauf stand in der Abendzeitung.
