6168 4232
3590 558 5683 769 ganz vergessen, welche Rolle Dilenz in Friede-
3584 766 5652 969 rickens Lebens gesielt hatte; offenbar hatte
3584 913 5811 1094 sich eine ganz andere Gedankenverbindung in ihm
3601 1097 5711 1291 ausgelöst ja er fragte ihn ganz harmlos,ob er
3590 1252 5586 1416 schon wisse, dass Sonntag Abend auch Tilenz
3615 1405 5716 1607 im Hause erscheinen werde und schien einiger-
3584 1560 5700 1763 massen stolz darauf. Rudolf, dessen Verhängnis
3601 1702 5658 1927 es war, dass von jedem Einfall und jed Mr. Ein-
3601 1857 5611 2074 druck von jedem Ding und von jeden Wort aus
3587 2027 5658 2224 sich sofort tausend Fäden ins Nahe und Ferne
3584 2168 5752 2343 spannten, hatte den Vater immer um die Gabe be-
3587 2349 5800 2560 neidet seine Gedanken immer nur in der ihm eben
3598 2490 5666 2690 genehmen Richtung weiterlaufen zu lassen. Und
3581 2649 5788 2885 wie er von der Roveda auf geradem Weg zu Dilenz
3584 2871 5741 2990 gelangt war,so kam er jetzt von Tilenz aus auf
3584 2929 3734 3018 die
3581 2990 5741 3187 andere Teilnehmer der für Sonntag bevorstehen-
4042 3107 4917 3204 unter anderen auch
3584 3151 5769 3287 den Gesellschaft, vor allen auf Professor Glei-
3715 3232 3917 3343 und
3576 3318 5747 3451 ting, dessen Tochter
3581 3434 5788 3634 deren Hand ihm, wie Ru-
3576 3629 5730 3776 dolf sehr gut wusste, für diesen als höchst er-
