6152 4216
5537 504 5694 667 93
4286 482 5630 834 In der nächsten Minute sass
3588 682 5773 991 Hudolf der Hoveda gegenüber, die aus ihrer Ent-
3610 949 5723 1157 täuschung kaum ein Hehl machte, dass statt des
3585 1101 5847 1279 Medizinalrates dessen unerfahrener Sohn erschie-
3579 1262 5723 1476 nen war. Rudolf, der keinen Wert darauf legte
3588 1450 5790 1636 zu bleiben, wie überhaupt solche Visiten in Ver-
3591 1571 5641 1783 tretung seines Vaters eher peinlich waren,
3568 1715 5672 1938 machte sofort Miene sich zu entfernen. "Mein
3591 1904 5703 2059 Vater",sagte er,"hat Sie für kränker gehalten
3571 2045 5700 2264 ofrenbar,gnädiges Fräulein, als Sie sich jetzt
3574 2216 5745 2402 fühlen; er wird morgen jedesfalls schon selbst
3551 2346 4275 2543 kommen können.
4205 2532 5649 2709 Sie sah ihn lachend an, lud ihn
3554 2687 5641 2847 ein Platz zu nehmen und sagte: "Entschuldigen
3560 2791 5647 2985 Die mich,Herr Doktor,es hat mir nur leid ge-
3554 2943 5779 3165 tan Sie ganz überflüssig bemüht zu haben. Ich
3540 3092 5587 3298 nehme an, Sie haben wichtigere patienten als
3546 3264 5081 3441 mich und -hr Herr Vater auch."
4199 3416 5776 3585 Er erwiederte etwas höflich, nicht
3540 3560 5624 3813 ganz ohne Hochmut und sah sich im Zimmer um.
