6136 4024
5392 397 5581 556 6 7
3674 611 5844 727 seine Erkrankung nicht sehr ernst genommen und
3668 745 5801 901 war nicht überrascht gewesen, als er aus Meran
3816 898 4001 988 karg
3668 898 5876 1072 nach bemessenem Aufenthalt in bestem Wohlbefin¬
3674 1055 5873 1231 den anscheinend völlig geheilt heimgekehrt war.
4259 1194 5827 1304 gefährdeter, wenn auch von anderer
4042 1278 5957 1414 Viel bekaukkizxx,xxx
5065 1359 5372 1472 ¬
3654 1428 5841 1553 Seite her schien ihm seine
3668 1594 5670 1753 um etliche Jahre ältere Schwester zu
3645 1747 5978 1947 sein. Freilich wäre Friederike nur oberflächlich
3660 1872 5876 2086 kannte, ihr in Gesellschaft begegnete, wo sie zu-
3660 2037 5812 2191 weilen, ganz die Tochter ihres liebenswürdigen
3677 2164 5922 2379 Vaters, mit ihren lebhaften, etwas spöttischen We-
3651 2335 5920 2506 sen unbefangen, ja heiter wirkte, wäre nie auf die
3680 2561 5925 2686 Vermutung gekommen, dass sie als ganz junges Mäd-
3662 2709 5951 2848 Als sechzehnjähriges Mädchen schon
2993 2634 3500 2845 Zu 16. V. M.
3167 2790 3347 2892 №
3662 2802 5894 3045 und in regelmässigen Zwischenräumen noch einige
2903 2828 3544 3031 a 2r  B4b Militä
3645 2955 5914 3144 male hatte sie am Bodensee in einer Heilanstalt
2929 2979 3367 3150 xx
3660 3109 5925 3326 für Gemütskranke viele Monate verbringen müssen.
3668 3315 5914 3503 Wenn sich nun auch seit sieben Jahren nur zeit-
3648 3460 5902 3665 weise Anwandlungen von Melancholie gezeigt hat
