6152 4168
3061 425 3442 605 25.9.30.
3627 555 5663 801 Er kam aus der Hietzinger Villa der grossen
3633 760 5641 953 Tragödin nicht so sehr von einem Krankenbe-
3633 950 5594 1127 such,wie er selbst sagte,sondern von einer
3633 1080 5619 1254 Plauderstunde mit ihr und ihrem Gatten, dem
3644 1254 5702 1448 Grafen Plan, wie sie gewissermassen zu seinen
3627 1417 5671 1602 ärztlichen Berufspflichten gehörte. Diesmal
3635 1588 5743 1735 hatte es sich in dem Gespräch,wie der Medizi-
3638 1735 5666 1903 nalrat berichtete, vorzüglich um den xxx
3627 1881 5738 2036 xx neuen Direktor ge-
3638 2050 5735 2199 handelt, den die Gräfin für ihren Tod -
3633 2188 5666 2414 feind zu halten schien, schon darum, weil er,
3627 2340 5754 2536 wie sie behauptete, ein Feind der wahren Kunst
3638 2528 5837 2696 und des klassischen Stils war und eigentlich xxx
3644 2641 5837 2834 nur das Moderne und Neue gelten lasse. Die Der
4500 2790 5707 2867 unter solchen Umständen
3633 2815 5600 3033 Niedergang der Hofbühne war uchvermeidlich.
3638 2995 5859 3138 Welch ein Absturz Nach dem vornehmen,ergrauten
3627 3141 5724 3340 Dichter, der das Theater durch viele Jahre so
3638 3243 5790 3459 ruhmreich geleitet hatte, der junge Doktor Hen-
3644 3475 5760 3608 fried, der vor kurzem auf unbegreifliche Weise
3652 3608 5757 3815 aus dem Unterrichtsministerium ganz plötzlich
