6152 4104
5427 548 5584 703 27
3545 671 5832 865 treten, das einen dichten grünen Busch darstellte,
3550 863 5767 1068 blickten zur Loge herauf und mit den Augen, auch
3545 1034 5784 1205 durch ein leichtes Kopfneigen grüssten sie ganz
3556 1197 5738 1400 deutlich und lächelten Rudolf an. Doch
3539 1334 5721 1517 konnte ja nicht sein. Und unwillkürlich wandte
3539 1474 5744 1682 Rudolf sich nach dem  Vater um, der auf der er-
3556 1668 5718 1845 höhten Bank hinter der Mutter sass und dem der
3550 1825 5838 1985 Gruss von unten offenbar gelten sollte. Und wahr-
3556 1959 5630 2162 haftig, der Vater lächelte auch und
3550 2148 5847 2328 durch ein Winken mit der Hand im Dunkel der Loge
3550 2291 5804 2482 erwiderte er den Gruss. All das hatte nicht mehr
3550 2442 5810 2642 als drei Sekunden gedauert, in der nächsten schon
3550 2605 5807 2762 waren die beiden Sänger hinter dem Busch wieder
3542 2768 5821 2928 hervorgetreten als Faust und Mephisto und hatten
3550 2945 5707 3113 weiter agiert und gesungen und sicher hatte es
3530 3068 5804 3239 niemand anderer bemerkt. Aber für Rudolf war es
3539 3242 5738 3399 ein höchst merkwürdiges, beinahe erschütterndes
3547 3382 5798 3605 Erlebnis gewesen,wie jene Beiden ein paar Sekun-
