6171 3976
2153 548 2318 726 G.P.
228 695 386 899 G.F.P.
1490 1513 1796 1666 Zifferte
1190 2098 1407 2297 G.H.F.P.
1441 2260 1712 2462 H. F.
297 2418 467 2591 1er
1585 2450 2119 2617 amall habisch
1784 2597 1975 2787 G.H.F.P.
2084 3214 2315 3378 Votre
1888 3347 2361 3534 mais ils même
957 3638 1646 3854 mich gefällt, darauf seine
5445 288 5630 484 121
3643 484 5751 663 auf sich beruhen zu lassen und die Eigenmäch-
3649 605 5699 824 tigkeit Dobolds bei einer nächsten Begegnung
3692 773 5016 963 mit leichter Ironie abzutun.
3972 934 5670 1090 Von Maria hörte er nichts. Er durfte
3655 1098 5843 1291 am Ende auch nichts anderes erwarten. Er musste
3649 1242 5932 1444 es wohl auf einen Zufall ankommen lassen,wenn er
3638 1384 5771 1542 sie wiedersehen wollte.Er nahm es auch selbst
3638 1574 5814 1706 nicht ganz ernst,wenn er anlässlich von kurzen
3655 1701 5886 1908 Spaziergängen ohne bestimmte Absicht in die Nähe
3649 1836 5895 2049 ihrer Wohnung, zuweilen auch in die gleiche Gasse
3643 2024 5820 2211 kam und er hätte sichs verbeten, wenn irgendwer
3649 2171 5938 2358 diese Spaziergänge in jener Gasse als Fensterpro-
3643 2309 5938 2470 menaden bezeichnet hätte. Trotzdem war ihm wohler
3649 2493 5794 2669 zumute, wenn er sich in dieser Gegend aufhielt,
3643 2640 5961 2773 und gar zu ihrem erleuchteten Fenster aufblickte
3649 2787 5016 2983 als wenn er andere Wege nahm.
4024 2897 5869 3110 Da wurde er einmal bei seinem Namen an-
3638 3081 5820 3220 gerufen gerade, als er von der kleinen Gasse in
3655 3208 5941 3387 eine Hauptstrasse einbog.Er hatte den Klang ihrer
3643 3361 5932 3517 Stimme nicht vergessen und musste sich nicht erst
3638 3528 5941 3733 umwenden, um zu wissen, dass sie es sei. Er spielte
