<?xml version="1.0" encoding="UTF-8" standalone="yes"?>
<PcGts xmlns="http://schema.primaresearch.org/PAGE/gts/pagecontent/2013-07-15" xmlns:xsi="http://www.w3.org/2001/XMLSchema-instance" xsi:schemaLocation="http://schema.primaresearch.org/PAGE/gts/pagecontent/2013-07-15 http://schema.primaresearch.org/PAGE/gts/pagecontent/2013-07-15/pagecontent.xsd">
    <Metadata>
        <Creator>prov=READ-COOP:name=TrHtr:version=2.1.0:model_id=51170:date=28_07_2023_01:41</Creator>
        <Created>2023-05-10T11:12:54.357+02:00</Created>
        <LastChange>2023-07-28T01:41:34.656+02:00</LastChange>
        <TranskribusMetadata docId="1428132" pageId="55384276" pageNr="30" tsid="131312801" status="IN_PROGRESS" userId="64420" imgUrl="https://files.transkribus.eu/Get?id=BVGVQFDCWTTHUOPQNEYRVCSM&amp;fileType=view" xmlUrl="https://files.transkribus.eu/Get?id=MEMKFKNMRHRXRPDVZGKMGQCQ" imageId="44659176"/>
    </Metadata>
    <Page imageFilename="1428132_0030.jpg" imageWidth="6136" imageHeight="4088">
        <ReadingOrder>
            <OrderedGroup id="ro_1711824592983" caption="Regions reading order">
                <RegionRefIndexed index="0" regionRef="tr_1"/>
            </OrderedGroup>
        </ReadingOrder>
        <TextRegion id="tr_1" custom="readingOrder {index:0;}">
            <Coords points="3585,685 5970,685 5970,3554 3585,3554"/>
            <TextLine id="tr_1_tl_1" custom="readingOrder {index:0;}">
                <Coords points="3582,783 5579,775 5659,769 5662,653 4840,594 3585,662"/>
                <Baseline points="3597,741 3687,741 3777,741 3866,741 3956,741 4046,741 4135,735 4225,735 4315,735 4404,735 4494,735 4584,735 4673,741 4763,741 4853,747 4942,741 5032,735 5121,735 5211,735 5301,735 5390,735 5480,735 5570,735 5659,741 5665,741"/>
                <TextEquiv>
                    <Unicode>junge, möglichst wohlfeile geliebte zu finden</Unicode>
                </TextEquiv>
            </TextLine>
            <TextLine id="tr_1_tl_2" custom="readingOrder {index:1;}">
                <Coords points="3588,973 3659,953 3807,994 3876,950 3938,979 3997,938 4128,964 4255,902 4404,938 4404,792 4119,777 3994,831 3588,795"/>
                <Baseline points="3603,902 3693,896 3783,896 3872,896 3962,896 4052,902 4141,896 4231,896 4321,902 4410,902"/>
                <TextEquiv>
                    <Unicode>høftte.</Unicode>
                </TextEquiv>
            </TextLine>
            <TextLine id="tr_1_tl_3" custom="readingOrder {index:2;}">
                <Coords points="4255,1042 4365,1089 4968,1068 5051,1125 5825,1062 5843,846 5603,896 4962,872 4552,973 4255,923"/>
                <Baseline points="4273,1039 4362,1051 4452,1051 4542,1051 4631,1051 4721,1057 4811,1051 4900,1051 4990,1051 5080,1051 5169,1051 5259,1051 5349,1051 5438,1051 5528,1051 5618,1051 5707,1051 5797,1051 5851,1051"/>
                <TextEquiv>
                    <Unicode>Und die Kleine dort mit der Gret</Unicode>
                </TextEquiv>
            </TextLine>
            <TextLine id="tr_1_tl_4" custom="readingOrder {index:3;}">
                <Coords points="3582,1226 5718,1252 5718,1131 5582,1107 3582,1142"/>
                <Baseline points="3597,1213 3687,1213 3777,1213 3866,1213 3956,1213 4046,1213 4135,1213 4225,1213 4315,1213 4404,1219 4494,1213 4584,1213 4673,1213 4763,1213 4853,1213 4942,1213 5032,1219 5121,1219 5211,1219 5301,1219 5390,1213 5480,1219 5570,1213 5659,1213 5725,1213"/>
                <TextEquiv>
                    <Unicode>chenfrisur, die kenn ich zufällig. Es ist eine</Unicode>
                </TextEquiv>
            </TextLine>
            <TextLine id="tr_1_tl_5" custom="readingOrder {index:4;}">
                <Coords points="3579,1401 5822,1404 5819,1279 5662,1246 4816,1329 3576,1279"/>
                <Baseline points="3591,1368 3681,1374 3771,1374 3860,1374 3950,1374 4040,1374 4129,1374 4219,1374 4309,1380 4398,1380 4488,1380 4578,1374 4667,1380 4757,1380 4847,1380 4936,1380 5026,1380 5115,1380 5205,1380 5295,1380 5384,1380 5474,1380 5564,1380 5653,1380 5743,1380 5827,1368"/>
                <TextEquiv>
                    <Unicode>Harfenspielerin, noch keine siebzehn und das hal¬</Unicode>
                </TextEquiv>
            </TextLine>
            <TextLine id="tr_1_tl_6" custom="readingOrder {index:5;}">
                <Coords points="3588,1579 5772,1599 5793,1401 3585,1427"/>
                <Baseline points="3603,1530 3693,1535 3783,1530 3872,1535 3962,1535 4052,1530 4141,1535 4231,1535 4321,1535 4410,1541 4500,1535 4590,1535 4679,1535 4769,1535 4858,1541 4948,1535 5038,1535 5127,1535 5217,1535 5307,1541 5396,1541 5486,1541 5576,1541 5665,1535 5755,1535 5803,1535"/>
                <TextEquiv>
                    <Unicode>be Konservatorium, jüngere Lehrkräfte nicht aus-</Unicode>
                </TextEquiv>
            </TextLine>
            <TextLine id="tr_1_tl_7" custom="readingOrder {index:6;}">
                <Coords points="3594,1769 4089,1813 4508,1748 5288,1769 5288,1611 5199,1594 4246,1561 3944,1644 3594,1602"/>
                <Baseline points="3609,1697 3699,1691 3789,1691 3878,1691 3968,1691 4058,1691 4147,1697 4237,1691 4327,1691 4416,1697 4506,1697 4596,1697 4685,1691 4775,1697 4864,1697 4954,1697 5044,1697 5133,1697 5223,1697 5295,1697"/>
                <TextEquiv>
                    <Unicode>geschlossen, alle haben sie gehabt."</Unicode>
                </TextEquiv>
            </TextLine>
            <TextLine id="tr_1_tl_8" custom="readingOrder {index:7;}">
                <Coords points="4282,1855 5852,1890 5852,1783 5647,1757 5564,1801 5199,1745 5066,1804 4935,1757 4641,1804 4282,1751"/>
                <Baseline points="4297,1852 4386,1846 4476,1852 4566,1852 4655,1852 4745,1852 4835,1858 4924,1852 5014,1858 5104,1858 5193,1858 5283,1858 5372,1858 5462,1858 5552,1858 5641,1858 5731,1858 5821,1864 5857,1864"/>
                <TextEquiv>
                    <Unicode>Eine junge Dame, ein kleines Wesen</Unicode>
                </TextEquiv>
            </TextLine>
            <TextLine id="tr_1_tl_9" custom="readingOrder {index:8;}">
                <Coords points="3570,2062 5861,2048 5798,1872 5603,1938 4561,1875 4065,1964 3567,1896"/>
                <Baseline points="3585,2008 3675,2008 3765,2008 3854,2008 3944,2008 4034,2014 4123,2014 4213,2014 4303,2008 4392,2014 4482,2014 4572,2014 4661,2014 4751,2014 4841,2014 4930,2014 5020,2014 5110,2020 5199,2020 5289,2020 5378,2020 5468,2020 5558,2026 5647,2026 5737,2026 5827,2026 5869,2032"/>
                <TextEquiv>
                    <Unicode>mit schwarzem Strubelkopf, begrüsste Herrn Dobold</Unicode>
                </TextEquiv>
            </TextLine>
            <TextLine id="tr_1_tl_10" custom="readingOrder {index:9;}">
                <Coords points="3570,2226 4890,2175 5336,2270 5561,2178 5893,2267 5950,2092 3567,2065"/>
                <Baseline points="3585,2163 3675,2163 3765,2157 3854,2163 3944,2163 4034,2163 4123,2163 4213,2169 4303,2163 4392,2163 4482,2163 4572,2163 4661,2169 4751,2169 4841,2169 4930,2169 5020,2175 5110,2175 5199,2175 5289,2175 5378,2175 5468,2181 5558,2181 5647,2187 5737,2187 5827,2187 5916,2181 5958,2199"/>
                <TextEquiv>
                    <Unicode>mit verheissendem Augenaufschlag. "Also doch", sagte</Unicode>
                </TextEquiv>
            </TextLine>
            <TextLine id="tr_1_tl_11" custom="readingOrder {index:10;}">
                <Coords points="3576,2335 5896,2389 5896,2252 5769,2217 5428,2288 4988,2211 4840,2273 3576,2240"/>
                <Baseline points="3591,2324 3681,2324 3771,2324 3860,2324 3950,2324 4040,2324 4129,2324 4219,2324 4309,2324 4398,2324 4488,2330 4578,2330 4667,2330 4757,2330 4847,2330 4936,2336 5026,2330 5115,2336 5205,2336 5295,2336 5384,2342 5474,2342 5564,2342 5653,2342 5743,2342 5833,2342 5904,2348"/>
                <TextEquiv>
                    <Unicode>sie und reichte ihm die Hand. Klaudius zog sie an</Unicode>
                </TextEquiv>
            </TextLine>
            <TextLine id="tr_1_tl_12" custom="readingOrder {index:11;}">
                <Coords points="3585,2508 5778,2519 5775,2398 5683,2380 3582,2421"/>
                <Baseline points="3597,2480 3687,2486 3777,2486 3866,2492 3956,2486 4046,2492 4135,2492 4225,2492 4315,2492 4404,2492 4494,2492 4584,2492 4673,2498 4763,2498 4853,2498 4942,2492 5032,2498 5121,2492 5211,2504 5301,2498 5390,2498 5480,2504 5570,2504 5659,2510 5749,2516 5785,2510"/>
                <TextEquiv>
                    <Unicode>die Lippen. "Inwiefern also doch?" fragte er.</Unicode>
                </TextEquiv>
            </TextLine>
            <TextLine id="tr_1_tl_13" custom="readingOrder {index:12;}">
                <Coords points="3606,2647 5861,2692 5861,2573 5680,2534 3606,2558"/>
                <Baseline points="3621,2623 3711,2629 3801,2635 3890,2635 3980,2641 4070,2641 4159,2647 4249,2647 4339,2647 4428,2647 4518,2647 4607,2647 4697,2653 4787,2653 4876,2653 4966,2653 5056,2653 5145,2653 5235,2653 5325,2659 5414,2659 5504,2659 5594,2659 5683,2665 5773,2665 5863,2665 5869,2665"/>
                <TextEquiv>
                    <Unicode>"Sie wollten ja erst zur nächsten Schülervorstel-</Unicode>
                </TextEquiv>
            </TextLine>
            <TextLine id="tr_1_tl_14" custom="readingOrder {index:13;}">
                <Coords points="3570,2837 5882,2852 5882,2706 5712,2668 5383,2739 5021,2662 4778,2748 3570,2677"/>
                <Baseline points="3585,2803 3675,2803 3765,2803 3854,2803 3944,2803 4034,2803 4123,2803 4213,2803 4303,2803 4392,2803 4482,2809 4572,2809 4661,2814 4751,2814 4841,2814 4930,2814 5020,2814 5110,2820 5199,2820 5289,2820 5378,2820 5468,2820 5558,2820 5647,2820 5737,2826 5827,2826 5886,2832"/>
                <TextEquiv>
                    <Unicode>lung kommen, heute habe ich ja noch nichts zu tun."</Unicode>
                </TextEquiv>
            </TextLine>
            <TextLine id="tr_1_tl_15" custom="readingOrder {index:14;}">
                <Coords points="4226,2962 5419,2988 5401,2887 4226,2899"/>
                <Baseline points="4243,2958 4333,2964 4422,2964 4512,2964 4601,2964 4691,2964 4781,2964 4870,2964 4960,2970 5050,2970 5139,2970 5229,2970 5319,2970 5408,2976 5426,2976"/>
                <TextEquiv>
                    <Unicode>xxxxxxx</Unicode>
                </TextEquiv>
            </TextLine>
            <TextLine id="tr_1_tl_16" custom="readingOrder {index:15;}">
                <Coords points="4232,3045 5867,3110 5867,3012 5793,2979 4229,2973"/>
                <Baseline points="4249,3036 4339,3042 4428,3048 4518,3048 4607,3048 4697,3048 4787,3048 4876,3048 4966,3048 5056,3054 5145,3054 5235,3054 5325,3054 5414,3060 5504,3066 5594,3066 5683,3066 5773,3066 5863,3083 5875,3089"/>
                <TextEquiv>
                    <Unicode>Rudolf wandte sich zur Seite, unter</Unicode>
                </TextEquiv>
            </TextLine>
            <TextLine id="tr_1_tl_17" custom="readingOrder {index:16;}">
                <Coords points="3582,3214 5950,3252 5914,3110 5425,3178 3582,3128"/>
                <Baseline points="3597,3197 3687,3197 3777,3197 3866,3197 3956,3197 4046,3197 4135,3197 4225,3203 4315,3203 4404,3203 4494,3209 4584,3209 4673,3203 4763,3209 4853,3209 4942,3209 5032,3209 5121,3215 5211,3215 5301,3221 5390,3221 5480,3221 5570,3221 5659,3227 5749,3227 5839,3227 5928,3227 5958,3233"/>
                <TextEquiv>
                    <Unicode>hielt sich damit weiter das Publikum zu betrachten</Unicode>
                </TextEquiv>
            </TextLine>
            <TextLine id="tr_1_tl_18" custom="readingOrder {index:17;}">
                <Coords points="3582,3353 5798,3410 5695,3252 5546,3315 3582,3285"/>
                <Baseline points="3597,3340 3687,3340 3777,3340 3866,3340 3956,3340 4046,3340 4135,3340 4225,3346 4315,3346 4404,3346 4494,3352 4584,3346 4673,3346 4763,3346 4853,3352 4942,3352 5032,3352 5121,3352 5211,3352 5301,3358 5390,3358 5480,3358 5570,3364 5659,3364 5749,3370 5803,3370"/>
                <TextEquiv>
                    <Unicode>und erlauschte ein paar Worte aus dem Gespräch,</Unicode>
                </TextEquiv>
            </TextLine>
            <TextLine id="tr_1_tl_19" custom="readingOrder {index:18;}">
                <Coords points="3588,3514 4006,3606 5330,3585 5537,3662 5962,3576 5962,3454 5739,3424 3588,3439"/>
                <Baseline points="3603,3502 3693,3496 3783,3496 3872,3502 3962,3502 4052,3502 4141,3502 4231,3502 4321,3508 4410,3508 4500,3508 4590,3508 4679,3508 4769,3508 4858,3508 4948,3514 5038,3514 5127,3514 5217,3514 5307,3514 5396,3514 5486,3520 5576,3526 5665,3526 5755,3526 5845,3526 5934,3532 5970,3544"/>
                <TextEquiv>
                    <Unicode>das die junge Dame vor ihm mit ihrer Mutter führte.</Unicode>
                </TextEquiv>
            </TextLine>
        </TextRegion>
    </Page>
</PcGts>
