6152 4072
3477 531 5858 766 wäre, mit einiger Ironie,wie unter Anführungs-
3471 814 4534 919 zeichen auszusprechen.
3852 865 5876 1096 Rudolf zögerte ein wenig, aber im Grund war.
3483 1045 5798 1243 er froh vor sich selbst einen Vorwand zu haben, um
3477 1264 5795 1438 vom Hause wegbleiben zu können und so nahm er die
3489 1444 4134 1603 Einladung an.
3996 1483 5903 1717 Gegenüber dem Krankenhause, vor der Alser-
3477 1681 5879 1886 kirche, hatte Dobold einen Fiaker warten lassen. Ru-
3483 1838 5894 2063 dolf, dem die etwas eingeschränkten Verhältnisse Do-
3501 2057 5849 2204 bolds nicht unbekannt waren, nahm an, dass der Wagen
3483 2201 5843 2420 den Mitarbeitern von der Redaktion für dienstliche
3483 2366 5239 2594 Fahrten zur Verfügung gestellt wurde.
4002 2507 5897 2699 Klaudius Dobold erkundigte sich nach dem
3489 2690 5888 2873 Befinden des Komoders Schwarz und erfuhr, dass des-
3489 2870 5729 3009 sen Ueberstellung in die Landesirrenanstalt be¬
3501 2975 5816 3171 vorstand. "Es wird rasch mit ihm zu Ende sein",
3507 3159 5819 3375 fügte Doktor Forlan hinzu und erwähnte bei dieser
3501 3279 5858 3432 Gelegenheit, dass der Professor auch in diesem Fall
3501 3507 5909 3714 versucht hatte dem Geisteskranken seine fixen Ideen
