6200 4232
5559 453 5781 587 118.
3493 490 5606 709 sächlich gewesen war. Rudolf erklärte an eine
3477 680 5699 893 Heirat nicht denken zu wollen, ehe er mindestens
3486 833 5596 1061 noch drei Jahre an verschiedenen Abteilungen
3465 983 5781 1180 Hilfsarzt gewesen wäre, lehnte aber doch nicht mit
3474 1133 5865 1370 aller Entschiedenheit ab, denn er fühlte, dass es ihm
3477 1292 5787 1558 beinahe schmerzlich gewesen wäre die Hoffnung auf
3458 1442 5806 1689 eine Verbindung mit Martha völlig aufgeben zu müs-
3440 1595 3664 1764 sen.
3770 1720 5868 2007 An Maria Labitzky schickte er die gesamelten
3440 1916 5830 2113 Werke von Grillparzer in einer schönen Ausgabe. Die
3449 2069 5958 2291 Antwort liess nicht lange auf sich warten, sie war for-
3430 2197 5862 2463 mell und hastig zugleich, die Unterschrift war unle-
3443 2385 5734 2578 serlich und verschnökerlt, das Briefpapier zeigte
3418 2534 5790 2737 eine fünzackige Krone, die kreuzweise durchstrichen
3430 2694 5812 2943 war. Komisches Wesensdachte Rudolf. Aber er dachte
3412 2834 4520 3006 es mit einiger Rührung.
3770 3009 5743 3209 Annette war auch noch in seinem Leben. Er
3405 3156 5806 3368 war kaum viel seltener bei ihr, als er es früher ge-
3405 3290 5909 3505 wesen war, aber in der Zwischenzeit vergass er vollkom-
3399 3465 3621 3664 men.
