3384 4072
272 340 701 478 23.4.1930
1341 735 3058 839 Doktor Rudolf Forlan, Sekundararzt im
640 854 2954 992 allgemeinen Krankenhaus, trat mit seinem Vater, dem
618 1056 2917 1148 Medizinalrat, auf den Gang hinaus. Die Gasflammen
646 1182 2957 1307 brannten frei an langen Armen und in ihrem trüben
631 1338 2890 1469 Licht an braunen niederen Türen in ärmlichen Mes
628 1509 2850 1632 singrahmen schimmerten die weissen Visitekarten
637 1678 1341 1763 der Hilfsärzte.
1301 1843 3184 1950 "Werden wir“, fragte der Vater mit seinem
631 1962 3018 2106 liebenswürdigen, aber etwas ironischen Lächeln,-"wer
618 2173 3077 2275 den wir das seltene Vergnügen haben dich heute Abend
615 2308 1078 2391 zu sehen?"
1326 2446 3025 2584 "Ich glaube schon“, erwiederte Rudolf
628 2584 1286 2715 etwas zögernd;
1322 2630 2979 2743 "wenn ich nicht für Baktor Raudnitz
612 2761 3037 2884 Dienst halten muss "Er ist Bräutigam, wie du weisst.
1353 2930 3116 3058 Wieder lächelte der Medizinalrat. Die
606 3104 2905 3223 Ausflüchte seines Sohnes waren ihm nichts Neues.
1408 3227 3070 3364 "Und wenn nicht heute Abends“, fügte
600 3370 3006 3530 Rudolf rasch hinzu,-"jedenfalls morgen Mittag.Grüss
612 3533 1959 3643 mir die Mama und Friederike.
