6168 4248
3017 190 3342 520 16/4.31.
3390 505 5517 725 Dilenz sprach zu Rudolf mit einem ungewohnten
3378 692 5612 900 Ton von Herzlichkeit, dem immerhin die zwingende
3378 894 5594 1037 Echtheit fehlte. Rudolf spürte, dass der Dichter
3384 1056 5768 1239 ihn gewinnen, erobern,zum mindesten charmieren woll-
3390 1169 5655 1368 te. Doch obwohl er das spürte fühlte er sich ein-
3390 1346 5652 1542 wenig geschmeichelt, ja beinahe gehoben, durch die
3390 1493 5731 1668 freundschaftliche Art, mit der Tilenz ihm entgegen-
3390 1637 5728 1873 kam. Rudolf erkundigte sich nachdem Termin und der
3397 1802 5664 2010 Besetzung des neuen Stückes, dessen Aufführung am
3375 1998 5655 2218 Burgtheater bevorstand. Dilenz hatte viele Jahre
3397 2157 5738 2341 daran gearbeitet, vielmehr, er hatte es vor mehr als
3384 2353 5594 2509 zehn Jahren begonnen und erst im vorigen Jahre
3375 2436 5762 2616 wieder neu aufgenommen. "Als ich es begann, war ich
3384 2573 5829 2794 beinahe noch jung. Dann ist allerdings ziemlich viel
3378 2782 4373 2941 dazwischen gekommen.
3730 2870 5823 3078 "Sie waren viel auf Reisen",bemerkte Rudolf.
3764 3051 5725 3237 "Auch das", erwiderte Dilenz in seiner bei-
3366 3225 5820 3384 läufigen Weise, „aber das ist eigentlich das Wenigste."
3761 3372 5637 3562 "Es ist nach einem spanischen Original?“
3354 3522 5511 3709 fragte Rudolf und bedauerte es gleich wieder.
