6168 4232
346 575 870 758 Tod̄ atgaît
1291 469 2236 764 zwey Pfolre wieder.
1432 755 2175 933 aa.smifx hemsi
1637 885 2199 1080 and
527 1546 725 1667 onze
1369 3072 1550 3219 wie
713 3343 1525 3550 ald nam do. sich noch
2052 3385 2236 3547 tiob
752 3478 1889 3689 neudolxass aswie xxx
1920 3538 2229 3674 Gesongyh
1261 3677 1417 3782 12S
1546 3659 1899 3881 ab.dovat
1983 3656 2211 3872 esige
3511 524 5747 761 ten Monate manche Fälle von Kopfschmerzen durch
3484 719 5840 870 Hypnose günstig beeinflusst habe; eine ganz einfa-
3499 879 5840 1047 che Methode und ohne jedes Risiko. Die Mutter ver-
3496 1041 5708 1191 wechselte Hypnose mit Spiritismus und erklärte,
3502 1197 5759 1375 dass sie von solchen Dingen nichts wissen wolle.
3499 1348 5912 1522 "Das dürfte wohl meine Sache sein",sagte die Roveda,
3481 1492 5831 1676 worauf ihre Mutter beleidigt verschwand. Die Rove-
3484 1658 5756 1811 da kam auf ihre Familienverhältnisse zu sprechen
3493 1817 5744 1962 und erzählte, dass der Vater seit einiger Zeit in
5374 1932 5551 2046 sie
3472 1956 5656 2127 Paris lebe, er hatte dort Vertretungen, wie sich
3478 2091 5759 2287 ausdrückte. Gleich darauf wurde ein Besuch gemel-
3475 2260 5756 2425 det. Das Stubenmädchen brachte eine Karte und Ro
3469 2419 5693 2588 veda erklärte mit übertriebener Grossartigkeit:
3472 2585 5684 2753 "Ich lasse bitten". Rudolf wollte nicht weiter
3457 2687 5675 2894 stören, die Roveda zeigte sich damit vollständig.
3460 2876 5711 3063 einverstanden. In der Türe traf er zusammen mit
3469 3045 5699 3219 einem ziemlich kleinen, aber eleganten Herrn in
3451 3156 5843 3346 Radfahrkostüm. Im Vorzimmer duftete es nach Parfum,
3463 3343 5795 3475 aber auch ein wenig nach Kraut und er war froh, als
3445 3481 4793 3677 er sich auf der Stiege fand.
