6168 4232
563 439 2244 752 indoslcoI nov eifst edonam etsnok nam
186 722 2273 920 saag schle jeded Jaauilmised oltanög eaonqH
658 873 2265 1056 .oxialb sebel ando xxx abodrek eno
413 1000 2291 1233 ein das anmatikige xxx eaongyH xxx
1380 1165 2271 1351 sisfos nov sie aaab
2117 1489 2288 1645 10w
1056 3061 1230 3250 eds.
1421 3308 2318 3547 Siaew nie das Todes¬
1395 3477 1743 3668 eite tah
5405 428 5564 578 97
3881 534 5824 752 Seinem Vater berichtete er von dem Besuch
3512 728 5877 888 in humoristischer Art. Er hatte eher den Eindruck
3530 879 5889 1038 gehabt bei einer Operettensängerin gewesen zu sein.
3524 1038 5850 1203 als bei einer Tragödin. Besonders komisch hatte er
3524 1168 5833 1353 es gefunden, dass die Mutter Spiritismus und Hypno-
3536 1359 5824 1519 tismus verwechselt hatte. "Nun, gar so gross ist ja
3521 1501 5812 1657 der "unterschied nicht", bemerkte der Medizinalrat.
3536 1657 5774 1813 Und als Rudolf, den derartige oberflächliche Aus-
3512 1799 5812 1985 sprüche seines Vaters zu verstimmen pflegten, nur
3512 1967 5738 2126 ärgerlich den Kopf schüttelte, lächelte der alte
3524 2108 5703 2256 Forlan und sprach die Hoffnung aus, dass Rudolf
3506 2244 5806 2430 sich doch lieber mit exakten Partien seiner Wis-
3512 2430 5812 2604 senschaft beschäftigen und sich insbesondere wie-
3512 2589 5782 2754 der der histologischen Arbeit zuwenden werde, die
3512 2754 5812 2922 er zu Beginn dieses Semesters begonnen. Es war
3500 2854 5856 3084 nicht nur Ernst, sondern auch Liebe in dieser Mah-
3512 3043 5771 3188 nung und Rudolf fühlte mit einem Mal wieder, dass
3524 3202 5777 3382 er sich doch nicht ganz auf dem rechten Wege be-
3530 3317 5777 3524 fand. Freilich zur Fortführung dieser histori-
3509 3494 5741 3704 schen Arbeit bedurfte er grösseren Fleisses als
