6152 4200
3557 493 5622 677 "Also was krieg ich, wenn ich dir durch eine
3548 704 5589 845 kurze Mitteilung die Möglichkeit gebe einen
3551 833 5457 1038 deiner dringendsten Wünsche zu erfüllen."
3982 1015 5625 1196 "Zuerst einmal tedle mit", erwiedert
3531 1158 3850 1355 Rudolf
4041 1273 5713 1413 "Weisst du denn ganz genau, was mein
3557 1413 5240 1575 dringenaster Wunsch ist? Ich nicht.“
4088 1540 5891 1721 "Also kurz und gut, du bist Annette los."
3531 1607 4557 1806 Alsa, wasxkriegsxxxxxxx
4117 1748 5821 1897 Rudolis Miene drückte ein solches Er-
3545 1915 5378 2047 staunen aus, dass Hullrig Jachen musste.
4147 1988 5692 2252 "Also was krieg ich ":wiederholte
3525 2199 3724 2334 er.
4208 2235 5847 2513 "Ja - zuerst müsste ich doch wissen-
4214 2475 5765 2669 "Jedesfalls hängt es nur mehr von
3540 2622 5534 2812 dir ab. Sie hält dich nämlich zum Narren.
4270 2806 5965 3026 "Das denk ich mir schon lang“, sagte
3563 2971 5921 3141 Eudolf und bewahrte Haltung. „Aber die die Beweise?“
4340 3100 5724 3299 "Nur Geduld, mein Sohn". Und er
3551 3223 4085 3320 berichtete
3551 3293 5771 3446 erzählte dem Freund nicht ohne Behagen, dass er
3528 3434 5765 3578 heute abends um halb zehn Annette und
3545 3551 5830 3759 ihre ältere Schwester in Begleitung von zwei Her-
