6165 4024
4981 271 5425 506 5 109
3427 448 5556 670 sich Rudolf, dass noch zwei andere junge Damen
1611 457 2068 688 ndt meldos
3421 682 5605 850 mitgespielt hatten,die er selbst kaum bemerkt
1752 661 2068 862 immed at
3433 816 5715 987 hatte. Schon möglich, dass sie zum Herunterschies-
3439 966 3957 1179 sen waren.
3887 1088 5599 1307 Jetzt trat auch die Mutter herzu mit
3439 1273 5605 1465 einer grossen majeren Dame, die etwas eleganter
3439 1450 5629 1578 aussah als die übrigen. "Küss die Hand,Tante",
3433 1566 5675 1755 sagte Maria.- "Gut hast du ausgeschaut", sagte die
3439 1736 5569 1937 Dame "und auch sehr deutlich gesprochen". Die
3427 1861 5660 2084 reiche Verwandte, dachte Rudolf und nahm an, dass
3421 2023 5873 2257 hier eine gewisse Abhängigkeit bestehe. Rudolf wurde
3433 2230 5821 2361 vorgestellt. Die Frau Oberstleutnant sah ihn herab-
3439 2361 5706 2525 lassend, misstrauisch und etwas streng an. Rudolf
3421 2510 5736 2705 gratulierte der Mutter zu dem Erfolg Marias. Auch
3439 2635 5660 2870 der Bruder war plötzlich da, es war kein Anlass
3433 2824 5776 2985 länger hier an der zugigen Ecke stehen zu bleiben,
3421 2958 5861 3165 alle machten sich auf den Heimweg. Die Mutter
3427 3135 5776 3311 erklärte, dass sie die Tante noch nachhause beglei-
3427 3241 5831 3448 ten wolle, Sofie und der Bruder gingen voraus, Rudolf
3421 3406 5727 3649 blieb mit Maria ein wenig zurück. Die Enden des
957 3442 1234 3625 bele.
