6136 4088
4184 524 5702 706 Auf dem Sitz gerade vor Rudolf
3475 674 5658 911 sass eine junge Dame, die immer wieder nach der
3487 870 5834 1031 Eingangstüre schaute, als erwarte sie jemanden. Sie
3504 1031 5860 1175 war einfach, mit fast absichtlicher Schlichtheit ge-
3487 1157 5790 1345 kleidet. Ein schmaler goldener Reif umschloss ihr
3487 1348 5807 1506 Handgelenk. Die edle Strenge ihres Profils fiel
3498 1521 5790 1670 ihm auf, xxx
3516 1655 5860 1828 Während der Pause studierte
3510 1825 5772 2001 die Theaterzettel und sah doch immer wieder nach
3510 1957 5766 2162 der Türe, Als das Klingelzeichen ertönte, blickte
3498 2142 5772 2370 sie noch ungeduldiger, ja fast ärgerlich hin; un-
3510 2309 5760 2499 willkürlich folgte Rudolf ihrem Blick, der sich
3516 2479 5822 2625 zwar ein wenig erhellte, doch mit einem deutlichen
3522 2646 5872 2795 Ausdruck der Missbilligung einer älteren Dame, die
3528 2766 5737 2930 eben in den Saal trat, eine Begrüssung zunickte.
3510 2907 5719 3141 Die Dame und der halberwachsene Junge in
3522 3068 5755 3241 ihrer Begleitung hatten eben noch Zeit vor der
3534 3244 5790 3413 Verdunklung des Zuschauerraums ihre Plätze
3528 3370 5711 3554 einzunehmen. Und der Vorhang ging schon in die
3516 3528 5743 3756 Höhe, als Rudolf die Neuangekommene sich bei der
