6152 4216
2991 335 3402 544 29.10.30.
5323 473 5475 589 67
3613 594 4771 842 Ich habe dich erwartet."
3872 772 5816 989 Rudolf wunderte sich,- es war nichts ver¬
3627 1050 4413 1166 abredet gewesen.
3948 1112 5754 1332 Wenn du nicht heute ins Kaffeehaus ge¬
3627 1290 5731 1470 kommen wärst, hätte ich dich in aller Früh im
3633 1493 4545 1678 Spital aufgesucht."
3979 1600 5731 1831 "Was gibt's denn? Nichts Unangenehmes
3639 1760 4272 1991 hoffentlich?“
4086 1895 5773 2169 "Ganz im Gegenteil. Du bist sie los?"
4069 2115 4345 2312 Wen?"
4086 2239 5768 2512 "Annette selbstverständlich." Und er
3633 2428 5756 2633 berichtete dem Freund nicht ohne Behagen, dass
3630 2585 5770 2805 er heute Abende um halb zehn Annette und ihre
3627 2771 5714 2932 ältere Schwester in Begleitung zweier "ziem-
3625 2929 5886 3143 lich minderer Herren" über den Graben schlendern
3644 3084 5844 3281 gesehen, dass er den beiden Paaren unbemerkt ge-
3633 3244 5804 3410 folgt und sie in einer Seitenstrasse unter dem
3627 3408 5838 3594 Tor eines ziemlich übel beleumdeten Hotels ver-
3627 3532 5796 3740 schwinden gesehen. Er hatte es sich nicht ver-
