6168 4104
3398 504 5599 750 in der stillen Ecke eines angenehmen Retaurants
3416 660 5572 873 und plauderten. Sie waren beide heute ziemlich
3407 816 5689 1038 aufgeschlossen. Rudolf erzählte von jenem Jugend
3416 993 5632 1208 erlebnis in der Oper, von seinen Eltern und von
3428 1182 5605 1334 Abenden im Sulkowsky-Theater, wo vor vielen Jah-
3416 1295 5668 1514 ren ein seither verschollener Freund kleine Rol-
3431 1526 5560 1700 len gespielt hatte. "Grössere bekam man nicht
3419 1652 5788 1820 so leicht", setzte er hinzu,”das kostete je nachdem
3446 1796 5644 2036 fünf bis zehn Gulden, für den Hamlet musste man
3425 2012 4375 2219 sogar zwölf zahlen."
3967 2153 5734 2351 "Wollten Sie niemals Schauspieler wer-
3434 2333 4438 2534 den?" fragte Claudius.
4021 2393 5584 2684 "Nicht im Traum habe ich je daran
3440 2609 3877 2831 gedacht."
4021 2804 5896 2999 über Stücke geschrieben haben Sie doch?
4081 2945 5851 3134 "Niemals. Es war immer eine sehr ferne
3443 3128 5797 3296 Welt für mich, trotzdem ich ja von frühester Jugend
3461 3278 5671 3449 an in einer nahen Verbindung mit ihr stand." Er
3449 3431 5800 3593 sprach von der Praxis seines Vaters, den Schauspie-
3461 3575 5872 3769 lern und Sängern, die besonders früher viel in ihrem
