6136 4104
5659 372 5832 564 45
3591 530 5754 734 keine rechte Lust Claudius gegenüber sein Herz
3591 723 5708 904 auszuschütten. Trotzdem erfuhr Claudius noch
3586 893 5628 1089 im Laufe dieses Abends, dass Rudolf in einem
3583 1054 5766 1207 Liebesverhältnis steckte, aus dem er gern schon
3586 1201 5708 1385 heraus wollte und aus Wehleidigkeit vorläufig
3586 1348 5743 1535 nicht heraus konnte. Aber die Dinge lagen so,
3603 1535 5509 1719 dass es in jedem Fall bald enden musste.
4156 1688 5869 1912 "Darauf kann man sich nie verlassen",
3577 1817 4231 2042 sagte Dobold.
4136 1999 5838 2174 Als sie auf der Strasse standen fiel
3577 2114 5743 2284 Schnee, der erste leise bescheidene Schnee die¬
3574 2304 5818 2497 ses Winters. Es fiel Rudolf auf, dass Claudius et-
3597 2457 5772 2609 was vertretene, ja geradezu schäbige Lackschuhe
3603 2629 5916 2808 trug. Auch der Ueberzieher liess zu wünschen übrig
3597 2776 5792 2998 und nur die gestreifte Seidenkravatte,die jetzt
3577 2958 5838 3122 hinter dem aufgestellten Kragen verschwand,hatte
3574 3084 5662 3318 früher am Wirtshaustisch der Erscheinung des
3591 3266 5659 3421 Journalisten einen trügerischen Schimmer von
3568 3407 5875 3637 Eleganz verliehen. Claudius begleitete den jungen
3571 3542 5734 3822 Arzt bis ans Tor des Krankenhauses. Jetzt erst
