6152 4216
3604 509 5766 746 zwei Billetts für die nächste Vorstellung der
3607 728 5586 896 Schauspielschule des Konservatoriums. Ich
3607 893 5754 1052 selbst bin leider nicht in der Lage den Abend
3607 1043 5809 1263 zu besuchen. Vielleicht machen Sie von den Kar-
3601 1208 5673 1402 ten Gebrauch, die Sache hat Ihnen ja neulich
3592 1387 5748 1569 Spass gemacht. Darf ich eine Bitte beifügen?
3575 1511 5760 1708 Ich sollte für mein Blatt über die Vorstellung
3601 1676 5754 1835 referieren. Wollen Sie es vielleicht für mich
3586 1852 5719 2046 tun? Nicht mehr als sechs bis acht Zeilen. Es
3589 1974 5826 2168 wäre mir eine rechte Gefälligkeit. Zu Gegendien-
3581 2130 5898 2358 sten stets bereit. Mit vielen Grüssen Ihr Dobold."
4214 2321 5922 2509 Rudolf hielt die Karten in der Hand,
3572 2428 5754 2610 und betrachtete sie mit übertriebener Neugier.
3569 2595 5835 2789 Gegendienst - komischer Einfall. Wollte Herr Do¬
3578 2751 5818 2913 hold vielleicht an seiner Statt patienten behan-
3575 2902 5901 3118 deln? Zwei Billetts. Wen sollte er mitnehmen? Hul-
3558 3087 5815 3271 rig vielleicht? Er musste ja nicht sagen, dass er
3569 3222 5742 3419 gewissermassen als Kritiker die Vorstellung zu
3572 3352 5786 3497 besuchen hatte. Seinen Freund Lapa? Nein, nie-
3560 3485 5832 3682 manden. Man konnte das zweite Billett verfallen
3560 3717 5740 3847 lassen. Die ganze Angelegenheit war von keinem
