6152 4152
3635 546 5926 709 Seele hinterlassen. Warum war Friederike so blass
3652 769 5701 926 geworden? Liebte sie ihn am. Ende noch immer?
3635 900 5575 1060 Denn daran zweifalteseit
3640 1060 5661 1252 hatte er niemals gezweifelt, dass nur Dilenz
3643 1169 3809 1257 die
3640 1200 5612 1412 Schuld an den Verstörungen ge-
4846 1323 5001 1423 die
3640 1366 5681 1583 wesen war.Friederi-
3646 1557 5766 1697 kens Seele so oft für Wochen und Monate um
3646 1689 5672 1880 dunkelt und gefährdet hatten und um die der
3652 1846 5764 2023 Bruder bei all seiner Zärtlichkeit für sie in
3635 1969 5846 2195 der Tiefe seines Herzens sich niemals gekümmert
3640 2155 5755 2300 hatte. In diese kaum bewussten,plötzlich auf-
3640 2300 5898 2532 steigenden Selbstvorwürfe klang Friederikens Ant
3635 2455 5818 2660 wort hinein: "Er lebt seit einiger Zeit wieder
3640 2615 4432 2840 hier“, sagte sie.
4206 2757 5652 2966 Der Vater trat ein, den dunklen
3629 2920 5841 3129 Schnurrbart von Schneeflocken weiss und feucht.
3640 3098 5846 3235 Er rieb sich die Hände, als wären sie noch kalt
3655 3238 5761 3438 von der halbstündigen Fahrt im geschlossenen
3652 3409 5141 3612 Wagen und war höchst aufgeräumt.
