<?xml version="1.0" encoding="UTF-8" standalone="yes"?>
<PcGts xmlns="http://schema.primaresearch.org/PAGE/gts/pagecontent/2013-07-15" xmlns:xsi="http://www.w3.org/2001/XMLSchema-instance" xsi:schemaLocation="http://schema.primaresearch.org/PAGE/gts/pagecontent/2013-07-15 http://schema.primaresearch.org/PAGE/gts/pagecontent/2013-07-15/pagecontent.xsd">
    <Metadata>
        <Creator>prov=READ-COOP:name=TrHtr:version=2.1.0:model_id=51170:date=28_07_2023_01:42</Creator>
        <Created>2023-05-10T11:13:09.444+02:00</Created>
        <LastChange>2023-07-28T01:42:09.102+02:00</LastChange>
        <TranskribusMetadata docId="1428132" pageId="55384691" pageNr="114" tsid="131312885" status="IN_PROGRESS" userId="64420" imgUrl="https://files.transkribus.eu/Get?id=UWLSUSTVNYKGQRWNNRXPWLDZ&amp;fileType=view" xmlUrl="https://files.transkribus.eu/Get?id=IXSEQXNXGTBRVQQTJRVRHHYI" imageId="44659590"/>
    </Metadata>
    <Page imageFilename="1428132_0114.jpg" imageWidth="6168" imageHeight="4232">
        <ReadingOrder>
            <OrderedGroup id="ro_1711824730985" caption="Regions reading order">
                <RegionRefIndexed index="0" regionRef="tr_1"/>
            </OrderedGroup>
        </ReadingOrder>
        <TextRegion id="tr_1" custom="readingOrder {index:0;}">
            <Coords points="1528,391 5915,391 5915,3633 1528,3633"/>
            <TextLine id="tr_1_tl_1" custom="readingOrder {index:0;}">
                <Coords points="5452,451 5487,448 5510,468 5551,459 5557,468 5580,462 5598,471 5615,462 5656,480 5659,345 5627,337 5589,366 5554,339 5542,345 5522,337 5498,354 5455,354"/>
                <Baseline points="5467,447 5485,447 5575,447 5664,441"/>
                <TextEquiv>
                    <Unicode>113</Unicode>
                </TextEquiv>
            </TextLine>
            <TextLine id="tr_1_tl_2" custom="readingOrder {index:1;}">
                <Coords points="3517,644 5563,685 5566,515 4287,465 3520,538"/>
                <Baseline points="3533,632 3599,632 3688,632 3778,632 3867,626 3957,626 4046,626 4136,626 4226,626 4315,620 4405,620 4494,614 4584,620 4673,614 4763,614 4852,614 4942,608 5031,608 5121,608 5210,602 5300,608 5389,602 5479,602 5569,596"/>
                <TextEquiv>
                    <Unicode>sie die Bühnenlaufbahn in Aussicht genommen</Unicode>
                </TextEquiv>
            </TextLine>
            <TextLine id="tr_1_tl_3" custom="readingOrder {index:2;}">
                <Coords points="1513,679 1674,644 1882,685 2168,629 2230,650 2230,462 2145,421 2054,442 1949,518 1876,503 1779,413 1513,459"/>
                <Baseline points="1528,614 1617,620 1707,614 1796,620 1886,614 1975,620 2065,614 2154,614 2238,614"/>
                <TextEquiv>
                    <Unicode>gabt deta als de</Unicode>
                </TextEquiv>
            </TextLine>
            <TextLine id="tr_1_tl_4" custom="readingOrder {index:3;}">
                <Coords points="3523,802 3866,860 4149,793 5048,852 5364,793 5481,854 5686,784 5686,691 3523,717"/>
                <Baseline points="3539,781 3545,781 3635,787 3724,781 3814,775 3903,781 3993,781 4082,775 4172,775 4261,775 4351,775 4440,769 4530,769 4619,764 4709,769 4799,769 4888,769 4978,764 5067,764 5157,764 5246,764 5336,764 5425,764 5515,758 5604,758 5694,764"/>
                <TextEquiv>
                    <Unicode>hatte. Rudolf war etwas erstaunt, als er hörte,</Unicode>
                </TextEquiv>
            </TextLine>
            <TextLine id="tr_1_tl_5" custom="readingOrder {index:4;}">
                <Coords points="3541,957 5850,951 5852,849 3950,878 3544,811"/>
                <Baseline points="3557,937 3623,937 3712,937 3802,937 3891,937 3981,931 4070,937 4160,931 4249,931 4339,931 4428,925 4518,925 4608,925 4697,925 4787,925 4876,925 4966,925 5055,919 5145,919 5234,919 5324,919 5413,913 5503,919 5592,913 5682,919 5771,913 5861,919"/>
                <TextEquiv>
                    <Unicode>dass sie eigentlich Lehrerin hatte werden wollen.</Unicode>
                </TextEquiv>
            </TextLine>
            <TextLine id="tr_1_tl_6" custom="readingOrder {index:5;}">
                <Coords points="3535,1124 4299,1097 4457,1162 5092,1091 5291,1179 5460,1103 5759,1170 5759,1004 5624,977 3535,1018"/>
                <Baseline points="3551,1086 3617,1086 3706,1092 3796,1092 3885,1092 3975,1086 4064,1086 4154,1086 4243,1080 4333,1086 4423,1080 4512,1080 4602,1080 4691,1080 4781,1080 4870,1080 4960,1080 5049,1080 5139,1080 5228,1074 5318,1074 5407,1074 5497,1074 5586,1074 5676,1074 5766,1068"/>
                <TextEquiv>
                    <Unicode>Uebrigens unterrichtete sie auch jetzt noch win</Unicode>
                </TextEquiv>
            </TextLine>
            <TextLine id="tr_1_tl_7" custom="readingOrder {index:6;}">
                <Coords points="3544,1311 3582,1299 3646,1326 3678,1323 3702,1302 3746,1308 3772,1331 3819,1323 3851,1334 3845,1162 3538,1165"/>
                <Baseline points="3557,1241 3647,1241 3736,1247 3826,1247 3855,1247"/>
                <TextEquiv>
                    <Unicode>wenig.</Unicode>
                </TextEquiv>
            </TextLine>
            <TextLine id="tr_1_tl_8" custom="readingOrder {index:7;}">
                <Coords points="3936,1425 5753,1443 5820,1434 5823,1285 5241,1270 4840,1343 4518,1255 3939,1264"/>
                <Baseline points="3951,1378 4035,1390 4124,1390 4214,1390 4303,1384 4393,1384 4482,1384 4572,1384 4661,1384 4751,1384 4840,1384 4930,1384 5019,1378 5109,1378 5198,1378 5288,1378 5378,1378 5467,1378 5557,1378 5646,1372 5736,1378 5825,1372"/>
                <TextEquiv>
                    <Unicode>"Ja, wo nehmen Sie denn die Zeit zu all</Unicode>
                </TextEquiv>
            </TextLine>
            <TextLine id="tr_1_tl_9" custom="readingOrder {index:8;}">
                <Coords points="3547,1604 3690,1571 4053,1630 4120,1586 4243,1621 4340,1568 4612,1580 4644,1443 4533,1410 4305,1466 4173,1437 4106,1487 3904,1440 3845,1481 3611,1405 3550,1437"/>
                <Baseline points="3563,1539 3653,1551 3742,1545 3832,1545 3921,1539 4011,1539 4100,1545 4190,1545 4279,1539 4369,1539 4458,1539 4548,1539 4637,1539 4649,1539"/>
                <TextEquiv>
                    <Unicode>dem her?“ fragte Rudolf.</Unicode>
                </TextEquiv>
            </TextLine>
            <TextLine id="tr_1_tl_10" custom="readingOrder {index:9;}">
                <Coords points="3948,1732 4846,1776 5495,1718 5730,1782 5730,1586 5618,1630 5387,1583 5273,1665 4343,1568 4231,1642 3948,1633"/>
                <Baseline points="3963,1683 4035,1689 4124,1689 4214,1695 4303,1689 4393,1689 4482,1689 4572,1689 4661,1689 4751,1689 4840,1689 4930,1689 5019,1683 5109,1683 5198,1683 5288,1683 5378,1683 5467,1677 5557,1677 5646,1677 5736,1671"/>
                <TextEquiv>
                    <Unicode>Sie zuckte nur die Achseln. Dann kam</Unicode>
                </TextEquiv>
            </TextLine>
            <TextLine id="tr_1_tl_11" custom="readingOrder {index:10;}">
                <Coords points="3942,1882 4334,1882 4442,1937 4764,1876 5624,1920 5694,1893 5697,1765 3945,1759"/>
                <Baseline points="3957,1844 3999,1844 4088,1844 4178,1844 4267,1844 4357,1844 4446,1838 4536,1838 4625,1838 4715,1844 4805,1838 4894,1838 4984,1838 5073,1838 5163,1832 5252,1832 5342,1832 5431,1832 5521,1832 5610,1832 5700,1826"/>
                <TextEquiv>
                    <Unicode>xxxxxx</Unicode>
                </TextEquiv>
            </TextLine>
            <TextLine id="tr_1_tl_12" custom="readingOrder {index:11;}">
                <Coords points="3552,2045 5212,2028 5648,2095 5765,2057 5765,1923 3552,1940"/>
                <Baseline points="3569,2005 3623,2011 3712,2005 3802,2005 3891,2005 3981,2005 4070,2005 4160,2005 4249,2005 4339,2005 4428,1999 4518,1999 4608,1999 4697,1999 4787,1999 4876,1993 4966,1993 5055,1993 5145,1993 5234,1987 5324,1993 5413,1987 5503,1993 5592,1993 5682,1987 5771,1981"/>
                <TextEquiv>
                    <Unicode>das Gespräch wieder auf ihr Theaterstudium.</Unicode>
                </TextEquiv>
            </TextLine>
            <TextLine id="tr_1_tl_13" custom="readingOrder {index:12;}">
                <Coords points="3552,2203 5077,2239 5399,2177 5528,2244 5788,2203 5788,2045 4246,2110 3552,2048"/>
                <Baseline points="3569,2160 3647,2160 3736,2160 3826,2160 3915,2160 4005,2154 4094,2154 4184,2154 4273,2154 4363,2154 4452,2154 4542,2154 4631,2154 4721,2148 4810,2148 4900,2148 4990,2148 5079,2148 5169,2148 5258,2148 5348,2148 5437,2148 5527,2148 5616,2142 5706,2142 5795,2136"/>
                <TextEquiv>
                    <Unicode>auf die Bücher, die die Familie be-</Unicode>
                </TextEquiv>
            </TextLine>
            <TextLine id="tr_1_tl_14" custom="readingOrder {index:13;}">
                <Coords points="3547,2315 5466,2359 5741,2323 5744,2242 3886,2201 3547,2291"/>
                <Baseline points="3563,2309 3599,2309 3688,2315 3778,2315 3867,2315 3957,2315 4046,2309 4136,2309 4226,2309 4315,2309 4405,2309 4494,2309 4584,2309 4673,2304 4763,2304 4852,2304 4942,2304 5031,2304 5121,2298 5210,2298 5300,2298 5389,2304 5479,2298 5569,2298 5658,2298 5748,2298"/>
                <TextEquiv>
                    <Unicode>sass; die Bibliothek schien recht klein zu sein,</Unicode>
                </TextEquiv>
            </TextLine>
            <TextLine id="tr_1_tl_15" custom="readingOrder {index:14;}">
                <Coords points="3596,2508 5712,2543 5730,2361 3596,2394"/>
                <Baseline points="3611,2453 3700,2459 3790,2465 3879,2465 3969,2465 4058,2465 4148,2459 4237,2459 4327,2459 4417,2459 4506,2459 4596,2459 4685,2459 4775,2453 4864,2453 4954,2453 5043,2453 5133,2453 5222,2453 5312,2453 5401,2453 5491,2453 5580,2447 5670,2447 5736,2453"/>
                <TextEquiv>
                    <Unicode>Hebbel, auch Grillparzer fehlten darin. Rudolf</Unicode>
                </TextEquiv>
            </TextLine>
            <TextLine id="tr_1_tl_16" custom="readingOrder {index:15;}">
                <Coords points="3547,2660 5782,2698 5782,2528 5654,2514 3547,2540"/>
                <Baseline points="3563,2620 3641,2626 3730,2626 3820,2626 3909,2626 3999,2626 4088,2620 4178,2620 4267,2620 4357,2620 4446,2620 4536,2620 4625,2614 4715,2614 4805,2614 4894,2614 4984,2614 5073,2608 5163,2608 5252,2608 5342,2608 5431,2608 5521,2608 5610,2608 5700,2608 5789,2608"/>
                <TextEquiv>
                    <Unicode>bat um die Erlaubnis ihr die wichtigsten Dramen</Unicode>
                </TextEquiv>
            </TextLine>
            <TextLine id="tr_1_tl_17" custom="readingOrder {index:16;}">
                <Coords points="3558,2815 5604,2868 5911,2841 5911,2678 3804,2683 3558,2751"/>
                <Baseline points="3575,2769 3587,2769 3676,2781 3766,2781 3855,2781 3945,2781 4035,2775 4124,2775 4214,2775 4303,2775 4393,2775 4482,2775 4572,2775 4661,2775 4751,2769 4840,2769 4930,2769 5019,2769 5109,2763 5198,2763 5288,2763 5378,2763 5467,2763 5557,2763 5646,2763 5736,2757 5825,2763 5915,2763"/>
                <TextEquiv>
                    <Unicode>von Grillparzer zu schicken, als die Schwester sich</Unicode>
                </TextEquiv>
            </TextLine>
            <TextLine id="tr_1_tl_18" custom="readingOrder {index:17;}">
                <Coords points="3564,2964 5583,2979 5686,2964 5689,2859 3567,2871"/>
                <Baseline points="3581,2936 3635,2936 3724,2936 3814,2936 3903,2936 3993,2936 4082,2936 4172,2930 4261,2930 4351,2930 4440,2930 4530,2930 4619,2924 4709,2924 4799,2930 4888,2924 4978,2924 5067,2924 5157,2918 5246,2924 5336,2924 5425,2918 5515,2918 5604,2918 5694,2924"/>
                <TextEquiv>
                    <Unicode>ihnen zugesellte. Man war in eine Seitengasse</Unicode>
                </TextEquiv>
            </TextLine>
            <TextLine id="tr_1_tl_19" custom="readingOrder {index:18;}">
                <Coords points="3570,3108 5858,3152 5838,2970 5059,3035 3570,2988"/>
                <Baseline points="3587,3085 3629,3085 3718,3085 3808,3085 3897,3085 3987,3085 4076,3085 4166,3079 4255,3085 4345,3085 4434,3079 4524,3079 4614,3079 4703,3079 4793,3079 4882,3079 4972,3079 5061,3074 5151,3074 5240,3074 5330,3074 5419,3074 5509,3074 5598,3074 5688,3074 5777,3074 5867,3068"/>
                <TextEquiv>
                    <Unicode>eingebogen und bald standen sie vor dem Tor eines</Unicode>
                </TextEquiv>
            </TextLine>
            <TextLine id="tr_1_tl_20" custom="readingOrder {index:19;}">
                <Coords points="3567,3272 5765,3239 5765,3160 5548,3137 3570,3178"/>
                <Baseline points="3587,3229 3623,3235 3712,3235 3802,3235 3891,3235 3981,3229 4070,3229 4160,3223 4249,3229 4339,3223 4428,3223 4518,3217 4608,3223 4697,3223 4787,3223 4876,3223 4966,3223 5055,3217 5145,3217 5234,3217 5324,3217 5413,3217 5503,3217 5592,3217 5682,3217 5771,3223"/>
                <TextEquiv>
                    <Unicode>dreistöckigen Hauses von mässigem Ansehen. Hier</Unicode>
                </TextEquiv>
            </TextLine>
            <TextLine id="tr_1_tl_21" custom="readingOrder {index:20;}">
                <Coords points="3576,3315 5753,3336 5718,3245 5566,3228 3576,3272"/>
                <Baseline points="3593,3306 3611,3312 3700,3312 3790,3312 3879,3312 3969,3312 4058,3306 4148,3306 4237,3306 4327,3306 4417,3306 4506,3306 4596,3300 4685,3300 4775,3300 4864,3300 4954,3300 5043,3300 5133,3300 5222,3294 5312,3294 5401,3294 5491,3294 5580,3294 5670,3294 5760,3294"/>
                <TextEquiv>
                    <Unicode>wohnte die Familie Labitzky und die Schwestern</Unicode>
                </TextEquiv>
            </TextLine>
            <TextLine id="tr_1_tl_22" custom="readingOrder {index:21;}">
                <Coords points="3567,3468 5809,3494 5812,3359 3570,3394"/>
                <Baseline points="3587,3462 3670,3467 3760,3467 3849,3462 3939,3462 4029,3462 4118,3462 4208,3462 4297,3462 4387,3462 4476,3462 4566,3450 4655,3456 4745,3456 4834,3456 4924,3456 5013,3456 5103,3456 5193,3456 5282,3456 5372,3450 5461,3450 5551,3450 5640,3450 5730,3450 5819,3456"/>
                <TextEquiv>
                    <Unicode>verabschiedeten sich von dem jungen Arzt. Sofie</Unicode>
                </TextEquiv>
            </TextLine>
            <TextLine id="tr_1_tl_23" custom="readingOrder {index:22;}">
                <Coords points="3564,3661 4351,3687 4656,3614 5282,3687 5721,3649 5724,3512 4928,3468 4351,3564 3567,3555"/>
                <Baseline points="3581,3617 3670,3623 3760,3617 3849,3617 3939,3617 4029,3617 4118,3617 4208,3617 4297,3617 4387,3611 4476,3611 4566,3611 4655,3611 4745,3611 4834,3605 4924,3605 5013,3605 5103,3605 5193,3605 5282,3605 5372,3599 5461,3599 5551,3599 5640,3599 5730,3599"/>
                <TextEquiv>
                    <Unicode>war freundlich, beinahe herzlich, Marie war kühlt</Unicode>
                </TextEquiv>
            </TextLine>
        </TextRegion>
    </Page>
</PcGts>
