6120 4120
5571 549 5732 675 26
3537 684 5811 869 Smoting Herr Dilenz, der junge, seither so bekannt
5207 828 5814 939 nicht selten.
3543 866 5858 1027 gewordene Schriftsteller,der damals
3551 1007 5802 1236 Hause Forlan verkehrte. Rudolf hatte ihn niemals
3560 1183 5797 1391 gut leiden können, er hatte schon damals gespürt,
3566 1344 5779 1509 dass Friederike in ihn verliebt war und war mit
3566 1520 5811 1685 den Eltern in seinem Kinderherzen recht froh, als
3560 1682 5767 1843 Dilenz nur zeitweilig in Zwischenräumen von Mo-
3774 1811 4130 1914 Eltern
3566 1823 5758 2025 naten im Hause erschien und endlich
3572 1966 5265 2154 ganz aus der Stadt verschwunden war.
4218 2143 5873 2374 Als der Vater wieder eintrat hatte
3572 2222 5800 2477 ein neuer Akt begonnen. Zwei Paare wandelten in
3566 2474 5700 2656 einem Garten auf und ab,Rudolf wusste, dass es
3578 2597 5779 2838 Faust und Gretchen, Mephisto und Frau Marthe wa-
3560 2788 5855 2976 ren. Bald verschwand das eine, bald das andere, in
3566 2932 5797 3149 irgend einem Augenblick aber geschah etwas Son-
3572 3123 5761 3287 derbares, eben das, woran sich Rudolf so lebhaft
3578 3261 5938 3452 und unheimlich erinnert fühlte. Faust und Mephistog-
3578 3410 5797 3584 der eine in Schwarz, der andere in Scharlach ge-
3572 3575 5802 3798 kleidet, waren hinter ein hohes Versatzstück ge-
