6152 4216
3507 542 5725 724 lich glühte sein Herz von einer unbestimmten Er.
3507 745 5742 933 wartung auf, in der er selbst seine Stirn, sei nen
3531 867 5757 1067 Blick, ja sein ganzes Wesen sich erhellen fühlte.
4115 1034 5760 1255 Kaum, dass man von Tische aufgestan¬
3519 1228 5671 1413 den war,setzte Friedericke sich an den Flügel.
3519 1374 5722 1573 Flüchtig, wie zur Uebung begann sie den Klavier-
3519 1526 5784 1696 part des Mendelsohnschen Trios anzuschlagens. Als
3519 1678 5903 1883 sie bald stockte, nahm sie die Noten her, die Mutter
3537 1851 5742 2003 blätterte um und ihrer Gewohnheit nach gab sie
3534 1985 5918 2196 durch taktgemässes Nicken und Blicke zu ihrem Sohn
3525 2134 5683 2336 ihr Einverständnis mit Friederickens Spiel und
3519 2318 5683 2473 zugleich auch mit der Komposition kund. Rudolf
3531 2464 5862 2649 trat heran; er hatte Lust mit der Schwester, wie er
3531 2608 5835 2771 es in früherer Zeit oft getan,vierhändig zu spie-
3537 2754 5701 2968 len und einigte sich auf einer der Bach'schen
3537 2897 5820 3090 Brandenburgischen Konzerte. Die Mutter hörte be-
4726 3052 4926 3165 sich
3507 3049 5713 3248 glückt zu, der Vater hatte xxx/in das dem Salon
3522 3212 5766 3415 benachbarte Ordinationszimmer zurückgezogen, aber
3519 3376 5736 3504 die Türe offen gelassen, so dass die Töne zu ihm
3507 3502 5719 3704 drangen, während er bei der grünbeschirmten Stu-
3496 3645 5886 3838 dierlampe ein medizinisches Journal durchblätterte.
