6120 4200
3001 281 3340 500 16.3.31
3539 521 5593 793 Und ohne ihr die Hand zu entziehen fragte er
3536 752 5558 924 in harmlosem Ton: "Na,hast du
3539 907 5253 1071 dich gestern Abend gut unterhalten.
3826 1056 5596 1231 "Wie meinst du das?" fragte sie rasch.
3855 1211 5786 1378 Jetzt erst erhob er den Blick zu ihr. Der
3528 1363 5733 1533 ihre war ein wenig unsicher, aber sogleich hatte
3501 1527 5133 1699 sie sich gefasst und sie bemerkte:
3914 1676 5774 1857 "Habe ich dir denn schon gesagt, dass der
3528 1852 4227 2024 Onkel da ist?
4001 1954 5250 2208 "Der Onkel? Welcher Onkel?"
4001 2124 5818 2320 "Er war schon vorgestern da und wir wa-
3507 2282 5818 2533 ren gestern mit ihm und dem Herrn Winterstein bei
3528 2463 4920 2644 ihm zum Nachtmahl eingeladen."
4086 2597 5815 2796 "So - Winterstein, das ist ja eine neue
3498 2761 5721 2948 Erscheinung. Und im übrigen glaube ich dir kein
3498 2940 3820 3118 Wort.
4110 3065 5677 3270 O.wie ungeschickt war er gewesen.
3487 3291 5844 3463 Er hatte sie ja ganz anders fragen und anders vor-
3498 3378 4136 3595 gehen wollen.
2235 3466 2431 3677 and
4086 3536 5625 3817 Sie schüttelte den Kopf ziemlich
