6168 4232
5569 476 5764 616 103
3426 554 5686 829 sann sich Rudolf,sein Organ war ihm aufgefallen.
3444 754 5506 961 Jetzt stand er ein paar Reihen hinter ihnen,
3444 910 5799 1086 Fräulein Saville sprach mit ihm, ihre Augen glühten
3438 1053 5554 1269 ineinander. "Ein hübscher Kerl“,sagte Rudolf.
3815 1209 5644 1392 Der Vorhang hob sich wieder. Eine Szene
3438 1356 5668 1565 aus "Nathan" diesmal, die sehr schülerhaft darge-
3432 1550 5584 1688 stellt wurde, besonders der Saladin war putzig.
3450 1676 5560 1879 Rudolf versuchte in der halben Dunkelheit das
3444 1843 5671 1987 programm zu lesen. Er entnahm daraus, dass Maria
3438 1966 5737 2146 erst in der vorletzten Programmnummer wieder auf-
3456 2119 5835 2286 treten würde. Was tat sie wohl in der Zwischenzeit?
3468 2268 5626 2466 Vorher kam noch eine Szene aus "Romeo". Er war
3438 2445 5740 2592 überzeugt, dass das junge Genie den spielen würde.
3450 2636 5668 2768 Aber das war doch nicht möglich, da er eben noch
3456 2801 5752 2918 im Zuschauerraum zu sehen war. Gert van Mysing sah
3444 2933 5680 3046 er auf dem Programm. Er erkundigte sich bei der
3444 3046 5850 3235 Schwester,ob am Ende der - - "Ja, das ist er schon."
3462 3220 5853 3385 „Er war doch eben erst... - „Das traut sich auch kein
3453 3328 5668 3501 Anderer, es ist auch eigentlich verboten.- "Sehr
3522 3459 5871 3666 mit Recht", sagte Rudolf mit übertriebener Strenge,
