6136 4104
3449 462 4118 627 re zu machen."
4016 561 5639 776 Rudolf fühlte es in diesem Augen¬
3461 734 5517 916 blick wie einen Stich im Herzen. Eigentlich,
3431 979 5785 1086 dachte er bei sich, ist er eine übelwollende Natur.
4004 1062 5738 1250 Ehe Doktor Forlan die Glocke zog,be-
3431 1220 5675 1399 merkte Claudius durchaus ohne Verlegenheit: "Ja
3449 1381 5523 1578 richtig, ich wollte Sie bitten mir bis morgen
3434 1537 5448 1743 zwölf Uhr mit ein paar Gulden auszuhelfen."
4019 1716 4765 1904 "Mit Vergnügen."
4034 1907 5765 2074 "Nicht etwa, weil ich mir einen Wagen
3431 2011 5624 2277 nehmen wollte, sondern weil ich genötigt bin in
3443 2178 5806 2345 einem Hotel zu übernachten. O, ich bin nicht obdach
3437 2360 5696 2500 los, Herr Doktor, aber es gibt Nächte,in denen man
3443 2488 5696 2650 unmöglich mit zwei Menschen in ein und demselben
3428 2638 5651 2844 Zimmer schlafen kann, selbst wenn es die eigenen
3437 2784 5696 2978 Brüder sind. Danke. Morgen Punkt zwölf Uhr. Sie
3428 2975 5824 3154 können sich darauf verlassen." Er steckte eine fünf
3440 3148 5768 3312 Gulden Banknote etwas zu nonchalant in die Westen-
3440 3270 5827 3506 tasche, dann wandte er sich und ging. [Er wird sicher
3434 3413 5451 3619 in den Füssen frieren, dachte Doktor Forlan.
