6104 4024
5474 389 5634 509 2 4
3935 552 5782 666 Der Medizinalrat bemerkte sachlich "Mit
3463 734 5736 802 Friederikens Befinden bin ich jetzt ganz zufrie-
3469 913 5711 981 den. Vorgestern war sie mit uns bei Windheimers,
3475 1021 5616 1129 gestern in der Oper bei "Manon" und sie spielt
3463 1212 5699 1292 wieder viel Klavier - natürlich gleich etwas zu
3463 1354 5844 1443 viel. Ja, diese Neigung gleich alles zu übertreiben
3488 1511 5819 1588 - - Bleib nur heroben, ich will dich in deiner Lek-
3475 1600 5896 1752 türe nicht weiter stören. Uebrigens ist Charcot mei-
3457 1844 5767 1940 nes Erachtens mit einiger Vorsicht zu gebrauchen,
3469 2008 5393 2072 besonders, wenn er über Hysterie spricht.“
3960 2140 5656 2245 "Das findet mein verehrter Herr Chef
3463 2313 4471 2415 auch", meinte Rudolf.
3944 2464 5659 2550 "Gerade zu diesem Thema wüssten wir
3469 2627 5878 2726 praktische Aerzte vielleicht Verlässlicheres
3469 2794 5714 2939 zu sagen als die Kliniker, die sich für den Fall
3463 2945 5942 3065 mehr zu interessieren pflegen, als für das Individuum
3463 3115 5711 3256 Solltest du dich nicht wieder einmal nach Tante
3469 3235 4623 3401 Emma umsehen,mein Sohn?"
4018 3392 5730 3608 Rudolf zuckte die Achseln. "Es fehlt
3451 3531 4777 3753 ihr ja nicht das Geringste.
