6152 4104
3580 526 5655 724 felten Mutter angewiesen blieb und auf
3585 724 5714 936 die eines siebzigjährigen Mannes, der in einem
3599 899 5675 1083 plötzlichen Lobsuchtsanfall seine Frau hatte
3599 1052 5788 1213 erschlagen wollen. Nach dem Gutachten des Poli-
3599 1173 5729 1383 zeiarztes handelte es sich zweifellos um Para-
3599 1349 5748 1566 lyse. Es wäre interessanter, dachte Doktor For-
3599 1513 5675 1694 lan, die Liebesstunde neu aufleben zu lassen,
3605 1699 5802 1886 der dieser Greis den traurigen Abschluss seines
3605 1844 5632 2008 Daseins verdankt. Wie lang mag es her sein?
3594 2002 5627 2188 Freissig, vierzig, fünfzig Jahre? War es eine
3616 2135 5777 2361 Strassendirne, die ihn krank gemacht hatte oder
3616 2338 5762 2494 seine Geliebte, an deren Treue er geglaubt hat?
3616 2474 5726 2649 Ist die Verderberin noch am Leben? Wie viele
3605 2604 5641 2816 vor ihm und nach ihm hat sie krank gemacht?
3602 2794 5700 2960 Lebt sie am Ende noch und in welchem Beruf,
3611 2881 5802 3102 in welcher Umgebung? Vielleicht als Grossmutter
3616 3122 5808 3246 würdig alternd zwischen Kindern und Kindeskin-
3616 3206 5796 3433 dern - denkt sie selbst noch an ihre Vergangen¬
3594 3345 5861 3577 heit zurück? Denkt sie an ihn? Und wenn es seine
3599 3506 5859 3786 Geliebte war, -wer war es, mit dem sie ihn betrog?
