6152 4264
5418 398 5650 570 104
3500 505 5736 769 Dann sah er auf den Zettel,-nicht Maria spielte
3507 717 4012 913 die Julie.
3926 738 5754 1047 Die Nathans-Szene wollte kein Ende neh-
3507 998 5715 1188 men. Rudolf erkundigte sich bei Fräulein Sofie.
3519 1148 5635 1360 wo heute die Mama und der Bruder blieben. Sie
3507 1292 5632 1528 waren beide da, aber sassen ganz wo anders, zu¬
3500 1452 5831 1629 sammen mit der Tante, die eine Oberstenswitwe war.
4701 1580 4958 1687 hinzu
3464 1642 5834 1798 "Und der Bub" setzte sie xxx, "ist mit einem Kolle-
3494 1746 5957 1936 gen da.- Rudolf blickte sich im Saale um,
3500 1890 5785 2107 Sie sassen doch alle wie
3513 2064 5761 2269 verzaubert da, wenn auch Etliche mit ganz leeren
3500 2230 5849 2386 und zerstreuten Gesichtern. Er selbst spürte jetzt
3494 2349 5803 2585 gar nichts als etwas Langeweile und Ungeduld. Und
3500 2502 5773 2704 doch war irgend etwas von Verzauberung dabei, ein
3513 2704 5874 2897 Bann, gegen den er sich nicht auflehnen, konn-
3507 2802 5754 3026 te, auch nicht wollte. Das kam jetzt kaum von der
3494 2964 5810 3154 Bühne her, von den kindischen, stümperhaften Schau-
3494 3133 5745 3311 spielern, die oben agierten, sondern mehr von den
3513 3286 5748 3415 Menschen rings um ihn, von dem Geruch, von der At-
3531 3412 5660 3626 mosphäre, von der Unwirklichkeit, in die alles
3562 3565 5727 3810 fersunken war. Oben auf der Bühne sprach jetzt
