6136 4088
5431 385 5605 550 29
3509 526 4792 685 Lerse oder noch schlechter?
4153 602 5883 847 In der nächsten Zwischentause schien
3509 773 5694 1021 die Bewegung im Saal noch lebhafter als in der
3521 981 5889 1152 vorigen. Man hätte denken, das ganze Publikum stell-
3509 1122 5737 1339 te eine grosse Familie vor. In den Seitengängen
3521 1320 5724 1491 bildeten sich Gruppen, Besuche von Sitz zu Sitz,
3521 1452 5712 1660 Reihe zu Reihe wurden abgestattet; meist waren
3521 1653 5856 1818 es junge Leute mit natürlichem oder auch zur Schau
3527 1843 5755 1962 getragenen, lebhaft künstlerischem Gebahren, in
5000 1925 5513 2045 lächerlich
3527 1987 5831 2124 der Kleidung gab es Uebergänge vom
3515 2133 5865 2329 Stutzerhaften bis zur betonten Nachlässigkeit,un-
3518 2237 5672 2442 ter den Mädchen sah man zierliche, aufgeputzte,
3521 2451 5779 2586 ärmliche Geschöpfe, solche, denen die Herkunft aus
3521 2592 5718 2757 dem guten Mittelstand anzusehen war, andere wie-
3521 2793 5785 2913 der, die den Geruch ihrer trübseligen Behausungen
3509 2931 5874 3065 in den Kleidern und in den Haaren zu tragen schie-
3515 3099 5972 3237 nen. Klaudius Dobold wusste Pianisten, Violinspieler,
3515 3191 5730 3444 Flötisten, Orgelspieler, Sänger, so behauptete er,
3515 3429 5764 3609 schon in ihrem Aeussern mit Sicherheit zu unter-
3512 3557 5789 3787 scheiden, nicht minder treffsicher fühlte er sich
