6152 4104
3480 439 5542 655 Wenn Sie lieber gehen wollen - für heute ja.
3494 617 5547 747 Und er erhob sich, In diesem Augenblick trat
3491 726 5768 922 eine junge Dame auf Claudius zu und begrüsste ihr
3474 896 5676 1082 lebhaft. Sie war mit einer etwas übertriebenen,
3480 1059 5556 1272 aber nicht sehr echten Eleganz gekleidet und
3480 1232 5613 1421 hatte türkisblaue Steine im Ohr; auch sprach
3491 1355 5742 1548 sie mit einem leichten französischen Abzent. Sie
3497 1556 5691 1717 begrüsste auch Maria und deren Schwester. Clau-
3480 1668 5585 1921 dius wurde vorgestellt, zugleich mit ihm auch
3497 1849 5648 2036 Doktor Rudolf Forlan und so fügte es sich, dass
3509 1996 5631 2194 Rudolf gerade in der Minute vor dem Fortgehen
3489 2153 5671 2352 mit der ganzen Familie bekannt gemacht wurde,
3503 2343 5711 2495 die Radewotzky hiess, ein Name, den er sich lange
3497 2527 5676 2665 nicht merken konnte. Die beiden jungen Damen
3503 2633 5800 2866 sprachen gleich zu ihm wie zu einem guten Freund,
3520 2794 5593 3009 es war, als wären sie während der Vorstellung
3514 2955 5754 3121 ganz vertraut miteinander geworden. Doktor For-
3512 3115 5659 3290 lan sagte ein paar freundliche Worte zu Maria
3520 3270 5829 3477 über ihre Darstellung der Kammerjungfer,die Maria
3520 3428 5760 3644 ziemlich gleichgültig aufnahm. Fräulein Margot
