6168 4088
5321 433 5472 605 15
3600 585 5733 751 ein Artikel zu lesen, der unter der Aufschrift
3617 742 5638 956 "Die Tragödie des Komibers" nicht nur einen
3617 908 5766 1086 ausführlichen,wenig zutreffenden Bericht über
3611 1092 5689 1226 den Krankheitsfall Matthäus Schwarz und eine
3600 1211 5956 1398 stimmungsvolle Schilderung der düsteren klinischen
3623 1415 5760 1561 Häume,sowie von ihren Insassen,von melancholi-
3606 1579 5730 1697 schen,tobsüchtigen, stumpfsinnigen Männern und
3600 1697 5748 1867 liebestollen Frauen enthielt, sondern auch den
4772 1849 5089 1944 sessen
3614 1861 5879 2068 grossen Irrenarzt selbst, dem Dobolt nur zwischen
3617 2042 5692 2235 Hür und Angel flüchtig begegnet war, als eine
3597 2208 5822 2383 Art von gütig-weisem Magier schilderte, der ver-
3597 2321 5766 2499 wünschene Seelen aus verschütteten Tiefen des
3600 2481 5704 2680 Wahns zu Vernunft und Klarheit empbrzuführen
3606 2656 5813 2846 wusste. Doktor Rudolf Forlan, von seinem Chef,ei-
3597 2825 5689 2982 nem abgesagten Feind der Oeffentlichkeit und
3597 2959 5852 3163 besonders der Journalisten, zur Rede gestellt,er-
3588 3146 5775 3312 klärte zuerst wahrheitsgemäss, dass der Verfas-
3600 3297 5861 3439 ser des Berichts ihm von seiner eigentlichen Ab-
3576 3407 5956 3623 sicht kein Wort verraten, von ihm selbstverständlich
3591 3614 5772 3819 auch keinerlei Informationen erhalten habe, wie
