6136 4344
5390 476 5578 694 119
1926 591 2340 798 doildoës
3552 658 5606 971 Ansch Anette war noch in seinem Leben. Er be-
3571 924 5698 1094 suchte sie kaum viel seltener als früher. Aber
3557 1086 5729 1237 das Sonderbare war, dass er sie in der Zwischen-
3552 1262 5659 1430 zeit, ob es sich nun um einen Tag oder um zwei
3557 1399 5667 1587 oder drei handelte,so völlig vergass, als wenn
3546 1559 5701 1732 sie gar nicht auf der Welt wäre. Auch verliess
3540 1674 5707 1858 er sie so bald als möglich und begab sich dann
3594 1847 4817 2049 in eins der Kaffeehäuser.
3879 2004 5642 2172 Einmal begegnete es ihm, dass er nachts
3540 2197 5561 2317 beim Durchblättern der Zeitungen im Kleinen
3552 2317 5614 2516 bendblatt die Notiz vorfand, die er vor mehr
3538 2502 5693 2670 als zehn Tagen schon auf Dobolds Ersuchen über
3546 2656 5676 2830 die Vorstellung der Schauspielschule verfasst
3543 2818 5768 2961 und eingesandt hatte. Es war ihm sonderbar seine
3526 2953 5698 3101 eigenen Worte gedruckt wiederzufinden und nach
3532 3123 5690 3272 den ersten Zeilen erkannte er sie nicht gleich
3521 3255 5768 3434 wieder. Er hatte ein Gefühl der Verwunderung und
3529 3389 5712 3540 erst bei einer bestimmten Stelle würde ihm das,
3515 3529 5648 3706 was er geschrieben, gewissemmassen lebendig. Im
