6152 4232
3052 342 3361 546 2/4. 1931
3697 549 5706 744 dass er von Annette nicht los kam. Er fand
3703 704 5836 908 für sich die Ausflucht, dass sie aufgehört hat-
3692 908 5805 1078 te seine Geliebte zu sein, dass er sie einfach
3689 1041 5768 1253 als Dirne nahm, deren Seele, ja deren äusserer
3672 1231 5765 1429 Lebenswandel nicht xxx das Geringste mehr für
3646 1363 5799 1559 ihn bedeutete. So strafte er sie für ihre Un-
3683 1522 5833 1723 treue, sie wusste nicht einmal etwas von dieser
3663 1677 5819 1884 Erniedrigung, zu der er sie verurteilt hatte
3669 1830 5853 2025 und überdies war es möglich, dass sie die Verur¬
3672 2008 5779 2187 teilung gar nicht verdiente. Vielleicht würde
3663 2170 5788 2334 er ihr all das zum Abschied sagen. Dabei aber
3658 2294 5779 2506 sprach sie in dieser Zeit mehr vom Zurückkom-
3649 2495 5864 2670 men als von der Abreise, ja sie schwor ihm immer
3646 2600 5807 2809 wieder, dass sie ihm während seiner Abwesendeit
3652 2755 5819 2965 treu sein wolle und würde. Jedenfalls nahm
3652 2939 5689 3106 er den Schwur nicht an und sich selbst ver-
3635 3103 5805 3287 pflichtete er noch viel weniger. Ja, er dachte
3624 3250 5895 3443 sogar an die Möglichkeit, dass er bis dahin schon
3641 3406 5850 3646 verheiratet sein könnte. Niemals noch hatte ihm
