6152 4136
5494 410 5645 545 55
3632 531 5753 741 Hoffnung, dass sie am ersten Jänner als Tanz-
3654 746 5519 892 sängerin in die Welt hinausziehen würde.
3976 881 5640 1049 Da er den Dienst für heute schon an
3654 1016 5805 1223 Doktor Kirschbaum übergeben hatte, war er frei,
3665 1201 3844 1305 und
3668 1198 5827 1374 entschloss sich heute Abend den braven Sohn zu
3660 1366 5813 1603 spielen oder es war zu sein und nach einem an-
3674 1520 5604 1743 genehmen,geradezu wohltuenden Spaziergang
3660 1696 5686 1831 durch die frisch überschneiten Strassen der
3679 1840 5742 2032 inneren Stadt erschien er um acht Uhr im El-
3674 2021 4158 2181 ternhause.
4092 2145 5835 2354 Der Vater war noch nicht anwesend. So
3679 2310 5893 2517 sass er zuerst mit Mutter und Schwester in
3679 2465 5854 2688 in dem erst vor kurzem neu
3674 2655 5841 2784 mit lichtgrünen,seiden-
3679 2781 5662 3004 artigen Tapeten,hellen Vorhängen freundlich
3690 2963 5675 3153 eingerichteten Salon. Der noch ungewohnte
3690 3114 5835 3304 freundliche Anblick überraschte ihn immer wie-
3685 3238 5670 3445 der von neuem, denn in der Erinnerung hatte
3690 3415 5835 3577 er immer noch den dunkelroten Plüsch, die all-
5320 3530 5626 3624 Wallenden
3685 3572 5830 3778 zu gewichtigen Fauteuils, die schweren Fenster-
