<?xml version="1.0" encoding="UTF-8" standalone="yes"?>
<PcGts xmlns="http://schema.primaresearch.org/PAGE/gts/pagecontent/2013-07-15" xmlns:xsi="http://www.w3.org/2001/XMLSchema-instance" xsi:schemaLocation="http://schema.primaresearch.org/PAGE/gts/pagecontent/2013-07-15 http://schema.primaresearch.org/PAGE/gts/pagecontent/2013-07-15/pagecontent.xsd">
    <Metadata>
        <Creator>prov=READ-COOP:name=TrHtr:version=2.1.0:model_id=51170:date=28_07_2023_01:42</Creator>
        <Created>2023-05-10T11:13:09.072+02:00</Created>
        <LastChange>2023-07-28T01:42:08.482+02:00</LastChange>
        <TranskribusMetadata docId="1428132" pageId="55384686" pageNr="112" tsid="131312883" status="IN_PROGRESS" userId="64420" imgUrl="https://files.transkribus.eu/Get?id=IKWYLZLFISAAZSQOFCPGDBFU&amp;fileType=view" xmlUrl="https://files.transkribus.eu/Get?id=VIZLYLWGKVNDQEZHFABKWUEV" imageId="44659585"/>
    </Metadata>
    <Page imageFilename="1428132_0112.jpg" imageWidth="6203" imageHeight="4008">
        <ReadingOrder>
            <OrderedGroup id="ro_1711824727686" caption="Regions reading order">
                <RegionRefIndexed index="0" regionRef="tr_1"/>
            </OrderedGroup>
        </ReadingOrder>
        <TextRegion id="tr_1" custom="readingOrder {index:0;}">
            <Coords points="1228,349 5916,349 5916,3707 1228,3707"/>
            <TextLine id="tr_1_tl_1" custom="readingOrder {index:0;}">
                <Coords points="5450,507 5496,504 5524,478 5547,495 5559,487 5576,495 5644,490 5636,326 5553,329 5507,306 5498,315 5484,312 5470,329 5435,329"/>
                <Baseline points="5457,399 5546,399 5636,411 5648,411"/>
                <TextEquiv>
                    <Unicode>111</Unicode>
                </TextEquiv>
            </TextLine>
            <TextLine id="tr_1_tl_2" custom="readingOrder {index:1;}">
                <Coords points="1713,630 1747,610 1861,630 1919,596 2002,627 2065,596 2136,621 2171,593 2271,639 2334,607 2403,639 2474,619 2471,478 2440,487 2406,452 2162,473 1973,450 1919,478 1887,447 1836,473 1710,450"/>
                <Baseline points="1729,578 1819,584 1908,584 1998,584 2087,584 2176,584 2266,590 2355,590 2445,596 2481,596"/>
                <TextEquiv>
                    <Unicode>betreideft alwad</Unicode>
                </TextEquiv>
            </TextLine>
            <TextLine id="tr_1_tl_3" custom="readingOrder {index:2;}">
                <Coords points="3591,610 3749,670 5854,659 5851,510 5527,478 3591,493"/>
                <Baseline points="3608,608 3697,608 3787,608 3876,614 3966,614 4055,614 4145,614 4234,620 4324,620 4413,620 4503,620 4592,620 4681,620 4771,620 4860,620 4950,626 5039,626 5129,626 5218,626 5308,626 5397,626 5487,632 5576,632 5666,632 5755,632 5845,632 5862,632"/>
                <TextEquiv>
                    <Unicode>fragte sie,ob sie schon Verhandlungen angeknüpft</Unicode>
                </TextEquiv>
            </TextLine>
            <TextLine id="tr_1_tl_4" custom="readingOrder {index:3;}">
                <Coords points="1707,776 1976,756 2068,796 2125,750 2239,773 2323,750 2497,788 2497,679 2348,670 2174,596 2113,630 1924,596 1750,673 1704,656"/>
                <Baseline points="1723,745 1813,745 1902,739 1992,745 2081,745 2171,745 2260,745 2349,751 2439,757 2505,763"/>
                <TextEquiv>
                    <Unicode>einw sie iswässig</Unicode>
                </TextEquiv>
            </TextLine>
            <TextLine id="tr_1_tl_5" custom="readingOrder {index:4;}">
                <Coords points="3580,805 3611,810 3657,785 3737,825 3757,816 3800,825 3840,802 3869,810 3866,684 3820,679 3780,650 3737,676 3714,662 3577,676"/>
                <Baseline points="3596,763 3685,763 3775,763 3864,775 3876,769"/>
                <TextEquiv>
                    <Unicode>habe.</Unicode>
                </TextEquiv>
            </TextLine>
            <TextLine id="tr_1_tl_6" custom="readingOrder {index:5;}">
                <Coords points="4009,951 4565,931 5229,999 5433,951 5607,1008 5725,968 5725,822 5593,859 5447,796 5318,862 5029,808 4900,862 4774,799 4588,859 4424,785 4006,802"/>
                <Baseline points="4025,924 4115,924 4204,924 4294,924 4383,924 4473,924 4562,924 4652,930 4741,930 4831,930 4920,930 5010,930 5099,930 5188,936 5278,936 5367,936 5457,942 5546,942 5636,948 5725,960 5731,960"/>
                <TextEquiv>
                    <Unicode>"Anträge hat man ja immer", sagte sie.</Unicode>
                </TextEquiv>
            </TextLine>
            <TextLine id="tr_1_tl_7" custom="readingOrder {index:6;}">
                <Coords points="3626,1100 5908,1157 5845,959 5438,1034 4828,965 4662,1031 3623,999"/>
                <Baseline points="3638,1067 3727,1067 3817,1067 3906,1067 3996,1073 4085,1073 4175,1073 4264,1079 4353,1079 4443,1079 4532,1079 4622,1079 4711,1079 4801,1085 4890,1085 4980,1085 5069,1085 5159,1085 5248,1091 5338,1091 5427,1097 5516,1097 5606,1097 5695,1097 5785,1091 5874,1097 5916,1097"/>
                <TextEquiv>
                    <Unicode>„Aber ich wart lieber noch es lauft einem ja nichts</Unicode>
                </TextEquiv>
            </TextLine>
            <TextLine id="tr_1_tl_8" custom="readingOrder {index:7;}">
                <Coords points="3597,1297 3640,1300 3686,1269 3714,1280 3786,1246 3823,1251 3869,1286 3898,1266 3946,1274 3943,1128 3923,1125 3900,1146 3780,1134 3734,1151 3691,1137 3660,1163 3634,1154 3614,1177 3597,1174"/>
                <Baseline points="3614,1222 3703,1222 3793,1222 3882,1228 3954,1228"/>
                <TextEquiv>
                    <Unicode>davon."</Unicode>
                </TextEquiv>
            </TextLine>
            <TextLine id="tr_1_tl_9" custom="readingOrder {index:8;}">
                <Coords points="3998,1423 5759,1423 5756,1337 5667,1323 5312,1332 4923,1243 4456,1300 4290,1229 3995,1231"/>
                <Baseline points="4013,1377 4103,1377 4192,1377 4282,1377 4371,1377 4461,1383 4550,1383 4640,1389 4729,1389 4819,1389 4908,1389 4998,1389 5087,1395 5177,1395 5266,1395 5355,1395 5445,1395 5534,1395 5624,1401 5713,1401 5767,1407"/>
                <TextEquiv>
                    <Unicode>Warum wartet sie, dachte Rudolf und er</Unicode>
                </TextEquiv>
            </TextLine>
            <TextLine id="tr_1_tl_10" custom="readingOrder {index:9;}">
                <Coords points="3583,1569 5728,1592 5685,1469 3580,1395"/>
                <Baseline points="3596,1520 3685,1520 3775,1526 3864,1526 3954,1526 4043,1532 4133,1538 4222,1538 4312,1538 4401,1538 4491,1538 4580,1538 4670,1538 4759,1544 4848,1544 4938,1544 5027,1544 5117,1544 5206,1544 5296,1544 5385,1544 5475,1550 5564,1550 5654,1556 5731,1556"/>
                <TextEquiv>
                    <Unicode>war überzeugt, dass es ihr nur darauf ankam an</Unicode>
                </TextEquiv>
            </TextLine>
            <TextLine id="tr_1_tl_11" custom="readingOrder {index:10;}">
                <Coords points="3591,1721 5750,1733 5750,1644 5481,1607 3591,1624"/>
                <Baseline points="3608,1681 3697,1681 3787,1681 3876,1681 3966,1681 4055,1681 4145,1681 4234,1687 4324,1687 4413,1687 4503,1687 4592,1687 4681,1687 4771,1693 4860,1693 4950,1693 5039,1693 5129,1699 5218,1699 5308,1699 5397,1699 5487,1699 5576,1699 5666,1699 5755,1705 5761,1699"/>
                <TextEquiv>
                    <Unicode>dieselbe Bühne mit diesem fürchterlichen Herrn</Unicode>
                </TextEquiv>
            </TextLine>
            <TextLine id="tr_1_tl_12" custom="readingOrder {index:11;}">
                <Coords points="3597,1856 5899,1864 5899,1787 5510,1755 4430,1796 3597,1724"/>
                <Baseline points="3614,1825 3703,1831 3793,1831 3882,1831 3972,1831 4061,1837 4151,1837 4240,1837 4330,1842 4419,1842 4509,1842 4598,1842 4687,1842 4777,1842 4866,1842 4956,1848 5045,1848 5135,1848 5224,1848 5314,1848 5403,1848 5493,1848 5582,1854 5672,1854 5761,1854 5850,1854 5904,1854"/>
                <TextEquiv>
                    <Unicode>von Mysing engagiert zu werden. Im mächsten Augen-</Unicode>
                </TextEquiv>
            </TextLine>
            <TextLine id="tr_1_tl_13" custom="readingOrder {index:12;}">
                <Coords points="3574,2030 5748,2033 5748,1930 5587,1902 3574,1924"/>
                <Baseline points="3590,1980 3679,1980 3769,1986 3858,1986 3948,1986 4037,1986 4127,1986 4216,1986 4306,1992 4395,1992 4485,1992 4574,1992 4664,1992 4753,1992 4843,1992 4932,1998 5021,1998 5111,2004 5200,2004 5290,2004 5379,2004 5469,2009 5558,2009 5648,2009 5737,2009 5755,2015"/>
                <TextEquiv>
                    <Unicode>blick fühlte er, dass seine Eifersucht in jedem</Unicode>
                </TextEquiv>
            </TextLine>
            <TextLine id="tr_1_tl_14" custom="readingOrder {index:13;}">
                <Coords points="3585,2168 5728,2208 5725,2079 3585,2050"/>
                <Baseline points="3602,2129 3691,2135 3781,2135 3870,2135 3960,2135 4049,2135 4139,2135 4228,2141 4318,2147 4407,2141 4497,2147 4586,2141 4676,2147 4765,2147 4854,2153 4944,2153 5033,2153 5123,2153 5212,2159 5302,2159 5391,2159 5481,2159 5570,2159 5660,2159 5731,2153"/>
                <TextEquiv>
                    <Unicode>Falle vollkommen töricht sei. Warum gerade My-</Unicode>
                </TextEquiv>
            </TextLine>
            <TextLine id="tr_1_tl_15" custom="readingOrder {index:14;}">
                <Coords points="3574,2305 5699,2357 5696,2245 5622,2225 3574,2182"/>
                <Baseline points="3590,2290 3679,2290 3769,2290 3858,2290 3948,2296 4037,2296 4127,2296 4216,2296 4306,2296 4395,2296 4485,2302 4574,2302 4664,2302 4753,2308 4843,2308 4932,2308 5021,2308 5111,2308 5200,2308 5290,2314 5379,2314 5469,2314 5558,2314 5648,2320 5707,2320"/>
                <TextEquiv>
                    <Unicode>sing. Von ihren anderen Kollegen kam freilich</Unicode>
                </TextEquiv>
            </TextLine>
            <TextLine id="tr_1_tl_16" custom="readingOrder {index:15;}">
                <Coords points="3571,2512 5736,2494 5733,2368 4012,2406 3568,2340"/>
                <Baseline points="3584,2439 3674,2445 3763,2445 3852,2445 3942,2445 4031,2445 4121,2451 4210,2451 4300,2451 4389,2451 4479,2457 4568,2457 4658,2457 4747,2457 4837,2463 4926,2463 5015,2463 5105,2463 5194,2463 5284,2469 5373,2469 5463,2469 5552,2469 5642,2475 5731,2475 5743,2475"/>
                <TextEquiv>
                    <Unicode>keiner in Betracht. Aber warum denn gerade ein</Unicode>
                </TextEquiv>
            </TextLine>
            <TextLine id="tr_1_tl_17" custom="readingOrder {index:16;}">
                <Coords points="3568,2623 5599,2666 5599,2549 5501,2529 3654,2494 3568,2552"/>
                <Baseline points="3584,2582 3674,2588 3763,2594 3852,2600 3942,2600 4031,2600 4121,2606 4210,2606 4300,2606 4389,2606 4479,2606 4568,2612 4658,2612 4747,2612 4837,2612 4926,2612 5015,2618 5105,2618 5194,2618 5284,2618 5373,2624 5463,2624 5552,2624 5606,2630"/>
                <TextEquiv>
                    <Unicode>Schauspieler? Es gab doch zweifellos andere</Unicode>
                </TextEquiv>
            </TextLine>
            <TextLine id="tr_1_tl_18" custom="readingOrder {index:17;}">
                <Coords points="3557,2755 4276,2832 4854,2769 5748,2806 5745,2732 5530,2680 3557,2683"/>
                <Baseline points="3572,2737 3662,2749 3751,2749 3841,2755 3930,2755 4019,2761 4109,2761 4198,2761 4288,2761 4377,2767 4467,2767 4556,2767 4646,2767 4735,2767 4825,2767 4914,2767 5004,2773 5093,2773 5182,2773 5272,2773 5361,2773 5451,2773 5540,2779 5630,2779 5719,2779 5755,2773"/>
                <TextEquiv>
                    <Unicode>Menschen in ihrem Leben. Es war doch höchst un-</Unicode>
                </TextEquiv>
            </TextLine>
            <TextLine id="tr_1_tl_19" custom="readingOrder {index:18;}">
                <Coords points="3574,2938 5490,2981 5690,2961 5690,2872 3571,2801"/>
                <Baseline points="3590,2904 3679,2904 3769,2904 3858,2910 3948,2910 4037,2910 4127,2916 4216,2916 4306,2916 4395,2922 4485,2922 4574,2916 4664,2916 4753,2922 4843,2922 4932,2928 5021,2922 5111,2928 5200,2928 5290,2928 5379,2928 5469,2928 5558,2928 5648,2934 5695,2940"/>
                <TextEquiv>
                    <Unicode>wahrscheinlich, dass sie nicht einen Liebhaber</Unicode>
                </TextEquiv>
            </TextLine>
            <TextLine id="tr_1_tl_20" custom="readingOrder {index:19;}">
                <Coords points="3557,3076 5332,3101 5768,3182 5736,2987 3557,3016"/>
                <Baseline points="3572,3059 3662,3059 3751,3059 3841,3065 3930,3059 4019,3065 4109,3071 4198,3071 4288,3071 4377,3077 4467,3077 4556,3077 4646,3077 4735,3077 4825,3077 4914,3077 5004,3077 5093,3077 5182,3083 5272,3083 5361,3083 5451,3083 5540,3089 5630,3089 5719,3089 5773,3101"/>
                <TextEquiv>
                    <Unicode>hatte. Aber was ging ihn das an? Dann fragte er</Unicode>
                </TextEquiv>
            </TextLine>
            <TextLine id="tr_1_tl_21" custom="readingOrder {index:20;}">
                <Coords points="3563,3270 4012,3216 5670,3265 5636,3121 5246,3193 3560,3121"/>
                <Baseline points="3578,3208 3668,3214 3757,3214 3846,3214 3936,3214 4025,3214 4115,3214 4204,3214 4294,3220 4383,3220 4473,3220 4562,3220 4652,3220 4741,3220 4831,3226 4920,3226 5010,3226 5099,3226 5188,3226 5278,3232 5367,3232 5457,3238 5546,3238 5636,3238 5678,3238"/>
                <TextEquiv>
                    <Unicode>sie, wann und was sie wieder spielen werde. Er</Unicode>
                </TextEquiv>
            </TextLine>
            <TextLine id="tr_1_tl_22" custom="readingOrder {index:21;}">
                <Coords points="3580,3382 5770,3451 5748,3310 3577,3276"/>
                <Baseline points="3596,3357 3685,3363 3775,3363 3864,3369 3954,3369 4043,3369 4133,3369 4222,3369 4312,3369 4401,3369 4491,3375 4580,3375 4670,3369 4759,3375 4848,3375 4938,3375 5027,3381 5117,3381 5206,3381 5296,3381 5385,3381 5475,3387 5564,3387 5654,3387 5743,3393 5779,3393"/>
                <TextEquiv>
                    <Unicode>erfuhr, dass xxx erst xx vor Ostern die nächsten</Unicode>
                </TextEquiv>
            </TextLine>
            <TextLine id="tr_1_tl_23" custom="readingOrder {index:22;}">
                <Coords points="3563,3534 5553,3603 5736,3565 5736,3497 3989,3457 3806,3394 3560,3454"/>
                <Baseline points="3578,3518 3668,3512 3757,3518 3846,3518 3936,3518 4025,3518 4115,3518 4204,3524 4294,3524 4383,3530 4473,3530 4562,3524 4652,3530 4741,3530 4831,3530 4920,3530 5010,3530 5099,3530 5188,3536 5278,3536 5367,3536 5457,3536 5546,3536 5636,3542 5725,3548 5743,3548"/>
                <TextEquiv>
                    <Unicode>Schülervorstellungen wieder stattfinden würden</Unicode>
                </TextEquiv>
            </TextLine>
            <TextLine id="tr_1_tl_24" custom="readingOrder {index:23;}">
                <Coords points="1214,3600 1283,3577 1392,3611 1452,3568 1486,3577 1558,3551 1595,3568 1629,3554 1701,3585 1695,3459 1615,3479 1546,3477 1526,3459 1475,3474 1360,3405 1326,3419 1274,3405 1243,3436 1209,3436"/>
                <Baseline points="1228,3518 1318,3524 1407,3524 1497,3530 1586,3536 1675,3536 1705,3530"/>
                <TextEquiv>
                    <Unicode>bei.n</Unicode>
                </TextEquiv>
            </TextLine>
            <TextLine id="tr_1_tl_25" custom="readingOrder {index:24;}">
                <Coords points="3563,3740 4934,3686 5172,3769 5796,3763 5796,3643 5659,3623 3563,3591"/>
                <Baseline points="3578,3668 3668,3668 3757,3668 3846,3668 3936,3674 4025,3674 4115,3674 4204,3674 4294,3679 4383,3674 4473,3679 4562,3679 4652,3679 4741,3679 4831,3679 4920,3679 5010,3679 5099,3679 5188,3679 5278,3685 5367,3679 5457,3685 5546,3685 5636,3691 5725,3685 5803,3697"/>
                <TextEquiv>
                    <Unicode>und Anfang Juli kamen dann die Schlussprüfungen.</Unicode>
                </TextEquiv>
            </TextLine>
        </TextRegion>
    </Page>
</PcGts>
