6152 4088
5567 402 5719 573 16
3534 529 5843 778 denn der Artikel auch nur wenig Tatsächliches und
3528 734 5778 908 dies Wenige in ungenauer und meist sentimentaler
3528 905 5722 1102 Entkleidung gebracht hatte und insbesondere der
3540 1075 5755 1240 Chef dem von Dobolt entworfenen Porträt kaum in
3540 1243 5710 1422 einem Zuge glich; trotzdem liess sich der Pro-
3522 1360 5716 1557 fessor nur mit Mühe bewegen von einer Berichti-
3522 1557 5755 1736 gung an die Zeitung abzusehen. Rudolf, ärgerlich
3528 1716 5802 1851 über die Unannehmlichkeit, die er Herrn Dobolt zu
3534 1851 5822 2012 danken hatte, schrieb diesem einen zurechtweisen-
3528 2015 5705 2162 den Brief, liess sich aber wenige
3522 2174 5784 2321 Tage darauf durch einen persönlichen Entschuldi-
3516 2312 5737 2482 gungsbesuch Dobolts und durch die Geschicklich-
3519 2500 5575 2670 keit beruhigen, mit der der Journalist seine
3534 2603 5749 2805 kleine Verfehlung gar nicht zu beschönigen,son-
3522 2796 5843 2987 dern nur durch seine abhängige Stellung und mit dem
3525 2946 5758 3126 Eigensinn des Chefredakteurs zu erklären xxxx
3510 3076 5793 3293 wusste. Rudolf, der sich nicht gleich ver-
3510 3243 5875 3428 söhnt zeigen wollte, wies auf einige ganz lächerli-
3516 3422 5772 3604 che Ungenauigkeiten und für den Fachmann unfass
3522 3543 5837 3769 bare Missverständnisse hin, die der im übrigen ge-
