<?xml version="1.0" encoding="UTF-8" standalone="yes"?>
<PcGts xmlns="http://schema.primaresearch.org/PAGE/gts/pagecontent/2013-07-15" xmlns:xsi="http://www.w3.org/2001/XMLSchema-instance" xsi:schemaLocation="http://schema.primaresearch.org/PAGE/gts/pagecontent/2013-07-15 http://schema.primaresearch.org/PAGE/gts/pagecontent/2013-07-15/pagecontent.xsd">
    <Metadata>
        <Creator>prov=READ-COOP:name=TrHtr:version=2.1.0:model_id=51170:date=28_07_2023_01:41</Creator>
        <Created>2023-05-10T11:12:56.677+02:00</Created>
        <LastChange>2023-07-28T01:41:40.728+02:00</LastChange>
        <TranskribusMetadata docId="1428132" pageId="55384352" pageNr="43" tsid="131312814" status="IN_PROGRESS" userId="64420" imgUrl="https://files.transkribus.eu/Get?id=UQLKZNKSNHHQCVPPDHVGEMAO&amp;fileType=view" xmlUrl="https://files.transkribus.eu/Get?id=LSHFNFDRTWTRITIHJLUXUISM" imageId="44659252"/>
    </Metadata>
    <Page imageFilename="1428132_0043.jpg" imageWidth="6152" imageHeight="4072">
        <ReadingOrder>
            <OrderedGroup id="ro_1711824614264" caption="Regions reading order">
                <RegionRefIndexed index="0" regionRef="tr_1"/>
            </OrderedGroup>
        </ReadingOrder>
        <TextRegion id="tr_1" custom="readingOrder {index:0;}">
            <Coords points="3373,493 5952,493 5952,3729 3373,3729"/>
            <TextLine id="tr_1_tl_1" custom="readingOrder {index:0;}">
                <Coords points="5573,570 5600,573 5609,558 5645,570 5651,561 5666,564 5669,558 5717,567 5738,561 5726,426 5693,429 5684,438 5660,423 5654,429 5642,420 5612,417 5594,426 5582,417 5561,417"/>
                <Baseline points="5588,543 5678,549 5743,555"/>
                <TextEquiv>
                    <Unicode>44</Unicode>
                </TextEquiv>
            </TextLine>
            <TextLine id="tr_1_tl_2" custom="readingOrder {index:1;}">
                <Coords points="3508,786 5717,735 5720,561 4979,480 4682,579 3514,573"/>
                <Baseline points="3528,752 3576,752 3665,752 3755,752 3845,746 3934,746 4024,746 4113,746 4203,746 4292,740 4382,740 4472,740 4561,740 4651,734 4740,734 4830,734 4919,728 5009,728 5098,728 5188,722 5278,722 5367,722 5457,716 5546,716 5636,716 5725,716"/>
                <TextEquiv>
                    <Unicode>Hause verkehrt hatten. Claudius Dobold gestand,</Unicode>
                </TextEquiv>
            </TextLine>
            <TextLine id="tr_1_tl_3" custom="readingOrder {index:2;}">
                <Coords points="3517,921 3779,996 4097,909 5849,930 5852,774 4901,861 3752,873 3517,804"/>
                <Baseline points="3534,907 3618,913 3707,913 3797,913 3886,907 3976,907 4066,907 4155,907 4245,901 4334,907 4424,901 4513,901 4603,895 4692,895 4782,895 4872,895 4961,889 5051,889 5140,883 5230,883 5319,883 5409,883 5498,883 5588,877 5678,877 5767,877 5857,877"/>
                <TextEquiv>
                    <Unicode>dass er seit längerer Zeit an einem Drama arbeite.</Unicode>
                </TextEquiv>
            </TextLine>
            <TextLine id="tr_1_tl_4" custom="readingOrder {index:3;}">
                <Coords points="3517,1128 5849,1074 5852,936 4016,1029 3517,981"/>
                <Baseline points="3534,1062 3618,1068 3707,1068 3797,1068 3886,1068 3976,1068 4066,1062 4155,1062 4245,1062 4334,1056 4424,1056 4513,1056 4603,1056 4692,1050 4782,1050 4872,1050 4961,1044 5051,1044 5140,1044 5230,1038 5319,1038 5409,1038 5498,1038 5588,1038 5678,1032 5767,1032 5857,1038"/>
                <TextEquiv>
                    <Unicode>Leider sei er so angehängt, wie er sich ausdrückte,</Unicode>
                </TextEquiv>
            </TextLine>
            <TextLine id="tr_1_tl_5" custom="readingOrder {index:4;}">
                <Coords points="3523,1258 5531,1252 5696,1237 5696,1140 3523,1158"/>
                <Baseline points="3540,1223 3552,1223 3642,1229 3731,1229 3821,1229 3910,1223 4000,1223 4089,1223 4179,1218 4269,1223 4358,1218 4448,1218 4537,1218 4627,1212 4716,1212 4806,1212 4895,1206 4985,1206 5075,1206 5164,1206 5254,1200 5343,1200 5433,1200 5522,1200 5612,1200 5701,1200"/>
                <TextEquiv>
                    <Unicode>dass ihm zum freien Schaffen kaum Zeit bleibe.</Unicode>
                </TextEquiv>
            </TextLine>
            <TextLine id="tr_1_tl_6" custom="readingOrder {index:5;}">
                <Coords points="3508,1480 3908,1381 5744,1396 5744,1261 5618,1228 5018,1315 3511,1306"/>
                <Baseline points="3528,1367 3618,1385 3707,1385 3797,1379 3886,1373 3976,1379 4066,1379 4155,1373 4245,1373 4334,1373 4424,1373 4513,1373 4603,1367 4692,1373 4782,1373 4872,1367 4961,1367 5051,1361 5140,1361 5230,1367 5319,1361 5409,1361 5498,1361 5588,1361 5678,1367 5749,1373"/>
                <TextEquiv>
                    <Unicode>"Wenn es Sie interessiert, Herr Doktor, lasse ich,</Unicode>
                </TextEquiv>
            </TextLine>
            <TextLine id="tr_1_tl_7" custom="readingOrder {index:6;}">
                <Coords points="3764,1471 3785,1471 3842,1510 3881,1483 3896,1495 3929,1495 3992,1477 3992,1396 3956,1390 3941,1402 3908,1381 3887,1402 3878,1393 3860,1405 3812,1399 3797,1408 3785,1396 3764,1402"/>
                <Baseline points="3779,1462 3868,1462 3958,1462 4000,1462"/>
                <TextEquiv>
                    <Unicode>Sie</Unicode>
                </TextEquiv>
            </TextLine>
            <TextLine id="tr_1_tl_8" custom="readingOrder {index:7;}">
                <Coords points="3526,1627 3716,1612 3818,1666 3908,1609 3977,1639 4295,1540 4712,1558 4805,1525 4808,1453 4724,1486 4136,1447 3842,1510 3532,1462"/>
                <Baseline points="3546,1546 3558,1546 3648,1546 3737,1540 3827,1540 3916,1540 4006,1534 4095,1534 4185,1534 4275,1528 4364,1528 4454,1528 4543,1522 4633,1522 4722,1528 4812,1510"/>
                <TextEquiv>
                    <Unicode>es gelegentlich lesen."</Unicode>
                </TextEquiv>
            </TextLine>
            <TextLine id="tr_1_tl_9" custom="readingOrder {index:8;}">
                <Coords points="4106,1729 5591,1699 5591,1567 5300,1534 4814,1516 4394,1630 4109,1612"/>
                <Baseline points="4125,1665 4215,1683 4304,1683 4394,1677 4483,1677 4573,1677 4663,1677 4752,1677 4842,1677 4931,1677 5021,1677 5110,1671 5200,1671 5290,1671 5379,1671 5469,1671 5558,1671 5600,1677"/>
                <TextEquiv>
                    <Unicode>"Ich habe aber gar kein Urteil",</Unicode>
                </TextEquiv>
            </TextLine>
            <TextLine id="tr_1_tl_10" custom="readingOrder {index:9;}">
                <Coords points="3523,1870 3749,1906 3866,1855 4100,1888 4202,1846 4358,1912 4499,1867 4499,1804 4457,1780 4265,1792 4082,1726 4013,1759 3740,1735 3577,1804 3523,1789"/>
                <Baseline points="3540,1850 3612,1850 3701,1850 3791,1850 3880,1844 3970,1844 4060,1844 4149,1844 4239,1838 4328,1844 4418,1844 4507,1844"/>
                <TextEquiv>
                    <Unicode>sagte Doktor Forlan.</Unicode>
                </TextEquiv>
            </TextLine>
            <TextLine id="tr_1_tl_11" custom="readingOrder {index:10;}">
                <Coords points="4103,2041 4484,1996 5537,2026 5666,1984 5669,1861 5552,1930 5246,1858 5090,1936 4106,1918"/>
                <Baseline points="4119,1982 4155,1988 4245,1994 4334,1994 4424,1994 4513,1994 4603,1994 4692,1994 4782,1994 4872,1994 4961,1988 5051,1988 5140,1988 5230,1988 5319,1988 5409,1988 5498,1988 5588,1982 5678,1976"/>
                <TextEquiv>
                    <Unicode>"Gerade darum", meinte Dobold ganz</Unicode>
                </TextEquiv>
            </TextLine>
            <TextLine id="tr_1_tl_12" custom="readingOrder {index:11;}">
                <Coords points="3439,2203 5456,2203 5837,2155 5837,1981 5522,2095 3439,2059"/>
                <Baseline points="3457,2149 3516,2155 3606,2161 3695,2161 3785,2161 3874,2161 3964,2161 4054,2161 4143,2155 4233,2155 4322,2155 4412,2155 4501,2155 4591,2155 4681,2149 4770,2149 4860,2149 4949,2149 5039,2149 5128,2149 5218,2143 5307,2143 5397,2143 5487,2143 5576,2149 5666,2143 5755,2143 5845,2143"/>
                <TextEquiv>
                    <Unicode>ernsthaft. "Sie haben gewiss ein sehr natürliches</Unicode>
                </TextEquiv>
            </TextLine>
            <TextLine id="tr_1_tl_13" custom="readingOrder {index:12;}">
                <Coords points="3355,2317 3884,2428 4628,2314 5768,2317 5735,2221 3355,2200"/>
                <Baseline points="3373,2268 3462,2274 3522,2292 3546,2298 3636,2316 3725,2316 3815,2316 3904,2316 3994,2316 4083,2316 4173,2310 4263,2310 4352,2310 4442,2310 4531,2310 4621,2310 4710,2304 4800,2304 4889,2304 4979,2304 5069,2304 5158,2304 5248,2304 5337,2304 5427,2304 5516,2298 5606,2298 5696,2298 5773,2298"/>
                <TextEquiv>
                    <Unicode>Gefühl und einen reinen Sinn für alles, was mit</Unicode>
                </TextEquiv>
            </TextLine>
            <TextLine id="tr_1_tl_14" custom="readingOrder {index:13;}">
                <Coords points="3475,2482 3728,2533 3932,2482 4442,2512 4565,2473 4712,2554 4811,2533 4811,2398 4538,2377 4121,2434 3764,2377 3475,2425"/>
                <Baseline points="3492,2459 3564,2471 3654,2477 3743,2477 3833,2477 3922,2471 4012,2471 4101,2471 4191,2471 4280,2471 4370,2465 4460,2465 4549,2465 4639,2465 4728,2465 4818,2453"/>
                <TextEquiv>
                    <Unicode>dem Theater zusammenhängt.“</Unicode>
                </TextEquiv>
            </TextLine>
            <TextLine id="tr_1_tl_15" custom="readingOrder {index:14;}">
                <Coords points="3463,2602 3574,2614 3614,2635 3620,2626 3653,2632 3671,2611 3695,2614 3680,2506 3656,2515 3635,2503 3614,2518 3562,2488 3535,2506 3478,2476 3448,2491"/>
                <Baseline points="3474,2555 3564,2561 3654,2579 3695,2579"/>
                <TextEquiv>
                    <Unicode>a-t-elle</Unicode>
                </TextEquiv>
            </TextLine>
            <TextLine id="tr_1_tl_16" custom="readingOrder {index:15;}">
                <Coords points="4133,2662 4340,2623 5570,2653 5570,2554 5480,2539 4934,2515 4598,2590 4133,2536"/>
                <Baseline points="4149,2609 4239,2621 4328,2621 4418,2621 4507,2627 4597,2621 4686,2621 4776,2627 4866,2621 4955,2621 5045,2621 5134,2621 5224,2621 5313,2615 5403,2615 5493,2615 5576,2615"/>
                <TextEquiv>
                    <Unicode>"Ich weiss nicht", sagte Rudolf.</Unicode>
                </TextEquiv>
            </TextLine>
            <TextLine id="tr_1_tl_17" custom="readingOrder {index:16;}">
                <Coords points="3635,2725 3689,2734 3722,2758 3812,2728 3824,2746 3848,2731 3917,2740 3941,2551 3821,2554 3803,2572 3722,2584 3677,2617 3650,2617"/>
                <Baseline points="3654,2710 3665,2710 3755,2692 3845,2680 3934,2680"/>
                <TextEquiv>
                    <Unicode>G.C.F.P</Unicode>
                </TextEquiv>
            </TextLine>
            <TextLine id="tr_1_tl_18" custom="readingOrder {index:17;}">
                <Coords points="3659,2893 3686,2881 3698,2884 3722,2863 3770,2869 3824,2863 3788,2704 3758,2710 3749,2701 3701,2698 3662,2722 3638,2707 3620,2710"/>
                <Baseline points="3642,2740 3725,2770 3809,2776"/>
                <TextEquiv>
                    <Unicode>P.S.</Unicode>
                </TextEquiv>
            </TextLine>
            <TextLine id="tr_1_tl_19" custom="readingOrder {index:18;}">
                <Coords points="4061,2824 5888,2806 5948,2797 5951,2611 4928,2731 4850,2683 4247,2725 4064,2647"/>
                <Baseline points="4077,2782 4173,2770 4263,2776 4352,2782 4442,2782 4531,2782 4621,2776 4710,2776 4800,2776 4889,2776 4979,2776 5069,2776 5158,2776 5248,2776 5337,2770 5427,2776 5516,2770 5606,2770 5696,2770 5785,2770 5875,2764 5952,2770"/>
                <TextEquiv>
                    <Unicode>"Haben Sie schon einmal eine Schauspie¬</Unicode>
                </TextEquiv>
            </TextLine>
            <TextLine id="tr_1_tl_20" custom="readingOrder {index:19;}">
                <Coords points="3547,3022 4010,3061 4577,2941 5264,2986 5360,2956 5363,2830 5012,2893 3550,2872"/>
                <Baseline points="3564,2949 3576,2943 3665,2943 3755,2943 3845,2943 3934,2943 4024,2943 4113,2937 4203,2937 4292,2937 4382,2937 4472,2937 4561,2937 4651,2931 4740,2931 4830,2937 4919,2937 5009,2931 5098,2931 5188,2931 5278,2931 5367,2937"/>
                <TextEquiv>
                    <Unicode>lerin geliebt?" fragte Dobold sachlich."</Unicode>
                </TextEquiv>
            </TextLine>
            <TextLine id="tr_1_tl_21" custom="readingOrder {index:20;}">
                <Coords points="4109,3118 5045,3100 5126,3160 5675,3166 5891,3124 5891,3001 5540,2926 5177,3028 4892,2941 4577,3037 4109,3010"/>
                <Baseline points="4125,3092 4215,3092 4304,3092 4394,3092 4483,3092 4573,3092 4663,3092 4752,3092 4842,3092 4931,3092 5021,3092 5110,3092 5200,3086 5290,3092 5379,3092 5469,3092 5558,3092 5648,3092 5737,3092 5827,3086 5899,3092"/>
                <TextEquiv>
                    <Unicode>Rudolf lächelte. Vorher aber, das hatte</Unicode>
                </TextEquiv>
            </TextLine>
            <TextLine id="tr_1_tl_22" custom="readingOrder {index:21;}">
                <Coords points="3565,3274 5861,3271 5783,3160 5339,3199 4973,3109 3565,3190"/>
                <Baseline points="3582,3254 3630,3254 3719,3248 3809,3248 3898,3254 3988,3248 4077,3248 4167,3248 4257,3248 4346,3248 4436,3248 4525,3248 4615,3248 4704,3248 4794,3248 4884,3248 4973,3248 5063,3248 5152,3248 5242,3248 5331,3248 5421,3248 5510,3242 5600,3242 5690,3248 5779,3242 5869,3242"/>
                <TextEquiv>
                    <Unicode>er sich noch immer nicht abgewöhnt, war er zu sei-</Unicode>
                </TextEquiv>
            </TextLine>
            <TextLine id="tr_1_tl_23" custom="readingOrder {index:22;}">
                <Coords points="3550,3454 5921,3427 5939,3271 3553,3358"/>
                <Baseline points="3570,3403 3618,3403 3707,3403 3797,3397 3886,3397 3976,3397 4066,3397 4155,3397 4245,3397 4334,3391 4424,3391 4513,3391 4603,3385 4692,3391 4782,3385 4872,3385 4961,3385 5051,3385 5140,3385 5230,3379 5319,3379 5409,3379 5498,3379 5588,3379 5678,3379 5767,3379 5857,3379 5946,3385"/>
                <TextEquiv>
                    <Unicode>nem Aerger ein wenig errötet. Er antwortete: „Nein“,</Unicode>
                </TextEquiv>
            </TextLine>
            <TextLine id="tr_1_tl_24" custom="readingOrder {index:23;}">
                <Coords points="3571,3571 5576,3574 5765,3553 5765,3430 4361,3406 3571,3493"/>
                <Baseline points="3588,3552 3624,3552 3713,3546 3803,3546 3892,3546 3982,3546 4072,3546 4161,3546 4251,3540 4340,3540 4430,3540 4519,3540 4609,3540 4698,3534 4788,3534 4878,3534 4967,3534 5057,3534 5146,3534 5236,3534 5325,3534 5415,3534 5504,3534 5594,3534 5684,3534 5773,3540"/>
                <TextEquiv>
                    <Unicode>denn was er hätte erzählen können war ziemlich</Unicode>
                </TextEquiv>
            </TextLine>
            <TextLine id="tr_1_tl_25" custom="readingOrder {index:24;}">
                <Coords points="3577,3710 4139,3728 4352,3830 5510,3722 5873,3785 5873,3656 5690,3605 5330,3656 4835,3538 3577,3632"/>
                <Baseline points="3594,3707 3683,3713 3773,3713 3863,3713 3952,3707 4042,3707 4131,3707 4221,3707 4310,3707 4400,3707 4489,3707 4579,3707 4669,3707 4758,3707 4848,3707 4937,3707 5027,3707 5116,3713 5206,3707 5295,3713 5385,3713 5475,3713 5564,3713 5654,3713 5743,3713 5833,3719 5881,3719"/>
                <TextEquiv>
                    <Unicode>kindlich, vielleicht sogar lacherlich und er hatte</Unicode>
                </TextEquiv>
            </TextLine>
        </TextRegion>
    </Page>
</PcGts>
