6136 4104
3695 542 5798 758 einen richtigen, ganz persönlichen Zorn. "über
3695 750 5679 927 Mylady",sagte sie jetzt," das ist die Laune
3684 883 5903 1099 nicht eine Nebenbuhlerin zu empfangen. Erinnern
3731 1090 5850 1240 Die sich wer Sie sind. Ein stolzeres Herz muss
3706 1245 5864 1375 die stolze Pracht Ihres Anblicks erheben“. Und
3711 1398 5696 1547 in einem bisher mühsam unterdrückten, jetzt
3706 1572 5707 1724 aber nicht mehr völlig gebändigten wieneri-
3706 1727 5809 1874 schen Akzent redete sie weiter.
3742 1851 5601 2009 "Oder ist es vielleicht Zufall, dass eben
3703 2018 5646 2217 heute die kostbarsten Brillanten an Ihnen
3714 2186 5773 2372 blitzen? Dass Ihre Antichambre von Heiduken
3725 2344 5696 2513 und Pagen wimmelt und das Bürgermädchen im
3714 2505 5737 2662 fürstlichsten Saal Ihres Palastes erwartet
3725 2621 5798 2859 wird? "Und wie Lady Milfort sich erhebt, auf
3717 2792 5834 3006 der viel zu kleinen Bühne mit viel  zu grossen
3714 2978 5745 3163 Schritten auf und ab geht und beiseite aus-
3720 3116 5850 3304 ruft: "Wie tief, wie tiet muss ich schon gesun¬
3725 3296 5696 3440 ken sein, dass eine solche Kreatur mich er-
3706 3421 5756 3614 gründet "verzieht die Kammerjunfer höhnisch
3725 3581 5922 3808 den hübschen Mund und als sie auf das herrische
