6168 4072
3573 641 5594 818 Saville - so hiess die neu Hinzugekommene -
3590 826 5690 1067 erwähnte, dass sie in der nächsten Vorstellung
3562 1014 5662 1224 die Maria Stuart spielen würde, die Szene mit
3590 1148 5785 1316 der Königin Elisabeth. "Sie sind Doktor der Me-
3968 1302 4502 1406 wandte sich
3576 1324 5628 1501 dizin?" Maria an Rudolf Forlan.- "Das
3587 1470 5841 1672 sieht man ihm doch gleich an", sagte die Schwes-
3601 1632 5774 1800 ter mit fast mütterliche Stimmund Rudolf
3587 1792 5802 2038 wunderte sich über das Herzliche, ja Mütterli-
3598 1985 5760 2128 che ihres Tons.- „Sie sieht gleich jedem alles
3609 2153 5740 2310 an", sagte Maria und xxxx
3590 2310 5631 2478 betrachtete durch ihr Lorgnon Doktor
3609 2433 5765 2643 Forlan, als wollte sie das Urteil ihrer Schwes-
3609 2607 5765 2747 ter nachprüfen, aber schon hob sich der Vorhang
3615 2764 5771 2923 über einer neuen Szene; es blieb Rudolf nichts
3615 2918 5650 3114 anderes übrig als mit Claudius Dobold rasch
3609 3108 5547 3284 den Saal zu verlassen. Die Damen blieben.
4021 3228 5152 3405 Die xxxxxjungenxxkente
4122 3366 5614 3564 Doktor Forlan forderte Claudius
3590 3522 5645 3780 auf mit ihm zu nachtmahlen. Sie sassen bald
