6168 4216
3873 459 5645 646 "Ja,spanisch war es einmal,aber origi¬
3429 694 5846 880 nal wird es erst jetzt.“ Er lächelte und schweifte
3435 829 5618 958 gleich ab. "Ich habe mich so gefreut, dass ich
3426 919 5576 1135 wieder einmal in Ihrem schönen Haus hab sein
3435 1153 5630 1279 dürfen. Die A Art von Atmosphäre gibts eigent-
3435 1273 5552 1432 lich in gar keiner andern Stadt. Ich hab zum
3429 1480 5693 1594 Beispiel vor zwei, drei Jahren in England ziem-
3429 1624 5750 1780 lich viel in Gelehrtenfamilien verkehrt, bei Lenox
3435 1786 4378 1928 Brown zum Beispiel.“
3951 1868 5603 2087 "Bei dem Laryngologen?"warf Rudolf
3414 2063 3633 2207 ein.
4005 2177 5798 2390 "Das wüste ich wirklich nicht zu sagen.
3405 2396 5762 2537 Ich weiss nur, dass ich eine Cavatine von Bach sin-
3405 2513 5804 2720 gen gehört habe von einer Sängerin aus Neu-Seeland.
3420 2660 5690 2876 einer Miss Balotta. Es ist überhaupt merkwürdig,
3420 2849 5702 3009 fügte er plötzlich hinzu, „dass man nirgends schö-
3405 2972 5705 3153 nere Musik hören kann, als in ärztlichen Familien.
3411 3114 5642 3321 Ich war auch so froh, wie ich neulich wieder Ihr
3414 3285 5690 3474 Fräulein Schwester Klavier spielen gehört habe.
3411 3510 5753 3657 Er verweilte hiebei nicht länger,sondern beklagte
3393 3609 5681 3870 sich gleich, dass er selber von Musik nicht genug
