6152 4216
5557 440 5720 576 83
3568 551 5762 781 lich für die Angelegenheit. Er selbst hatte in
3568 723 5795 903 diesen letzten Tagen allzu Seltsames erlebt. Zu
3568 920 5739 1086 dem beinahe erwarteten Duell war es allerdings
3576 1080 5751 1244 nicht gekommen, ganz im Gegenteil,er hatte sich
3590 1210 5784 1407 mit dem Mann, dem er mit der
3595 1335 3842 1443 Waffe
3579 1363 5781 1557 gegenüberzustehen fast gewünscht hatte,
3579 1551 5726 1726 geradezu angefreundet. Es war ein höchst merk-
3579 1695 5784 1884 würdiges Verhältnis Ja, es gab merkwürdige Dinge
3579 1878 5701 2019 in der Welt, und andern Leuten konnte man ei-
3584 2022 5742 2227 gentlich niemals die Dinge so erklären, wie sie
3573 2147 5720 2352 sich wirklich verhielten. Ganz richtig, dachte
3579 2321 5792 2512 Rudolf und fühlte sich selbst einigermassen ge-
3582 2476 4227 2645 rechtfertigt.
