6136 4104
5363 537 5532 662 33
3558 717 5736 887 Die Bühne stellte nun einen Rokokosaal vor, von
3575 875 5847 986 dessen Rückwand ein hoher blind er Spiegel starr-
4666 968 5800 1088 in kostbarer Seidenrobe
3569 1027 5815 1201 te. Auf einer blauen Chaiselongue ruhte eine Da-
3552 1158 5754 1350 me in weisser Perücke mit einem Puppen-
3564 1344 5678 1534 gesicht und fragte: "Also sahst du sie? Wird
3552 1432 5640 1694 sie kommen?" Ein junges Mädchen, zierlich, als
3564 1677 5902 1872 Kammerzofe erwiederte: "Diesen Augenblick. Sie war
3564 1820 5690 2038 noch im Hausgewand und wollte sich nur in der
3569 1986 4835 2167 Geschwindigkeit umkleiden.“
4027 2129 5765 2330 Es war eine sonderbar aunkle Stimme,
3561 2313 5693 2470 die zugleich unwirsch klang, wie es eigentlich
3581 2479 5862 2636 einer Kammerzofe gegenüber einer Lady nicht recht
3572 2598 5655 2805 anstand. Und als die Lady weiter fragte,wie
3569 2797 5783 2966 sich Luise Millerin bei der Einladung benommen
3564 2931 5736 3094 habe,erwiderte die Kleine etwas ungeduldig, als
3424 3091 5760 3278 hätte sie eigentlich keine Lust und keinen An-
3569 3257 5725 3397 lass sich ausfragen zu lassen: "Sie schien be-
3558 3409 5765 3537 stürzt, sah mich mit grossen Augen an und ging“.
3569 3517 5480 3736 Und dabei machte sie selbst grosse Augen.
