6152 4104
3665 560 5817 758 ohne die Worte zu vernehmen,wusste Rudolf ganz
3665 714 5850 914 genau, dass sie sich über Kollegen und Kollegin-
3676 925 5641 1024 nen dort oben einigermassen lustig machte.
3670 1027 5877 1257 Einmal fuhr ihr die Schwester mit der flachen
3659 1216 5682 1309 Hand wie scherzhaft über den unruhigen Mund
3676 1383 5762 1515 und es war sehr viel Zärtlichkeit und Stolz
3676 1532 4856 1661 in dieser Zurechtweisung.
4329 1683 5869 1831 In der nächsten Pause war Dobold
3676 1850 5726 1971 wieder verschwunden. Rudolf aber erhob sich,
3665 2009 5729 2119 sah im Saal ringsumher und schwelgte weiter.
3662 2108 5737 2289 Das Hin und Her der Besucher, das Raunen und
3665 2303 5786 2446 Schwirren der Gespräche, der Duft von allerlei
3656 2476 5635 2674 Parfums, die eigentlich nicht immer Wohlge-
3670 2635 5674 2748 rüche waren, von ungelüfteten Gewändern, von
3656 2783 5762 2904 Gas, von feuchter Haut, von halbverwelkten Blu-
3651 2956 5745 3116 men, von bemaltem Pappendeckel, -xxx diese
3665 3085 5822 3313 ganze Atmosphäre von Spiel, Unbekümmertheit und
3667 3247 5715 3442 bescheidenem Fest,-all das versetzte ihn in
3659 3431 5745 3621 einen leichten Rausch, wie er ihn bei solchen
3654 3558 5701 3739 Gelegenheiten, auch den bescheidensten,
