6171 3976
5489 293 5664 463 120
3555 437 5825 675 Ganzen hatte er etwa zwanzigZeilen geschrieben, er
3561 629 5802 819 wusste nicht recht,ob sie vollständig abgedruckt
3555 759 5722 931 waren.Er hatte über zehn oder zwölf der jungen
3549 945 5848 1092 Künstler ein paar flüchtige Worte geschrieben. nur
3555 1075 5681 1244 über Fräulein Labitzke etwas mehr. Er war er-
3572 1253 5750 1411 freut, ein wenig beschämt und gerührt, als er ge-
3555 1391 5811 1575 druckt ihr anmutiges Wesen, die Natürlichkeit und
3555 1535 5860 1741 Lebendigkeit ihres Spiels und ihren dunklen Blick
3566 1730 5753 1868 gerühmt fand. Nur war sonderbarerweise ihr Name
3566 1865 5753 2029 in diesem Zusammenhang nicht zu sehen. All das,
3561 2020 5742 2196 Anmut, Unbefangenheit und dunkler Blick, war mit
3578 2164 5860 2362 Beziehung auf Fräulein von Saville gepriesen und
3558 2328 5802 2463 die beiden Namen, Saville und Labitzka waren ein-
3572 2483 5768 2638 fach vertauscht worden, so dass für Fräulein La-
3572 2624 5776 2819 bitzka in dem Referat nichts übrigblieb als die
3566 2765 5848 2917 beiläufige Bemerkung, dass sie durch ihr klangvol-
3578 2940 5808 3104 les Organ auffiel. Nur einen Augenblich lang war
3555 3092 5785 3236 Rudolf empört, dann fiel ihm ein, dass er sehr ja
3561 3216 5808 3371 auch nicht ganz ehrlich gewesen war und er unter
3555 3359 5862 3523 anderen Umständen das Fräulein Labitzka gar nicht
3558 3497 5814 3733 erwähnt hätte. So blieb es das Klügste die Sache
