6176 4008
5644 334 5844 511 106
3627 451 4447 586 und unbedenklich
3993 628 5827 788 Erst im nächsten Akt,einem unbeträcht-
3596 763 5824 934 lichen kleinen Lustspiel, trat Maria auf. Es war
3613 928 5844 1145 eine überlebte harmlose Posse und Maria gab ein
3613 1094 5684 1242 junges Mädchen, die unschuldige süsse Tochter
3622 1271 5712 1445 eines Kommerzienrats; ein schüchterner junger
3610 1417 5775 1602 Assesor war in sie verliebt; zum Schlüsse fiel
3610 1565 5681 1759 sie ihm in die Arme und als der junge Mensch
3596 1659 5772 1848 sie küsste, merkte Rudolf deutlich, wie sie sich
3605 1902 5747 2045 wegwandte,so dass kaum ihre Wange berührt wur-
3607 2017 5635 2154 de. Unwillkürlich dachte er: Hätte sie sich
3599 2191 5675 2319 auch abgewandt, wenn Herr von Mysing den Bräu¬
3602 2299 5647 2471 tigam gespielt hätte? Als der Vorhang fiel,
3596 2474 5658 2599 wussee Rudolf nicht, ob sie gut oder schlecht
3593 2648 5752 2759 gespielt hatte. Hatte sie überhaupt ernsthaft
3585 2805 5878 2933 Theater gespielt? Hatte sie die ganze Angelegen-
3613 2951 5872 3068 heit auch nur im allergeringsten ernst genommen?
3587 3050 5730 3216 Er wusste nicht einmal, wie ihre Stimme geklun-
3587 3185 5870 3370 gen hatte. Es war eine dunkle und wie immer eine
3587 3322 5772 3525 etwas unwirsche Stimme gewesen. Er wurste auch
3590 3467 5712 3665 nicht, was sie gesprochen hatte. Er hätte sich
