<?xml version="1.0" encoding="UTF-8" standalone="yes"?>
<PcGts xmlns="http://schema.primaresearch.org/PAGE/gts/pagecontent/2013-07-15" xmlns:xsi="http://www.w3.org/2001/XMLSchema-instance" xsi:schemaLocation="http://schema.primaresearch.org/PAGE/gts/pagecontent/2013-07-15 http://schema.primaresearch.org/PAGE/gts/pagecontent/2013-07-15/pagecontent.xsd">
    <Metadata>
        <Creator>prov=READ-COOP:name=TrHtr:version=2.1.0:model_id=51170:date=28_07_2023_01:41</Creator>
        <Created>2023-05-10T11:13:03.460+02:00</Created>
        <LastChange>2023-07-28T01:41:54.642+02:00</LastChange>
        <TranskribusMetadata docId="1428132" pageId="55384549" pageNr="81" tsid="131312852" status="IN_PROGRESS" userId="64420" imgUrl="https://files.transkribus.eu/Get?id=RNKAIJXKHTNKJGYNYWPJZZEN&amp;fileType=view" xmlUrl="https://files.transkribus.eu/Get?id=SXPBUXUWPBZOCNLCMVPSBGYF" imageId="44659448"/>
    </Metadata>
    <Page imageFilename="1428132_0081.jpg" imageWidth="6168" imageHeight="4248">
        <ReadingOrder>
            <OrderedGroup id="ro_1711824674896" caption="Regions reading order">
                <RegionRefIndexed index="0" regionRef="tr_1"/>
            </OrderedGroup>
        </ReadingOrder>
        <TextRegion id="tr_1" custom="readingOrder {index:0;}">
            <Coords points="3567,648 5906,648 5906,3685 3567,3685"/>
            <TextLine id="tr_1_tl_1" custom="readingOrder {index:0;}">
                <Coords points="3592,728 5783,766 5783,600 5613,655 4911,556 4235,626 3864,559 3592,620"/>
                <Baseline points="3609,698 3699,698 3788,698 3878,698 3967,698 4057,704 4146,704 4236,704 4325,704 4415,709 4504,709 4594,709 4683,709 4773,709 4862,709 4952,715 5041,709 5131,709 5220,709 5310,709 5399,709 5488,709 5578,715 5667,715 5757,715 5787,709"/>
                <TextEquiv>
                    <Unicode>den Schwestern mit den zwei Herren im Tor je-</Unicode>
                </TextEquiv>
            </TextLine>
            <TextLine id="tr_1_tl_2" custom="readingOrder {index:1;}">
                <Coords points="3592,886 5505,921 5710,898 5710,781 4288,810 4083,749 3592,810"/>
                <Baseline points="3609,865 3699,865 3788,865 3878,865 3967,871 4057,871 4146,871 4236,871 4325,871 4415,877 4504,877 4594,877 4683,877 4773,877 4862,877 4952,877 5041,877 5131,877 5220,877 5310,883 5399,883 5488,883 5578,883 5667,883 5715,888"/>
                <TextEquiv>
                    <Unicode>nes Gasthofs verschwunden waren. Und wenn sie</Unicode>
                </TextEquiv>
            </TextLine>
            <TextLine id="tr_1_tl_3" custom="readingOrder {index:2;}">
                <Coords points="3592,1071 5844,1059 5841,954 5651,942 3589,939"/>
                <Baseline points="3609,1020 3699,1026 3788,1026 3878,1026 3967,1026 4057,1026 4146,1032 4236,1032 4325,1032 4415,1032 4504,1038 4594,1032 4683,1032 4773,1038 4862,1038 4952,1038 5041,1038 5131,1038 5220,1038 5310,1038 5399,1044 5488,1044 5578,1044 5667,1044 5757,1044 5846,1050 5852,1050"/>
                <TextEquiv>
                    <Unicode>wirklich unschuldig war, so musste sie jedenfalls</Unicode>
                </TextEquiv>
            </TextLine>
            <TextLine id="tr_1_tl_4" custom="readingOrder {index:3;}">
                <Coords points="3592,1228 5666,1226 5672,1076 5110,1141 3592,1112"/>
                <Baseline points="3609,1169 3699,1175 3788,1175 3878,1181 3967,1181 4057,1181 4146,1181 4236,1187 4325,1187 4415,1187 4504,1187 4594,1187 4683,1187 4773,1187 4862,1187 4952,1187 5041,1187 5131,1193 5220,1193 5310,1193 5399,1193 5488,1193 5578,1193 5667,1199 5679,1193"/>
                <TextEquiv>
                    <Unicode>das Bedürfnis haben sich von dem Verdacht zu</Unicode>
                </TextEquiv>
            </TextLine>
            <TextLine id="tr_1_tl_5" custom="readingOrder {index:4;}">
                <Coords points="3586,1392 5654,1427 5838,1398 5838,1240 3586,1264"/>
                <Baseline points="3603,1336 3693,1336 3782,1336 3872,1336 3961,1336 4051,1342 4140,1342 4230,1342 4319,1342 4409,1348 4498,1342 4588,1342 4677,1342 4767,1348 4856,1342 4946,1348 5035,1348 5125,1348 5214,1354 5304,1348 5393,1348 5483,1354 5572,1354 5662,1348 5751,1354 5841,1360 5846,1360"/>
                <TextEquiv>
                    <Unicode>reinigen,von diesem wenigstens; kurz, ein Beweis</Unicode>
                </TextEquiv>
            </TextLine>
            <TextLine id="tr_1_tl_6" custom="readingOrder {index:5;}">
                <Coords points="3586,1556 5873,1539 5873,1398 3586,1416"/>
                <Baseline points="3603,1491 3693,1491 3782,1491 3872,1497 3961,1497 4051,1497 4140,1497 4230,1497 4319,1497 4409,1497 4498,1503 4588,1503 4677,1503 4767,1503 4856,1503 4946,1503 5035,1503 5125,1503 5214,1503 5304,1509 5393,1509 5483,1509 5572,1509 5662,1509 5751,1515 5841,1515 5882,1515"/>
                <TextEquiv>
                    <Unicode>war ihr Benehmen keineswegs weder für ihre Schuld</Unicode>
                </TextEquiv>
            </TextLine>
            <TextLine id="tr_1_tl_7" custom="readingOrder {index:6;}">
                <Coords points="3580,1694 5800,1729 5800,1612 5669,1594 4569,1600 4256,1521 3580,1612"/>
                <Baseline points="3597,1652 3687,1652 3776,1652 3866,1652 3955,1652 4045,1652 4134,1658 4224,1658 4313,1658 4403,1658 4492,1658 4582,1658 4671,1664 4761,1664 4850,1664 4940,1664 5029,1664 5119,1664 5208,1664 5298,1670 5387,1670 5477,1670 5566,1670 5656,1670 5745,1670 5805,1670"/>
                <TextEquiv>
                    <Unicode>noch für ihre Unschuld. Freilich war es gleich-</Unicode>
                </TextEquiv>
            </TextLine>
            <TextLine id="tr_1_tl_8" custom="readingOrder {index:7;}">
                <Coords points="3574,1849 5824,1854 5824,1746 5745,1720 4703,1784 4557,1717 3574,1714"/>
                <Baseline points="3591,1819 3681,1813 3770,1813 3860,1819 3949,1819 4039,1813 4128,1819 4218,1819 4307,1819 4397,1819 4486,1819 4576,1819 4665,1825 4755,1819 4844,1825 4934,1825 5023,1825 5113,1825 5202,1825 5292,1825 5381,1831 5471,1825 5560,1831 5650,1831 5739,1831 5829,1837 5835,1831"/>
                <TextEquiv>
                    <Unicode>gültig,ob sie schuldig oder unschuldig war. Das</Unicode>
                </TextEquiv>
            </TextLine>
            <TextLine id="tr_1_tl_9" custom="readingOrder {index:8;}">
                <Coords points="3580,1974 5733,2012 5730,1922 5584,1898 3577,1892"/>
                <Baseline points="3597,1956 3687,1962 3776,1968 3866,1968 3955,1968 4045,1974 4134,1974 4224,1974 4313,1974 4403,1974 4492,1974 4582,1980 4671,1980 4761,1980 4850,1980 4940,1980 5029,1980 5119,1980 5208,1986 5298,1986 5387,1986 5477,1986 5566,1986 5656,1992 5739,1998"/>
                <TextEquiv>
                    <Unicode>Wesentliche blieb, dass er sie los sein wollte.</Unicode>
                </TextEquiv>
            </TextLine>
            <TextLine id="tr_1_tl_10" custom="readingOrder {index:9;}">
                <Coords points="3580,2173 5669,2208 5669,2091 4946,2077 4791,1995 4569,2062 4291,1992 4127,2059 3577,2050"/>
                <Baseline points="3597,2118 3687,2118 3776,2124 3866,2124 3955,2124 4045,2124 4134,2124 4224,2129 4313,2129 4403,2129 4492,2135 4582,2129 4671,2135 4761,2135 4850,2135 4940,2135 5029,2141 5119,2135 5208,2141 5298,2141 5387,2141 5477,2141 5566,2141 5656,2141 5673,2141"/>
                <TextEquiv>
                    <Unicode>Und nun war der Augenblick da. Er musste nur</Unicode>
                </TextEquiv>
            </TextLine>
            <TextLine id="tr_1_tl_11" custom="readingOrder {index:10;}">
                <Coords points="3574,2320 4627,2302 5151,2375 5400,2311 5774,2375 5774,2238 5683,2226 4461,2249 4127,2144 3574,2214"/>
                <Baseline points="3591,2279 3681,2279 3770,2279 3860,2285 3949,2285 4039,2285 4128,2285 4218,2291 4307,2291 4397,2291 4486,2297 4576,2297 4665,2297 4755,2297 4844,2297 4934,2297 5023,2297 5113,2297 5202,2297 5292,2302 5381,2302 5471,2302 5560,2302 5650,2308 5739,2308 5781,2314"/>
                <TextEquiv>
                    <Unicode>die Türe hinter sich zumachen und nichts</Unicode>
                </TextEquiv>
            </TextLine>
            <TextLine id="tr_1_tl_12" custom="readingOrder {index:11;}">
                <Coords points="3580,2483 5733,2475 5730,2390 5607,2340 5274,2401 4999,2343 4738,2404 4504,2317 3577,2372"/>
                <Baseline points="3597,2434 3687,2440 3776,2440 3866,2440 3955,2440 4045,2440 4134,2446 4224,2446 4313,2446 4403,2452 4492,2452 4582,2452 4671,2452 4761,2452 4850,2452 4940,2452 5029,2458 5119,2458 5208,2458 5298,2458 5387,2464 5477,2464 5566,2464 5656,2464 5739,2470"/>
                <TextEquiv>
                    <Unicode>mehr von sich hören lassen und sein Wunsch war</Unicode>
                </TextEquiv>
            </TextLine>
            <TextLine id="tr_1_tl_13" custom="readingOrder {index:12;}">
                <Coords points="3568,2597 3700,2659 5695,2656 5692,2510 5584,2486 5019,2551 3568,2477"/>
                <Baseline points="3585,2589 3675,2589 3764,2589 3854,2595 3943,2595 4033,2595 4122,2595 4212,2601 4301,2601 4391,2601 4480,2601 4570,2601 4659,2607 4749,2607 4838,2607 4928,2607 5017,2607 5107,2613 5196,2613 5286,2613 5375,2619 5465,2619 5554,2619 5644,2619 5703,2613"/>
                <TextEquiv>
                    <Unicode>erfüllt. Schon hielt xxx er die Klinke in der</Unicode>
                </TextEquiv>
            </TextLine>
            <TextLine id="tr_1_tl_14" custom="readingOrder {index:13;}">
                <Coords points="3563,2764 5745,2808 5745,2679 5674,2653 3563,2676"/>
                <Baseline points="3579,2744 3669,2744 3758,2744 3848,2750 3937,2750 4027,2750 4116,2756 4206,2750 4295,2756 4385,2756 4474,2762 4564,2756 4653,2762 4743,2762 4832,2762 4922,2762 5011,2768 5101,2768 5190,2762 5280,2768 5369,2768 5459,2768 5548,2768 5638,2768 5727,2774 5751,2774"/>
                <TextEquiv>
                    <Unicode>Hand. Im selben Augenblick aber fühlte er ihre</Unicode>
                </TextEquiv>
            </TextLine>
            <TextLine id="tr_1_tl_15" custom="readingOrder {index:14;}">
                <Coords points="3551,2919 4937,2925 5546,3016 5903,2943 5900,2808 4399,2864 3548,2773"/>
                <Baseline points="3567,2893 3657,2893 3746,2899 3836,2899 3925,2899 4015,2905 4104,2905 4194,2905 4283,2911 4373,2911 4462,2911 4552,2911 4641,2911 4731,2911 4820,2911 4910,2917 4999,2917 5089,2917 5178,2917 5268,2917 5357,2923 5447,2923 5536,2923 5626,2923 5715,2923 5805,2929 5894,2929 5906,2935"/>
                <TextEquiv>
                    <Unicode>Hand auf seiner Schulter. Er wandte sich nicht um.</Unicode>
                </TextEquiv>
            </TextLine>
            <TextLine id="tr_1_tl_16" custom="readingOrder {index:15;}">
                <Coords points="3563,3080 5008,3130 5309,3089 5309,2951 4978,3024 4785,2969 3563,2975"/>
                <Baseline points="3579,3054 3669,3054 3758,3054 3848,3054 3937,3060 4027,3060 4116,3060 4206,3060 4295,3060 4385,3060 4474,3060 4564,3060 4653,3060 4743,3066 4832,3066 4922,3072 5011,3072 5101,3072 5190,3078 5280,3084 5315,3084"/>
                <TextEquiv>
                    <Unicode>Aber es war ein Uhr Früh als er ging.</Unicode>
                </TextEquiv>
            </TextLine>
            <TextLine id="tr_1_tl_17" custom="readingOrder {index:16;}">
                <Coords points="4291,3390 4665,3378 4794,3428 4949,3387 5031,3431 5329,3381 5555,3446 5666,3399 5759,3431 5792,3264 5701,3229 5508,3314 5022,3314 4797,3244 4288,3311"/>
                <Baseline points="4307,3359 4397,3359 4486,3359 4576,3359 4665,3359 4755,3364 4844,3364 4934,3364 5023,3364 5113,3364 5202,3370 5292,3370 5381,3370 5471,3370 5560,3376 5650,3376 5739,3376 5799,3388"/>
                <TextEquiv>
                    <Unicode>Am nächsten Tag brachte ihm die</Unicode>
                </TextEquiv>
            </TextLine>
            <TextLine id="tr_1_tl_18" custom="readingOrder {index:17;}">
                <Coords points="3557,3510 4118,3586 4782,3519 5768,3563 5768,3431 5493,3405 5019,3469 4405,3378 4031,3454 3557,3411"/>
                <Baseline points="3573,3502 3663,3502 3752,3508 3842,3508 3931,3508 4021,3502 4110,3502 4200,3502 4289,3508 4379,3508 4468,3508 4558,3508 4647,3508 4737,3514 4826,3514 4916,3514 5005,3514 5095,3514 5184,3514 5274,3514 5363,3508 5453,3520 5542,3520 5632,3520 5721,3526 5775,3520"/>
                <TextEquiv>
                    <Unicode>Post einen Brief von Elandius Dobold: "Verehr-</Unicode>
                </TextEquiv>
            </TextLine>
            <TextLine id="tr_1_tl_19" custom="readingOrder {index:18;}">
                <Coords points="3571,3726 4376,3668 4800,3767 5151,3683 5362,3747 5792,3694 5792,3580 5405,3522 5078,3604 4888,3530 4680,3598 3568,3604"/>
                <Baseline points="3585,3651 3675,3657 3764,3657 3854,3657 3943,3657 4033,3657 4122,3657 4212,3657 4301,3657 4391,3657 4480,3663 4570,3663 4659,3663 4749,3663 4838,3663 4928,3663 5017,3663 5107,3663 5196,3663 5286,3669 5375,3669 5465,3669 5554,3669 5644,3669 5733,3669 5799,3675"/>
                <TextEquiv>
                    <Unicode>ter Herr Doktor. Sie finden hier eingeschlossen</Unicode>
                </TextEquiv>
            </TextLine>
        </TextRegion>
    </Page>
</PcGts>
