6136 4232
5527 369 5684 534 78
3675 543 5741 763 mitleidig. "Was glaubst du mir wieder einmal
3672 738 4044 890 picht?"
4033 736 5645 1019 "Und wo warst < du denn eingeladen?"
4091 1025 5813 1174 "Warum fragst du mich denn so aus? Im
3686 1176 5697 1339 Gasthaus sind wir gewesen. Da wo er immer
3689 1322 5854 1540 wohnt in dem kleinen Gasthof ;ich vergess immer
3694 1510 4254 1705 den Namen.
4152 1642 5695 1846 Und vorher ward Ihr im Theater."
4138 1785 5562 1981 "Na, wenn du so alles weisst..."
4132 1948 5838 2160 "Jedesfalls seid Ihr vor Schluss weg¬
3700 2119 4201 2314 gegangen?"
4188 2278 5915 2468 "Also gar nichts weisst du. Wir waren
3697 2441 5821 2598 überhaupt nicht im Theater,-wir haben einfach
3703 2620 5904 2796 miteinander genachtmahlt und vor elf waren wir
3708 2755 5777 2948 schon zuhaus die Rosa und ich. Und wenn du's
3714 2920 5744 3130 nicht glaubst, kannst du dich ja unten beim
3697 3077 4934 3270 Hausbesorger erkundigen. "
4204 3201 5984 3408 Rudolf stand plötzlich auf. Er schämte
3697 3391 5879 3535 sich und langweilte sich zugleich. Warum nicht
3711 3532 5929 3719 einfach ein Ende machen? Am meisten Angst hatte
3711 3686 5846 3860 er, dass sie sich am Ende rechtfertigen könnte
