<?xml version="1.0" encoding="UTF-8" standalone="yes"?>
<PcGts xmlns="http://schema.primaresearch.org/PAGE/gts/pagecontent/2013-07-15" xmlns:xsi="http://www.w3.org/2001/XMLSchema-instance" xsi:schemaLocation="http://schema.primaresearch.org/PAGE/gts/pagecontent/2013-07-15 http://schema.primaresearch.org/PAGE/gts/pagecontent/2013-07-15/pagecontent.xsd">
    <Metadata>
        <Creator>prov=READ-COOP:name=TrHtr:version=2.1.0:model_id=51170:date=28_07_2023_01:41</Creator>
        <Created>2023-05-10T11:13:02.268+02:00</Created>
        <LastChange>2023-07-28T01:41:52.457+02:00</LastChange>
        <TranskribusMetadata docId="1428132" pageId="55384520" pageNr="74" tsid="131312845" status="IN_PROGRESS" userId="64420" imgUrl="https://files.transkribus.eu/Get?id=TTUMSOMMCXHWKMTTQHHXAEUW&amp;fileType=view" xmlUrl="https://files.transkribus.eu/Get?id=XDHEVRETAZMJPYUGKEQHSJTP" imageId="44659419"/>
    </Metadata>
    <Page imageFilename="1428132_0074.jpg" imageWidth="6136" imageHeight="4216">
        <ReadingOrder>
            <OrderedGroup id="ro_1711824663417" caption="Regions reading order">
                <RegionRefIndexed index="0" regionRef="tr_1"/>
            </OrderedGroup>
        </ReadingOrder>
        <TextRegion id="tr_1" custom="readingOrder {index:0;}">
            <Coords points="2119,594 5798,594 5798,3652 2119,3652"/>
            <TextLine id="tr_1_tl_1" custom="readingOrder {index:0;}">
                <Coords points="3591,712 3957,754 4083,729 4164,757 4233,726 4278,754 4334,720 4407,757 4407,561 4138,570 4030,609 3918,542 3834,550 3644,486 3591,505"/>
                <Baseline points="3606,650 3696,656 3786,662 3875,656 3965,662 4054,662 4144,662 4233,662 4323,662 4413,644"/>
                <TextEquiv>
                    <Unicode>men. Auf morgen."</Unicode>
                </TextEquiv>
            </TextLine>
            <TextLine id="tr_1_tl_2" custom="readingOrder {index:1;}">
                <Coords points="2103,726 2128,720 2195,757 2228,751 2248,734 2365,726 2371,595 2343,598 2315,572 2284,598 2228,570 2195,584 2173,575 2161,584 2142,575 2131,586 2108,581"/>
                <Baseline points="2119,710 2197,698 2287,698 2376,698"/>
                <TextEquiv>
                    <Unicode>saab</Unicode>
                </TextEquiv>
            </TextLine>
            <TextLine id="tr_1_tl_3" custom="readingOrder {index:2;}">
                <Coords points="3848,899 5278,857 5384,922 5635,868 5635,729 5135,793 4957,734 4208,779 3848,732"/>
                <Baseline points="3863,806 3953,812 4042,812 4132,812 4221,818 4311,818 4401,818 4490,818 4580,818 4669,824 4759,818 4848,824 4938,824 5028,824 5117,824 5207,830 5296,830 5386,830 5476,830 5565,830 5643,842"/>
                <TextEquiv>
                    <Unicode>Er ging und so spielten sie die Partie</Unicode>
                </TextEquiv>
            </TextLine>
            <TextLine id="tr_1_tl_4" custom="readingOrder {index:3;}">
                <Coords points="3594,1061 3761,1036 3829,1061 3937,1033 3985,1053 4085,1025 4284,1036 4281,924 4208,899 4069,882 3977,910 3787,882 3748,908 3591,905"/>
                <Baseline points="3606,961 3696,961 3786,961 3875,967 3965,967 4054,967 4144,967 4233,973 4287,973"/>
                <TextEquiv>
                    <Unicode>nicht zu Ende.</Unicode>
                </TextEquiv>
            </TextLine>
            <TextLine id="tr_1_tl_5" custom="readingOrder {index:4;}">
                <Coords points="3840,1209 5778,1164 5775,1016 5328,1097 3837,1047"/>
                <Baseline points="3851,1116 3941,1116 4030,1122 4120,1122 4210,1122 4299,1122 4389,1122 4478,1128 4568,1128 4657,1128 4747,1128 4837,1128 4926,1128 5016,1134 5105,1134 5195,1134 5284,1140 5374,1140 5464,1140 5553,1140 5643,1140 5732,1140 5786,1140"/>
                <TextEquiv>
                    <Unicode>Am nächsten Abend begab er sich zu Annet</Unicode>
                </TextEquiv>
            </TextLine>
            <TextLine id="tr_1_tl_6" custom="readingOrder {index:5;}">
                <Coords points="3608,1282 4423,1366 5705,1321 5702,1243 5336,1181 3608,1209"/>
                <Baseline points="3624,1271 3714,1271 3803,1271 3893,1271 3983,1271 4072,1277 4162,1277 4251,1277 4341,1277 4430,1277 4520,1283 4610,1277 4699,1283 4789,1283 4878,1283 4968,1289 5058,1289 5147,1289 5237,1289 5326,1289 5416,1295 5505,1295 5595,1295 5685,1295 5708,1301"/>
                <TextEquiv>
                    <Unicode>te. Das letzte Mal, dachte er aufatmend, als er</Unicode>
                </TextEquiv>
            </TextLine>
            <TextLine id="tr_1_tl_7" custom="readingOrder {index:6;}">
                <Coords points="3602,1430 4099,1522 5697,1483 5635,1366 3602,1352"/>
                <Baseline points="3618,1415 3708,1421 3797,1421 3887,1421 3977,1427 4066,1427 4156,1427 4245,1427 4335,1433 4425,1433 4514,1433 4604,1433 4693,1433 4783,1439 4872,1439 4962,1439 5052,1445 5141,1445 5231,1445 5320,1445 5410,1445 5499,1451 5589,1451 5679,1445 5702,1445"/>
                <TextEquiv>
                    <Unicode>die kahle Treppe des armseligen Hauses hinan-</Unicode>
                </TextEquiv>
            </TextLine>
            <TextLine id="tr_1_tl_8" custom="readingOrder {index:7;}">
                <Coords points="3600,1650 5621,1645 5619,1539 3597,1522"/>
                <Baseline points="3612,1570 3702,1576 3792,1576 3881,1576 3971,1576 4060,1582 4150,1582 4239,1582 4329,1582 4419,1582 4508,1588 4598,1588 4687,1588 4777,1594 4866,1594 4956,1594 5046,1594 5135,1600 5225,1594 5314,1600 5404,1600 5493,1606 5583,1606 5625,1612"/>
                <TextEquiv>
                    <Unicode>stieg und dachte es wieder, doch mit einigem</Unicode>
                </TextEquiv>
            </TextLine>
            <TextLine id="tr_1_tl_9" custom="readingOrder {index:8;}">
                <Coords points="3591,1740 4041,1826 4404,1751 5619,1818 5616,1703 5496,1676 3591,1653"/>
                <Baseline points="3606,1713 3696,1725 3786,1725 3875,1731 3965,1731 4054,1731 4144,1737 4233,1737 4323,1737 4413,1737 4502,1743 4592,1743 4681,1743 4771,1749 4860,1749 4950,1749 5040,1749 5129,1749 5219,1749 5308,1755 5398,1755 5487,1755 5577,1761 5625,1761"/>
                <TextEquiv>
                    <Unicode>Herzklopfen und zugleich gerührt, als er vor</Unicode>
                </TextEquiv>
            </TextLine>
            <TextLine id="tr_1_tl_10" custom="readingOrder {index:9;}">
                <Coords points="3600,1941 3706,1907 3787,1949 3940,1941 4021,1974 4097,1952 4169,1997 4323,1980 4320,1810 4295,1801 4136,1832 3910,1798 3801,1801 3739,1837 3597,1815"/>
                <Baseline points="3612,1881 3702,1881 3792,1881 3881,1881 3971,1887 4060,1887 4150,1887 4239,1893 4329,1893"/>
                <TextEquiv>
                    <Unicode>der Türe stand.</Unicode>
                </TextEquiv>
            </TextLine>
            <TextLine id="tr_1_tl_11" custom="readingOrder {index:10;}">
                <Coords points="3854,2114 4203,2050 4792,2131 5613,2086 5610,1980 5535,1969 4158,1999 3851,1944"/>
                <Baseline points="3869,2030 3959,2036 4048,2042 4138,2042 4227,2042 4317,2048 4407,2048 4496,2048 4586,2054 4675,2054 4765,2054 4854,2060 4944,2054 5034,2060 5123,2060 5213,2060 5302,2066 5392,2066 5481,2066 5571,2072 5619,2072"/>
                <TextEquiv>
                    <Unicode>Annetie öfinete selbst und führte ihn</Unicode>
                </TextEquiv>
            </TextLine>
            <TextLine id="tr_1_tl_12" custom="readingOrder {index:11;}">
                <Coords points="3600,2226 5588,2287 5529,2142 3597,2122"/>
                <Baseline points="3612,2197 3702,2197 3792,2197 3881,2197 3971,2197 4060,2197 4150,2197 4239,2203 4329,2203 4419,2203 4508,2203 4598,2203 4687,2209 4777,2215 4866,2215 4956,2215 5046,2215 5135,2221 5225,2221 5314,2221 5404,2227 5493,2227 5583,2227 5595,2233"/>
                <TextEquiv>
                    <Unicode>gleich in das kleine schmale Gangzimmer, das</Unicode>
                </TextEquiv>
            </TextLine>
            <TextLine id="tr_1_tl_13" custom="readingOrder {index:12;}">
                <Coords points="4527,2295 4622,2298 4647,2284 4680,2298 4708,2290 4733,2307 4778,2298 4803,2304 4800,2231 4775,2228 4767,2237 4728,2220 4711,2231 4691,2220 4666,2228 4652,2217 4608,2228 4577,2214 4524,2220"/>
                <Baseline points="4538,2281 4628,2287 4717,2287 4807,2287"/>
                <TextEquiv>
                    <Unicode>In dem</Unicode>
                </TextEquiv>
            </TextLine>
            <TextLine id="tr_1_tl_14" custom="readingOrder {index:13;}">
                <Coords points="3586,2371 3837,2357 4085,2446 5582,2402 5579,2312 5275,2281 4753,2337 3586,2281"/>
                <Baseline points="3600,2346 3690,2346 3780,2346 3869,2352 3959,2352 4048,2352 4138,2352 4227,2352 4317,2352 4407,2358 4496,2364 4586,2364 4675,2364 4765,2370 4854,2370 4944,2370 5034,2376 5123,2376 5213,2382 5302,2382 5392,2382 5481,2382 5571,2388 5589,2388"/>
                <TextEquiv>
                    <Unicode>sie allein bewohnte. xxx grösseren mit zwei</Unicode>
                </TextEquiv>
            </TextLine>
            <TextLine id="tr_1_tl_15" custom="readingOrder {index:14;}">
                <Coords points="3588,2589 5767,2566 5727,2466 3586,2410"/>
                <Baseline points="3600,2490 3690,2496 3780,2502 3869,2508 3959,2508 4048,2508 4138,2514 4227,2514 4317,2514 4407,2514 4496,2520 4586,2520 4675,2526 4765,2526 4854,2531 4944,2531 5034,2531 5123,2531 5213,2531 5302,2537 5392,2537 5481,2537 5571,2543 5661,2543 5750,2549 5774,2549"/>
                <TextEquiv>
                    <Unicode>Fenstern auf die Strasse und dem Blick über die</Unicode>
                </TextEquiv>
            </TextLine>
            <TextLine id="tr_1_tl_16" custom="readingOrder {index:15;}">
                <Coords points="3588,2714 5702,2728 5699,2603 5356,2653 5046,2586 4739,2644 3586,2586"/>
                <Baseline points="3600,2651 3690,2657 3780,2657 3869,2657 3959,2663 4048,2663 4138,2669 4227,2669 4317,2675 4407,2675 4496,2675 4586,2681 4675,2681 4765,2681 4854,2681 4944,2687 5034,2687 5123,2693 5213,2693 5302,2693 5392,2699 5481,2699 5571,2699 5661,2705 5708,2705"/>
                <TextEquiv>
                    <Unicode>Dächer auf das Hügelland, schliefen die beiden</Unicode>
                </TextEquiv>
            </TextLine>
            <TextLine id="tr_1_tl_17" custom="readingOrder {index:16;}">
                <Coords points="3572,2834 5772,2901 5741,2728 5549,2798 3569,2723"/>
                <Baseline points="3588,2806 3678,2812 3768,2812 3857,2812 3947,2812 4036,2818 4126,2818 4216,2824 4305,2824 4395,2830 4484,2830 4574,2836 4663,2836 4753,2836 4843,2836 4932,2842 5022,2842 5111,2848 5201,2848 5290,2854 5380,2854 5470,2860 5559,2860 5649,2860 5738,2866 5780,2872"/>
                <TextEquiv>
                    <Unicode>Schwestern. Die ältere, die Verkäuferin in einem</Unicode>
                </TextEquiv>
            </TextLine>
            <TextLine id="tr_1_tl_18" custom="readingOrder {index:17;}">
                <Coords points="3896,2910 3996,2913 4004,2901 4080,2927 4133,2913 4166,2932 4206,2915 4334,2921 4331,2848 4303,2837 4219,2846 4186,2826 4102,2848 4083,2834 4027,2843 4004,2826 3893,2832"/>
                <Baseline points="3911,2896 4001,2896 4090,2902 4180,2902 4269,2902 4341,2908"/>
                <TextEquiv>
                    <Unicode>Handschuh,</Unicode>
                </TextEquiv>
            </TextLine>
            <TextLine id="tr_1_tl_19" custom="readingOrder {index:18;}">
                <Coords points="3572,3010 5708,3058 5708,2966 5535,2910 5029,2963 4694,2885 4493,2941 3569,2901"/>
                <Baseline points="3583,2973 3672,2967 3762,2973 3851,2973 3941,2973 4030,2979 4120,2985 4210,2985 4299,2985 4389,2991 4478,2991 4568,2991 4657,2997 4747,2997 4837,3003 4926,3003 5016,3003 5105,3003 5195,3009 5284,3015 5374,3015 5464,3015 5553,3021 5643,3021 5714,3021"/>
                <TextEquiv>
                    <Unicode>geschäft war, und die jünge-</Unicode>
                </TextEquiv>
            </TextLine>
            <TextLine id="tr_1_tl_20" custom="readingOrder {index:19;}">
                <Coords points="3572,3158 5655,3183 5619,3077 4582,3094 4300,3010 3988,3089 3569,3075"/>
                <Baseline points="3583,3123 3672,3123 3762,3123 3851,3129 3941,3129 4030,3135 4120,3135 4210,3135 4299,3141 4389,3141 4478,3147 4568,3147 4657,3153 4747,3159 4837,3159 4926,3159 5016,3159 5105,3164 5195,3164 5284,3170 5374,3170 5464,3176 5553,3176 5643,3176 5661,3182"/>
                <TextEquiv>
                    <Unicode>re hatte einen Posten als Laufmädel in einem</Unicode>
                </TextEquiv>
            </TextLine>
            <TextLine id="tr_1_tl_21" custom="readingOrder {index:20;}">
                <Coords points="3569,3267 4328,3390 4580,3323 5727,3371 5725,3273 4876,3256 4596,3153 4125,3237 3566,3186"/>
                <Baseline points="3583,3260 3672,3272 3762,3278 3851,3278 3941,3284 4030,3284 4120,3290 4210,3290 4299,3290 4389,3296 4478,3302 4568,3302 4657,3302 4747,3302 4837,3308 4926,3308 5016,3314 5105,3314 5195,3314 5284,3320 5374,3320 5464,3320 5553,3326 5643,3332 5732,3332"/>
                <TextEquiv>
                    <Unicode>Konfektionsgeschäft. Die ältere mit ihren vier-</Unicode>
                </TextEquiv>
            </TextLine>
            <TextLine id="tr_1_tl_22" custom="readingOrder {index:21;}">
                <Coords points="3563,3460 3954,3541 4189,3485 5705,3527 5674,3385 3560,3359"/>
                <Baseline points="3577,3427 3666,3427 3756,3433 3845,3439 3935,3439 4024,3445 4114,3445 4204,3445 4293,3445 4383,3451 4472,3451 4562,3451 4651,3457 4741,3457 4831,3457 4920,3463 5010,3469 5099,3469 5189,3475 5278,3475 5368,3475 5458,3481 5547,3481 5637,3487 5708,3493"/>
                <TextEquiv>
                    <Unicode>unddreissig Jahren schon etwas altjüngferlich,</Unicode>
                </TextEquiv>
            </TextLine>
            <TextLine id="tr_1_tl_23" custom="readingOrder {index:22;}">
                <Coords points="3552,3692 4284,3611 5764,3706 5789,3560 3546,3502"/>
                <Baseline points="3565,3583 3654,3583 3744,3583 3833,3588 3923,3594 4012,3594 4102,3594 4192,3600 4281,3600 4371,3606 4460,3612 4550,3612 4639,3612 4729,3612 4819,3618 4908,3618 4998,3618 5087,3624 5177,3624 5267,3630 5356,3624 5446,3630 5535,3636 5625,3636 5714,3642 5798,3630"/>
                <TextEquiv>
                    <Unicode>hatte einen Bräutigam, einen jüdischen Handlungs-</Unicode>
                </TextEquiv>
            </TextLine>
        </TextRegion>
    </Page>
</PcGts>
