6230 3880
5594 301 5794 457 123
3672 478 5788 636 weniger Unwirsches in ihrem xxxon als sonst und
2167 433 2370 651 des
3666 579 5782 794 als sie sich von ihm verabschiedete blieb ihr
3672 761 5952 979 Blick weniger fahrig als sonst,mit einer gewissen
3636 922 5125 1107 Milde auf seiner Stirne haften.
4018 1072 5794 1281 Die nächste Begegnung war nicht mehr
3648 1197 6009 1439 ganz so zufällig. Es war um die Mittagsstunde nach
3666 1394 6045 1567 dem Unterricht und sie spazierten in einem leichten
3654 1522 5967 1719 Schneefall in den feuchten Alleen des Stadtparks
3648 1704 6048 1904 hin und her. Sie hatte indess einiges im Grillparze
3660 1809 5871 2036 gelesen, aber Rudolf fühlte, dass sie damit eher
3648 1973 5979 2215 eine Höflichkeitspflicht erfüllt zu haben glaubte.
3654 2116 5949 2331 als einem inneren Drang nachgegeben hatte und sie
3648 2295 5871 2469 sprach darüber eher mit Freundlichkeit.ja mit
3660 2472 5931 2678 einer komischen Herablassung, als mit Begeisterung
3666 2603 5907 2767 und Verständnis. Zuweilen fiel immerhin ein ganz
3648 2764 5913 2922 kluges Wort, aber keineswegs schienen für sie ir-
3654 2898 5874 3072 gendwelche wesentliche Unterschiede des Niveaus
3642 3069 5901 3233 zwischen den Werken eines Pichters und eines be-
3666 3233 5895 3391 liebigen Theaterschriftstellers zu bestehen. Das
2248 3304 2403 3495 met
3654 3352 5782 3540 aber tat ihm eher wohl. Alles was sie sagte was
3660 3475 5946 3695 ohne Wichtigtuerei, Ueberheblichkeit oder Snobis-
