6136 4200
4185 553 5420 750 Hulrig widersprach heftig.
3637 731 5579 928 „Selbstverständlich ist die Angelegenheit
3684 887 5642 1068 erledigt, nur muss man darauf gefasst sein,
3689 1046 4754 1268 dass sie leugnen wird."
4166 1216 5710 1400 "Leugnen? Das wird sie sich nicht
3695 1364 5650 1575 trauen. Jedesfalls stehe ich dir als Zeuge.
3684 1547 4379 1714 zur Verfügung.
4251 1704 5713 1903 Nicht das. Aber sie wird nicht
3684 1887 5721 2029 zugestehen, dass - du weisst, die Mädel haben
3697 2002 5834 2210 Verwandte in Mähren, einen Onkel aus Prossnitz,
3684 2186 5672 2369 der kommt manchmal nach Wien, -es wäre doch
3684 2388 4256 2520 möglich - "
4226 2490 5839 2709 "Red nicht daher wie ein Geier", un-
3695 2662 5844 2832 terbrach ihn Richard. Dies war noch von Gymna¬
3664 2848 5866 3010 sialzeiten her der Einfachheit halber das übli-
3681 2977 5850 3158 che Wort, ob es passte oder nicht. Und er fügte
3656 3147 5782 3317 hinzu: „Onkel gibt’s überhaupt nicht. Und kei¬
3684 3289 5836 3517 neswegs gibt es zwei zugleich. Und gewiss geht
3678 3440 5176 3648 man nicht ins Hotel mit ihnen.“
