6136 4136
3642 547 5738 737 gen Monaten noch ärgerlich,misstrauisch,viel-
3637 734 5741 914 leicht rasend gemacht hätie,- heute empfand er
3639 860 5746 1075 es wie eine Enttäuschung, dass es kein Absage-
3637 1032 5649 1241 brief von "nnette" war, sondern ein Schreiben
3656 1160 5515 1388 obolde mit kühlen Dankeswe kühler Dank-
3631 1348 5609 1533 schreiben Dobolds, dem eine Fünfguldenbank-
3637 1509 5663 1699 note beigeschlossen war. Die Pünktlichkeit
3650 1640 5719 1852 Dobolds, auf die er nicht gerechnet,beschämte
3597 1790 5526 2042 ihn ein wenig. Im Gasthof sass er später
3626 1959 5703 2187 mit einigen Kollegen, dann begab man sich in
3650 2152 5577 2332 daas übliche Café, wo Rudolf mit Lapa eine
3650 2305 5759 2487 Karambolpartie spielte. Dann folgte die Nach-
3637 2425 5698 2645 mittagsvisite unter Führung Doktor Lüdemanns
3656 2621 5657 2766 Am Nachmittag beteiligte sich Rudolf an der
3666 2755 5767 2961 Visite unter Führung des Assistenten Lüdemann
3650 2927 5657 3103 und führte seine Krankengeschichten weiter.
4122 3082 5735 3270 Für den Abend xxxx
3661 3245 5722 3422 wurde er von Annette erwartet, doch zog er es
3650 3377 5800 3551 vor sich mit ein paar Zeilen zu entschuldigen.
3650 3540 5778 3717 Es war die vierte oder fünfte Absage seit dem
3656 3661 5722 3859 Sommer und er hoffte jedesmal von neuem, dass
