6168 4232
5448 466 5642 616 1009
3591 537 5794 804 hatte. Er begrüsste sie wie eine gut Bekannte;
3620 775 5677 959 auch sie tat keineswegs fremd, dabei hatte er
3603 892 5765 1100 doch bisher nur ein paar Worte mit ihr gewech-
3594 1036 5853 1256 selt. Die Szenen gingen rasch vorbei, es gab wie-
3600 1238 5903 1417 der ein paar klassische Auftritte und als ganzen
3597 1370 5932 1528 Akt den Philotas von lessing und ein kurzes fran-
3579 1517 5841 1716 zösisches Lustspiel. Rudolf fühlte sich wie zu-
3582 1681 5856 1851 hause. Er fragte sich kaum,wie die Leistungen wa-
3582 1860 5829 2039 ren, hörte nur mit mässiger Aufmerksamkeit zu,un-
3597 2007 5876 2168 terhielt sich in den Zwischenspausen mit der jun-
3567 2148 5829 2341 gen Dame vor ihm und wurde flüchtig ihren Freun-
3570 2335 5926 2467 den und Freundinnen vorgestellt. Manchmal fiel ihm
3582 2473 5759 2635 ein, dass er eigentlich heute als Kritiker hier
3570 2611 5823 2799 sass; aber er glaubte es selbst nicht recht. Im-
3559 2767 5803 2925 merhin machte er sich kurze Notizen auf das Pro-
3570 2931 5785 3116 gramm und kam sich dabei selber komisch vor. In
3556 3060 5706 3256 einer der ersten Programmnummern war Fräulein
3565 3212 5797 3403 Labitzka ganz flüchtig vorbeigeschwebt in einer
3547 3350 5735 3544 ganz kleinen Hölle, eine Art Stubenmädchen oder
3541 3532 5806 3720 dergleichen, so flüchtig, dass Rudolf es kaum be-
