6136 4120
3626 554 5695 766 sie es sich nicht länger würde gefallen las-
3634 763 5755 917 sen. Aber die Verstimmungen endeten immer auf
3650 912 5744 1091 gleiche Weise und nach etlichen Tränen - ach,
3650 1044 5744 1265 wie er sie hasste, diese dummen Tränen und wie
3639 1226 5717 1438 hässlich sie aussah mit der leicht geröteten
3639 1383 5634 1524 Nase und den rosa Flecken in dem schlaffen
3656 1570 5761 1711 bleichen Gesicht - wurde sie immer noch zärt-
3645 1703 5860 1840 licher und manchmal schien es ihm fast, als wenn
3639 1843 5628 2000 sie nun erst ihn tatsächlich zu lieben be-
3656 2014 5857 2152 gänne. Denn dass sie wegen der armseligen Unter-
3639 2165 5761 2369 stützungen an ihm hing, die seit geraumer Zeit
3656 2284 5808 2504 an die Stelle der früheren kleinen Aufmerksam-
3656 2477 5725 2637 keiten getreten waren, die er ihr in üblicher
3675 2595 5678 2791 Weise zu Anfang ihrer Beziehungen verehrt
3639 2794 5761 2989 hatte, - das war kaum anzunehmen. Und er zog es
3667 2929 5576 3105 vor sich über die äusseren Umstände ihrer
4075 3044 4402 3146 keinen
4706 3050 5342 3157 nachprüfenden
3645 3091 5714 3265 Existenz keine weiteren Gedanken
3645 3226 5587 3435 hinzugeben. Dass er noch immer kein ent-
3645 3400 5813 3546 schiedenes Ende gemacht hatte, empfand er frei-
3639 3557 5719 3772 lich als Schwäche und beruhigte sich mit der
