6168 4248
5618 358 5815 552 114
1624 433 2167 681 adresseur et de
3534 469 5812 734 wie immer und übellaunig beinahe, als wenn sie es
3561 701 5621 887 ihm zum Vorwurf machte, bemerkte sie zu ihrer
3549 863 5660 1042 Schwester: "Der Herr Doktor will mir ein paar
3543 1027 5806 1203 Bücher schicken."- „Was denn für Bücher?“ fragte
3543 1143 5842 1346 Sofie. Rudolf beschränkte sich in seiner
3537 1313 5851 1492 Erwiderung nicht mehr auf einige Dramen von Grill
3543 1472 5818 1651 parzer,sondern bemerkte ganz im allgemeinenm, dass
3406 1627 5803 1827 er den Damen mit seiner ganzen Bibliothek zur Verfü-
3534 1794 5773 1979 gung stände. Sie mögen ihm nur schreiben, was sie
3537 1943 5854 2122 gerade benötigten,seine Adresse sei Wien, Allgemei-
3522 2092 5737 2328 nes Krankenhaus.- "Ste wohnen im Spital?" fragte
3558 2233 3878 2376 ofie.-
3916 2304 5848 2603 "Zum Teil“, erwiderte er. Meine Bibliothek,
3510 2555 5779 2734 steht eigentlich in meinem Elternhaus. In meinem
3513 2695 5824 2946 Spitalszimmer hätte siekeinen Platz. "Er empfahl
3513 2809 3782 2988 sich.
3949 3024 5970 3218 "Dank schön für die Begleitung", sagte Maria,
3501 3107 5785 3367 entzog ihm gleich wieder ihre Hand, die er etwas
3495 3266 5764 3504 zu lebhaft gedrückt hatte und war auch schon im
3495 3478 5815 3740 Haustor verschwunden. Sofie aber schüttelte seine
