6168 4232
3497 526 5788 713 er nicht der Dichter, der es ist. Seine Kälte ge-
3497 701 5848 881 hört zu seinem Wesen." Der alte Forlan war befrem:
3491 869 5823 1031 det. Er war Widerspruch zuhause nicht gewöhnt und
3509 1052 5748 1193 dass gar Friederike für den Dichter Partei nahm,
3503 1217 5788 1364 konnte er seiner Art nach am wenigsten verstehen.
3487 1333 5745 1548 Für ihn war Dilenz vor allem der Herr, der seiner
3491 1488 5748 1697 Tochter gewiss ohne bösen Willen den
3478 1694 5798 1865 Kopf verdreht hatte. Sie war damals wirklich noch
3491 1809 5779 1996 ein Kind gewesen und für Forlan, der die Welt sehr
3487 1977 5776 2152 einfach sah, stand es fest dass ein jun-
3497 2145 5745 2289 ges Mädchen dem Mann, dem es einmal sein Herz ge-
3472 2285 5841 2485 schenkt ohne Gegenliebe zu finden.ni mals wirklich
3487 2426 5704 2612 verzeihen konnte. Und es wunderte ihn, dass sie
3475 2603 5723 2777 ihn sogar für einen Dichter zu halten schien. So
3472 2759 5698 2939 bemerkte er und sprach damit einen Satz aus, den
3462 2908 5810 3098 man über Eilenz nicht selten zu hören oder zu le-
3450 3036 5953 3257 sen bekam: „Ein wahrer Dichter wird niemals egoistisch
3447 3195 5913 3394 sein“. Unwillkürlich begegneten sich hier die Blicke
3450 3341 5953 3525 der Geschwister und obwohl Rudolf keinerlei Sympathie
3462 3506 5661 3749 für Delenz, sondern fast einen ungerechten Haas
