<?xml version="1.0" encoding="UTF-8" standalone="yes"?>
<PcGts xmlns="http://schema.primaresearch.org/PAGE/gts/pagecontent/2013-07-15" xmlns:xsi="http://www.w3.org/2001/XMLSchema-instance" xsi:schemaLocation="http://schema.primaresearch.org/PAGE/gts/pagecontent/2013-07-15 http://schema.primaresearch.org/PAGE/gts/pagecontent/2013-07-15/pagecontent.xsd">
    <Metadata>
        <Creator>prov=READ-COOP:name=TrHtr:version=2.1.0:model_id=51170:date=28_07_2023_01:41</Creator>
        <Created>2023-05-10T11:13:00.138+02:00</Created>
        <LastChange>2023-07-28T01:41:47.169+02:00</LastChange>
        <TranskribusMetadata docId="1428132" pageId="55384460" pageNr="62" tsid="131312833" status="IN_PROGRESS" userId="64420" imgUrl="https://files.transkribus.eu/Get?id=VSLWHIEXWMMPDJGOTZKFAOPH&amp;fileType=view" xmlUrl="https://files.transkribus.eu/Get?id=FGKYRLHMCWEJDGOPLVOHZCNA" imageId="44659359"/>
    </Metadata>
    <Page imageFilename="1428132_0062.jpg" imageWidth="6168" imageHeight="4216">
        <ReadingOrder>
            <OrderedGroup id="ro_1711824644175" caption="Regions reading order">
                <RegionRefIndexed index="0" regionRef="tr_1"/>
            </OrderedGroup>
        </ReadingOrder>
        <TextRegion id="tr_1" custom="readingOrder {index:0;}">
            <Coords points="3565,612 5786,612 5786,2942 3565,2942"/>
            <TextLine id="tr_1_tl_1" custom="readingOrder {index:0;}">
                <Coords points="3550,780 3947,714 4630,783 4847,694 4955,778 5383,778 5686,747 5688,611 4663,611 4330,531 3552,608"/>
                <Baseline points="3565,710 3636,716 3726,716 3815,716 3905,716 3995,710 4084,710 4174,710 4263,710 4353,704 4442,704 4532,704 4622,704 4711,704 4801,698 4890,692 4980,692 5069,692 5159,692 5249,686 5338,686 5428,686 5517,680 5607,680 5696,662"/>
                <TextEquiv>
                    <Unicode>strebenswert erschien. Ohne dies geradezu aus-</Unicode>
                </TextEquiv>
            </TextLine>
            <TextLine id="tr_1_tl_2" custom="readingOrder {index:1;}">
                <Coords points="3555,908 5094,853 5736,919 5738,769 3555,822"/>
                <Baseline points="3571,877 3594,877 3684,871 3774,871 3863,871 3953,871 4042,871 4132,871 4221,865 4311,865 4401,865 4490,865 4580,865 4669,859 4759,859 4848,853 4938,853 5028,853 5117,847 5207,842 5296,842 5386,842 5476,842 5565,842 5655,836 5744,830"/>
                <TextEquiv>
                    <Unicode>zusprechen,gab er doch mit beziehungsvollem Lä-</Unicode>
                </TextEquiv>
            </TextLine>
            <TextLine id="tr_1_tl_3" custom="readingOrder {index:2;}">
                <Coords points="3566,1097 4322,1028 4750,1103 5205,1036 5674,1097 5677,908 3569,955"/>
                <Baseline points="3583,1039 3624,1033 3714,1033 3803,1033 3893,1033 3983,1033 4072,1027 4162,1027 4251,1027 4341,1027 4430,1021 4520,1021 4610,1027 4699,1021 4789,1021 4878,1015 4968,1015 5058,1015 5147,1009 5237,1009 5326,1009 5416,1003 5505,1003 5595,997 5685,997"/>
                <TextEquiv>
                    <Unicode>cheln seiner Erwartung Ausdruck, dass der Sohn</Unicode>
                </TextEquiv>
            </TextLine>
            <TextLine id="tr_1_tl_4" custom="readingOrder {index:3;}">
                <Coords points="3558,1280 5494,1250 5630,1219 5633,1089 3561,1108"/>
                <Baseline points="3577,1194 3666,1194 3756,1194 3845,1194 3935,1194 4024,1194 4114,1194 4204,1188 4293,1188 4383,1188 4472,1188 4562,1182 4651,1182 4741,1176 4831,1176 4920,1176 5010,1170 5099,1176 5189,1170 5278,1170 5368,1170 5458,1170 5547,1164 5637,1164"/>
                <TextEquiv>
                    <Unicode>diesmal nicht, wie es neulich bei Gelegenheit</Unicode>
                </TextEquiv>
            </TextLine>
            <TextLine id="tr_1_tl_5" custom="readingOrder {index:4;}">
                <Coords points="3561,1458 4447,1380 4700,1447 5494,1414 5711,1364 5713,1236 3564,1275"/>
                <Baseline points="3577,1355 3660,1355 3750,1355 3839,1355 3929,1355 4018,1355 4108,1355 4198,1355 4287,1349 4377,1349 4466,1343 4556,1343 4645,1343 4735,1343 4825,1337 4914,1337 5004,1337 5093,1337 5183,1331 5272,1337 5362,1331 5452,1331 5541,1325 5631,1325 5720,1331"/>
                <TextEquiv>
                    <Unicode>einer solchen häuslichen Gesellschaft der Fall</Unicode>
                </TextEquiv>
            </TextLine>
            <TextLine id="tr_1_tl_6" custom="readingOrder {index:5;}">
                <Coords points="3561,1575 5513,1600 5716,1530 5719,1453 4916,1397 4663,1455 4480,1392 4394,1455 3564,1458"/>
                <Baseline points="3577,1528 3666,1516 3756,1516 3845,1516 3935,1516 4024,1516 4114,1516 4204,1510 4293,1510 4383,1510 4472,1510 4562,1504 4651,1504 4741,1504 4831,1498 4920,1498 5010,1498 5099,1498 5189,1498 5278,1492 5368,1492 5458,1492 5547,1486 5637,1486 5726,1498"/>
                <TextEquiv>
                    <Unicode>gewesen,gerade an diesem Abend dienstlich ver-</Unicode>
                </TextEquiv>
            </TextLine>
            <TextLine id="tr_1_tl_7" custom="readingOrder {index:6;}">
                <Coords points="3566,1708 4625,1666 4830,1750 5766,1661 5766,1586 5602,1561 3569,1605"/>
                <Baseline points="3583,1678 3624,1672 3714,1672 3803,1672 3893,1672 3983,1672 4072,1672 4162,1666 4251,1666 4341,1666 4430,1666 4520,1666 4610,1666 4699,1666 4789,1660 4878,1660 4968,1660 5058,1654 5147,1654 5237,1654 5326,1654 5416,1648 5505,1648 5595,1648 5685,1648 5774,1636"/>
                <TextEquiv>
                    <Unicode>hindert sein würde. Aber er kam mit seiner Be-</Unicode>
                </TextEquiv>
            </TextLine>
            <TextLine id="tr_1_tl_8" custom="readingOrder {index:7;}">
                <Coords points="3550,1886 5561,1878 5783,1808 5786,1683 5169,1772 4697,1714 3550,1775"/>
                <Baseline points="3565,1833 3636,1833 3726,1833 3815,1827 3905,1833 3995,1833 4084,1827 4174,1827 4263,1827 4353,1827 4442,1827 4532,1827 4622,1821 4711,1821 4801,1821 4890,1821 4980,1815 5069,1815 5159,1815 5249,1815 5338,1809 5428,1809 5517,1809 5607,1803 5696,1803 5786,1809"/>
                <TextEquiv>
                    <Unicode>merkung der Stimmung seines Sohnes diesmal viel</Unicode>
                </TextEquiv>
            </TextLine>
            <TextLine id="tr_1_tl_9" custom="readingOrder {index:8;}">
                <Coords points="3566,2058 4983,2005 5138,2066 5780,1972 5780,1864 4069,1930 3897,1858 3569,1928"/>
                <Baseline points="3583,1982 3636,1988 3726,1988 3815,1988 3905,1988 3995,1988 4084,1988 4174,1982 4263,1988 4353,1982 4442,1982 4532,1982 4622,1982 4711,1982 4801,1976 4890,1976 4980,1976 5069,1970 5159,1976 5249,1970 5338,1964 5428,1964 5517,1964 5607,1964 5696,1964 5786,1964"/>
                <TextEquiv>
                    <Unicode>entschiedener entgegen, als er es selbst gedacht</Unicode>
                </TextEquiv>
            </TextLine>
            <TextLine id="tr_1_tl_10" custom="readingOrder {index:9;}">
                <Coords points="3566,2219 5641,2172 5641,2061 5511,2028 3569,2058"/>
                <Baseline points="3583,2149 3588,2143 3678,2143 3768,2149 3857,2143 3947,2143 4036,2143 4126,2143 4216,2137 4305,2137 4395,2137 4484,2137 4574,2131 4663,2131 4753,2131 4843,2131 4932,2131 5022,2131 5111,2131 5201,2131 5290,2125 5380,2125 5470,2125 5559,2119 5649,2119"/>
                <TextEquiv>
                    <Unicode>hatte.Denn jenen durchzuckte es eine Sekunde</Unicode>
                </TextEquiv>
            </TextLine>
            <TextLine id="tr_1_tl_11" custom="readingOrder {index:10;}">
                <Coords points="3552,2369 5688,2339 5691,2214 5094,2166 4663,2244 3555,2236"/>
                <Baseline points="3571,2305 3636,2305 3726,2305 3815,2305 3905,2299 3995,2305 4084,2305 4174,2299 4263,2293 4353,2293 4442,2293 4532,2299 4622,2293 4711,2299 4801,2293 4890,2287 4980,2287 5069,2287 5159,2287 5249,2287 5338,2287 5428,2281 5517,2287 5607,2281 5696,2269"/>
                <TextEquiv>
                    <Unicode>lang, als könnte das junge Mädchen für ihn ir¬</Unicode>
                </TextEquiv>
            </TextLine>
            <TextLine id="tr_1_tl_12" custom="readingOrder {index:11;}">
                <Coords points="3572,2503 5694,2491 5694,2380 5180,2325 4652,2400 3572,2380"/>
                <Baseline points="3588,2466 3642,2466 3732,2460 3821,2454 3911,2454 4001,2454 4090,2454 4180,2454 4269,2454 4359,2454 4448,2448 4538,2448 4628,2448 4717,2448 4807,2448 4896,2448 4986,2448 5075,2442 5165,2442 5255,2442 5344,2442 5434,2442 5523,2442 5613,2436 5702,2442"/>
                <TextEquiv>
                    <Unicode>gendetwas wie die Rettung nicht nur aus einer</Unicode>
                </TextEquiv>
            </TextLine>
            <TextLine id="tr_1_tl_13" custom="readingOrder {index:12;}">
                <Coords points="3591,2653 5708,2633 5741,2483 5505,2544 5033,2489 4691,2564 4463,2503 3591,2550"/>
                <Baseline points="3606,2615 3684,2615 3774,2609 3863,2609 3953,2609 4042,2609 4132,2609 4221,2609 4311,2609 4401,2609 4490,2609 4580,2609 4669,2609 4759,2609 4848,2603 4938,2603 5028,2603 5117,2603 5207,2603 5296,2603 5386,2603 5476,2603 5565,2597 5655,2597 5744,2597"/>
                <TextEquiv>
                    <Unicode>bestimmten ärgerlichen Beziehung,sondern aus</Unicode>
                </TextEquiv>
            </TextLine>
            <TextLine id="tr_1_tl_14" custom="readingOrder {index:13;}">
                <Coords points="3572,2800 3844,2852 5724,2786 5724,2711 5555,2619 5344,2691 5186,2630 4466,2714 3572,2678"/>
                <Baseline points="3588,2770 3672,2770 3762,2764 3851,2770 3941,2770 4030,2770 4120,2770 4210,2770 4299,2764 4389,2770 4478,2770 4568,2770 4657,2764 4747,2770 4837,2770 4926,2764 5016,2758 5105,2758 5195,2758 5284,2758 5374,2758 5464,2758 5553,2758 5643,2752 5732,2746"/>
                <TextEquiv>
                    <Unicode>seiner dauernd unruhigen, ja verstörten Gemüts-</Unicode>
                </TextEquiv>
            </TextLine>
            <TextLine id="tr_1_tl_15" custom="readingOrder {index:14;}">
                <Coords points="3591,2983 3658,2969 3719,3019 3888,3030 3972,2991 4091,3050 4161,3019 4405,3050 4550,3025 4550,2861 4411,2830 4100,2883 3986,2841 3864,2866 3769,2839 3591,2886"/>
                <Baseline points="3606,2926 3696,2926 3786,2926 3875,2926 3965,2926 4054,2926 4144,2926 4233,2926 4323,2926 4413,2926 4502,2926 4556,2932"/>
                <TextEquiv>
                    <Unicode>verfassung bedeuten.</Unicode>
                </TextEquiv>
            </TextLine>
        </TextRegion>
    </Page>
</PcGts>
