6152 4216
3650 594 5714 793 driessen lassen eine Stunde lang in der Nähe
3645 755 5837 984 auf und ab zu gehen,ohne dass) die Paare wieder
3634 957 5016 1104 zum Vorschein gekommen wären.
3967 1082 5709 1251 Rudolf war nicht ganz so erfreut, als
3623 1243 5722 1442 Hulrig sich den Anschein gab es erwartet zu
3640 1409 5701 1619 haben und erkundigte sich nach Einzelheiten.
3623 1570 5684 1742 Hulrig zuckte die Achseln: "Ich habe leider
3626 1715 5695 1881 nicht in der Eile ein Zimmer im Hause vis-a-
3640 1971 5763 2102 vis nehmen können, aber ich denke die Tatsadhe
3645 2045 4395 2227 dürfte genügen.“
4016 2282 5840 2426 Rddolf bewahrte Haltung und etwas oben-
3615 2435 5188 2574 hin bemerkte er: "Und was jetzt?"
4078 2604 5605 2794 "Ausgezeichnet. Fragst du im
3626 2754 5717 2942 Ernst? Was jetzt? Das Luder hinausfeuern, und
3642 2920 5523 3124 dem lieben Gott auf den Knieen danken. "
4051 3102 5676 3280 Richard stimmte zu. "Es bleibt
3640 3176 5243 3383 tatsächlich nichts anderes übrig."
4081 3378 5676 3566 "Mir scheint gar es tut dir leid?"
3620 3547 4970 3716 sagte Hulrig beinahe streng.
