6152 4232
3416 519 5608 736 gegen ihn verspürte..fühlte er sich mit seiner
3398 715 5611 911 Schwester gleichsam verbündet ; als er die Mutter
3416 898 5590 1025 zu den letzten Worten ihres Gatten gedankenlos
3416 1037 5813 1233 nicken sah,empfand er: fremde Welt. Bei der grossen
3440 1185 5713 1345 Poiree erwies der Vater dem berühmten Gast trotz-
3416 1345 5680 1547 dem viel Ehre. Berühmtheit war für ihn die Magie
3416 1498 5771 1700 aller Magie. Dabei wusste er nicht,ob er sich nicht
3407 1685 5662 1881 selbst auch ein wenig für berühmt halten durfte.
3916 1851 5668 1975 Ein paar Tage später begegnete er Di-
3398 1969 5704 2177 lenz auf der Treppe eines Wohnhauses,
3422 2129 5759 2319 die er zum ersten Male hinaufstieg. Er sollte Pfau
3404 2288 5822 2478 Roveda besuchen, die Schauspielerin,die seit gestern
3410 2448 5828 2596 erst in der Behandlung seines Vaters stand. Der alte
3416 2581 5795 2750 Forlan hatte Herzbeschwerden, die er selbst leichter
3416 2750 5662 2900 nahm als seine Umgebung und Rudolf musste einige
3398 2894 5771 3102 Krankenvisiten für ihn absolvieren. Die Begrüssung
3416 3045 5834 3274 auf der Treppe war recht harmlos. Rudolf wusste, von
3404 3223 5807 3395 wo Tilenz kam,Dilenz wusste, wohin Rudolf ging,aber
3410 3371 5759 3528 es war mit keinem Wort davon die Rede. Es fiel Ru-
