6168 4216
3133 297 3457 552 7/4.1937
3565 516 5747 762 und empfand selbst in der Erinnerung seine hyp-
3547 714 5705 897 notischen Experimente als Spielerei, ja als et-
3565 864 5711 1071 was lächerlich und fühlte um seine eigenen Lip-
3547 1017 5813 1197 pen den gleichen spöttischen Zug, wie er ihn neu-
3550 1197 5837 1357 lich zu seinem Aerger um den Mund eines Assisten-
3547 1324 5705 1504 ten hatte spielen sehen, der seiner Produktion,
3547 1501 5801 1660 wie jener das beiläufig nannte, einmal beigewohnt
3532 1642 5753 1855 hatte. Er war entschlossen die ganze Sache auf-
3541 1804 5687 1981 zugeben, seine histologischen Arbeiten wieder
3544 1942 5855 2113 aufzunehmen, Anette nie wieder zu sehen und sich
3523 2104 4649 2296 mit Martha zu verloben.
3860 2251 5795 2407 Es fiel ihm ein, dass heute Abend die Vor-
3538 2395 5819 2629 stellung im Konservatorium stattfinden sollte, zu
3535 2551 5948 2713 der er die Billetts in der Tasche hatte. Und plötz.
3535 2725 5768 2890 lich hatte er wieder in der Nase den Geruch von
3541 2902 5843 3022 Parfums, Coulissen, Farben, Plüsch, jungen Frauen und
3541 3022 5828 3196 Staub, hörte das Raunen des Publikums, das Aufrau-
3535 3181 5789 3331 schen des Vorhangs und die plötzliche Stille, die
5018 3277 5480 3400 im Dunkel
3541 3295 5783 3487 eintrat, wenn die Wirklichkeit ringsum verschwand-
3529 3475 5819 3641 und im umrissenen Bühnenrahmen eine neue Welt in
