6136 4216
5470 400 5627 539 79
3578 536 4900 771 und brüsk sagte er: "Adieu."
4001 695 5879 916 Sie war plötzlich ganz kühl und gefasst
3613 895 4821 1029 "Wie du meinst", sagte sie.
4045 997 5856 1208 Er wandte sich plötzlich wieder zu ihr
3581 1211 5792 1402 um. Natürlich leg sie. Aber im Grunde interes-
3581 1327 5844 1539 sierte es ihn, wie sie ihm die ganze Sache erklä-
3596 1495 5865 1675 Es war immerhin möglich, dass sie in
3607 1652 5856 1854 der Hauptsache gar nicht log und nebstbei war es
3619 1857 5908 2054 ganz gleichgültig. Eigentlich hatte er eine Szene
3613 1979 5783 2170 gefürchtet. Nun schien es sich ja ganz einfach
3607 2127 5815 2356 zu lösen. Dass sie es so ruhig hinnahm, war das
3619 2315 5853 2457 im Grund ein Beweis für ihre Schuld? Keineswegs.
3619 2454 5836 2616 Er hatte sie ja genug gequält in diesen letzten
3619 2628 5809 2816 Monaten. So benützte sie vielleicht nur die Ge-
3613 2761 5844 2970 legenheit. Keineswegs hatte er einen Grund sich
3619 2924 5821 3138 zu entschuldigen. "Wie du meinst“,hatte sie ge-
3607 3118 5937 3263 sagt. Und wenn es auch wirklich der Onkel gewesen
3633 3228 5838 3410 war, - hanxkant xxx
3613 3370 5928 3552 harmlos für einen Uneingeweihten mochte es nicht
3619 3532 5896 3720 sonderlich harmlos ausgesehen haben,wenn die bei-
