6136 4120
3015 314 3341 472 22.9.30.
5469 416 5640 604 48
3574 550 5694 755 Das Tor des Krankenhauses tat sich auf. Eine
3591 736 5778 943 Viertelstunde später lag Rudolf in seinem etwas
3577 884 5668 1092 zu schmalen Bett, las noch ein paar Zeilen im
3591 1016 5736 1216 Charcot und schlief bald ein. Eigentlich hatte
3585 1202 5682 1409 er vorher seine Temperatur messen wollen, aber
3582 1367 5736 1522 es dann doch lieber sein lassen. Seine Lebens-
3580 1561 5649 1741 weise hätte er in keinem Falle geändert,- vor
3580 1659 5753 1870 allem kam es auf das Allgemeinbefinden an - und
3591 1828 5595 2038 gerade heute fühlte er sich besonders wohl,
3585 1999 5612 2181 wie schon lange nicht,-beinahe, als finge er
3585 2190 5750 2372 eine neue und bessere Epoche seines Lebens an.
4015 2319 5682 2468 Des Morgens freilich fühlte er sich
3574 2468 5587 2650 matt wie gewöhnlich und wäre gerne länger,
3574 2639 5823 2841 liegen geblieben, statt um acht Uhr Früh die Vor-
3585 2768 5778 2982 geschichten zweier gestern Abend eingelieferter
3580 2951 5789 3147 Kranken aufzunehmen, die eines hässlichen jungen
3574 3108 5607 3307 Madchens, das einen Selbstmordversuch verübt
3591 3226 5598 3467 hatte und trotz aller Bemühungen noch nicht
3580 3400 5696 3574 wieder zum Bewusstsein erwacht war, so dass er
3580 3523 5682 3737 nur auf den verwirrten Angaben einer verzwei-
