6152 4072
3540 538 5736 717 wiss vorzüglich geschriebene Artikel enthalte.-
3555 714 5820 908 obolt behauptete, dass jene Mängel keineswegs in
3534 890 5760 1049 Flüchtigkeiten der Beobachtung oder in unzurei-
3537 1040 5891 1234 chenden Kenntnissen ihre Ursache hätten, sondern in
3537 1228 5754 1383 der unvermeidlichen Rücksicht auf den Geschmack
3534 1353 5658 1559 der Zeitungsleser und auf die Wünsche des He-
3534 1515 5691 1709 rausgebers, dessen bezahlter Angestellter man -
3519 1688 5790 1852 trotz aller innerem Selbständigkeit und äusserer
3540 1828 5646 2002 Auflehnung - nun einmal war und immerhin noch
3510 2005 5739 2205 eine Zeitlang bleiben müsste. Nach einem höchst
3926 2163 5703 2312 Nach einem höchst anregenden Gespräch
4072 2250 4242 2345 sie
3513 2276 5805 2480 verabredetenxx für den übernächsten Tag ein Zu -
3507 2477 5885 2659 sammensein Kaffeehause. Bald darauf besuchten
3507 2605 5817 2808 sie auf Referentensitzen des Kleinen Abendblattes
3501 2775 5673 2958 die Jubiläumsaufführung einer Operette und un-
3501 2913 5715 3089 terhielten sich nachher im Hestaurant so unge-
3498 3056 5721 3286 zwungen, als es die Zurückhaltung gestattete,die
3489 3241 5718 3412 beiden jungen Leuten gemeinsam war,und die bei
3477 3409 5879 3585 Rudolf in einer natürlichen Befangenheit, mit Klau-
3489 3543 5817 3749 dies aber in dem Bestreben ihren Grund zu haben
