6152 4088
5616 415 5774 581 13
3624 527 5885 770 zu verlassen, als es an die Türe klopfte. Hulrig,
3630 716 5845 907 dachte er erfreut und fühlte wieder einmal, dass
3630 873 5748 1068 von allen Freunden dieser liebenswürdige, aber
3630 1062 5791 1245 treulose, seinem Herzen doch am nächsten stand.
3624 1182 5891 1374 Aber der eintrat war nicht der Erwartete, sondern
3604 1383 5777 1574 Klaudius Dobolt, Mitarbeiter der kleinen Abend-
3618 1531 5777 1723 zeitung, dessen Bekanntschaft Rudolf erst kürz-
3618 1672 5785 1875 lich gewissermassen beruflich oder dienstlich
3641 1803 5705 2027 gemacht hatte. Am Morgen
3615 1961 5797 2178 nach dem Abend, da der
3630 2153 5828 2356 Komiker Matthäus Schwarz auf der Bühne in Wahn-
3618 2287 5777 2476 sinn verfallen und auf die psychiatrische Kli-
3624 2476 5762 2651 nik eingeliefert worden war, hatte sich Dobolt
3635 2596 5814 2808 eingefunden und sich dem gerade diensthabenden
3638 2788 5828 2983 Doktor Forlan vorgestellt und sich als Schrift-
3621 2908 5739 3094 steller und intimer Freund des Komibers drin-
3630 3089 5731 3266 gend erbeten den Kranken sehen zu dürfen. Er
3615 3283 5914 3444 verweilte nach erhaltener Erlaubnis nur ganz kur-
3618 3366 5845 3544 ze Zeit bei ihm,der heute teilnahmelos in sei-
3610 3584 5848 3801 nem vergitterten Bette kauernd den Freund nicht
