6120 4088
3522 538 5637 787 treten war,um Götz seine Dienste anzubieten.
3516 737 5658 908 Als bald darauf Knappe Georg erschien, um Götz
3528 914 5749 1113 die Grüsse des Ritters Selbitz zu überbringen,
3540 1078 5713 1257 trat Lerse ein wenig gegen die Kulisse hin; es
3534 1234 5837 1442 war ihm deutlich anzumerken, dass er froh war seine
3572 1389 5778 1616 zene hinter sich zu haben, aber nun nichts rech-
3546 1563 5749 1765 tes mit sich anzufangen wusste. Etwas verlegen,
3537 1724 5740 1909 doch nicht ohne Befriedigung,blickte er in das
3546 1895 5710 2024 Parkett und mit hochgezogenen Brauen sandte er
3569 2044 5716 2203 einen stummen Gruss
3557 2183 5816 2379 nach einer Richtung hin, in der er wohl einen gu-
3569 2344 4947 2532 ten Bekannten entdeckt hatte.
4242 2506 5907 2694 Durch diese unschicklich ungeschickt
3569 2644 5796 2849 te Gebärde des jungen Mimen fühlte sich Forlan
3563 2814 5884 2970 mit einem Mal an einen längst vergessenen Vorfall
3557 2982 5852 3170 aus seiner Kinderzeit erinnert, der plötzlich mit
3575 3146 5878 3322 voller Lebendigkeit in ihm aufstieg. Wie es häu-
4042 3240 4409 3337 geschah
3563 3269 5746 3490 fig genug xxxx, hatten die Eltern den
3557 3454 5658 3604 Knaben in eine Opernloge mitgenommen. Die um
3563 3613 5925 3798 sechs Jahre ältere Schwester sass an der Seite der
