6136 4184
5481 404 5651 565 66
4018 571 5627 761 Schon lange nicht hat e Rudolf das
3473 694 5656 869 Elternhaus in einer so gleichmässig beruhigten
3473 860 5753 1062 Stimmung verlassen; wenn es sie trübte war es nur
3473 1053 5727 1200 das unklare Gefühl einer Schuld seiner Schwester
3500 1214 5753 1419 gegenüber - ungefähr so, als wäre es irgend einmal
3482 1364 5689 1566 in seiner Macht gestanden das ihm teuere Wesen
3468 1475 5645 1706 nicht nur aus der Enge ihres bürgerlichen Käd¬
3468 1618 5771 1864 chendaseins,sondern vielleicht sogar von der noch
3488 1870 5627 2022 immer nicht ganz geschwundenen Bedrohung einer
3473 2007 5270 2198 schweren Seelenverstörung zu befreien.
4088 2133 5721 2300 Er hatte noch kein Bedürfnis seine
3468 2282 5721 2440 Zimmer im Krankenhause aufzusuchen, auch sein me¬
3468 2455 5633 2604 dizinisches Stammcafé lockte ihn wenig und er
3494 2575 5730 2789 zog für heute die behaglicheren,heitereren Räume
3485 2757 5680 2953 eines städtischen Lokals vor, wo er manchmal mit
3456 2947 5756 3111 seinem Freunde Hullrig zusammenzutreffen pflegte.
4173 3029 4626 3140 ihn heute
3468 3099 5715 3257 Und ihn fand er auch dort in einer bequemen Ecke
3561 3239 5654 3394 A illustrierte Zeitungen durchblätternd, die
3465 3345 5820 3523 übliche Zigarette zwischen den Lippen. Er streckte
3462 3544 5692 3728 dem Einxxtreten den die Hand entgegen und sagte:
