3140 4056
878 345 2441 539 1.8. 9.10.8
2424 436 2615 590 F. W.
756 585 2826 747 gegliederte Filmstelle die genaue finanzielle und künstlerische
1868 679 2041 744 VVuil I.
1332 684 1699 753 G.S.G.F.F
750 699 2840 827 Kontrolle nebst dem grundsätzlichen und verantwortlichen Verkehr
750 761 2846 927 mit den Autoren sowie das Abrechnungswesen mit diesen übernimmt.
756 887 2868 998 In dem mit der Geschäftsstelle getroffenen Abkommen ist vorgesorgt,
758 958 2828 1081 daß keinerlei Entscheidung, welcher Art immer sie sei, ohne das
753 1044 2883 1206 Einverständnis des Verlages getroffen werden kann. Nicht nur die
756 1140 2885 1297 finanziellen, sondern auch die künstlerischen Bedingungen des Ver-
753 1215 2840 1383 lages müssen zum Rechtsgegenstande aller Abschlüsse gemacht wer-
753 1329 2794 1463 den. Für diese ist nur ein bestimmtes vom Verlage genehmigtes
756 1406 2823 1574 Vertragsformular, das unter anderem auch vorsieht, daß die ein-
758 1511 2891 1631 gehenden Gelder jeder Ingerenz dritter Stellen entzogen werden und
539 1560 633 1665 G.F.P.
761 1617 2891 1725 allein zur Verfügung des Verlages stehen. Dies Vertriebsrecht der
761 1685 2894 1833 G. D. F. für jedes einzelne freigegebene Werk beschränkt und falls
756 1805 2828 1907 binnen einem Jahr kein Abschluß zustandegekommen ist, mit drei-
756 1885 2811 2004 monatlicher Frist kündbar etc. Durch diese und einige weitere
758 1973 2871 2104 Kauteln scheint uns ein gesicherter und verantwortlicher Betrieb
2472 2039 2617 2147 G.H.F.P.
2136 2053 2261 2156 G.C.F.S.
770 2079 1557 2190 gewährleistet zu sein.
1163 2104 2817 2252 Um das hier skizzierte Projekt, dessen Vorteile ja
770 2233 2903 2372 wohl ohne weiteres einleuchten dürften, in wirksamer Weise durch-
776 2324 2894 2475 führen zu können, ist es vorher notwendig, auch das Rechtsverhält-
781 2426 2905 2578 nis zwischen Autoren und Verlag auf eine klarere Basis zu stellen
773 2515 2874 2637 als bisher. Die Erfahrungen, die wir auf diesem Gebiete bereits
679 2600 2817 2749 sammeln konnten, haben gezeigt, daß die uns übertragenen Voll-
550 2657 670 2749 elb.
673 2709 2911 2834 machten vielfach teils zu vage waren, um das bei der Labilität des
744 2786 2851 2914 Filmmarktes so wichtige sofortige zugreifen zu gestatten, teils
616 2831 699 2928 G.H.F.P
778 2877 2831 3000 unwirksam wurden, weil Verhandlungen anderer, nicht immer ganz
798 2988 2831 3085 vertrauenswürdiger Mittelstellen oder einzelner Personen unsre
565 3005 744 3122 of the
587 3074 2848 3211 Tätigkeit durchkreuzten wobei andauernd die Gefahr von Doppel-
602 3139 2891 3290 verträger bestand. Wir können daher in Zukunft den Filmvertrieb
616 3285 2888 3424 xxx meinzelner oder Ihrer gesamten Werke nur als Alleinvertrieb über-
2364 3387 2820 3530 Nachricht genommen werden.
2116 3416 2244 3536 G.H.F.P.
687 3407 1129 3564 it. M. D. mais il n a
2546 3498 2823 3581 abmahlschtes
2124 3513 2284 3627 o!,nadm
687 3533 1092 3635 vraiitl jusqu'iit :a
