2915 3895
554 349 1005 548 ertheiln
1267 361 2257 566 B nd 1/2 p a h 1r 3 d
2272 417 2406 579 P.
2437 545 2596 635 mais x
570 588 956 713 Geschädigung des k.k.
1120 601 1821 763 gnulistdostosd
1936 619 2577 759 G.C.K.S.M.G.!G.V. m.K
697 669 1391 906 Todmeigeb.0mxx
411 887 2624 1086 wieder selber sabotiert hätte. Gelegentlich der Chemnitzer Auffüh-
411 1052 2689 1192 rungen von “Reigen” hat er sich nebenbei noch allerlei Seitenstrünge
408 1173 2680 1282 gestattet, so u.a. Theaterzettel dazu benützt, für eine Bettanfabrik
2194 1257 2431 1335 le reste de ses r ouvriers
398 1270 2683 1401 Reklame zu machen, die die für "Reigen" notwendigen Betten geliefert
1261 1363 1671 1426 3 actes de la nouvelle. — Le esseigny
654 1363 800 1422 G.C.F.P.
402 1376 2586 1519 hatt. Es war jedoch keine ausdrückliche Zusicherung von ihm zu er-
398 1491 2717 1600 langen, dass er derartige Dinge, die die Reigenaufführungen natürlich
255 1603 2751 1737 discreditieren müssen, künftig vermeiden wolle etc. Auch das Verlangen
314 1690 1510 1827 nach Kaution wird voh Herrn Samst
1883 1687 2671 1855 als verbrecherisch ange-
1534 1690 1896 1858 sichtlich ###
1889 1787 2098 1861 Monsieur de
274 1827 2639 1955 sehen und von ihm prompt mit Flüchen und Racheschwüren beantwortet.
181 1920 2674 2029 Trotzdem werden wir ihm, soweit dies ohne Gefahr geschehen kann, ent-
342 2032 2730 2173 gegenkommen, vielleicht gelingt es uns ihn endlich zu einer sachlichen
2157 2110 2362 2213 it is not
2001 2110 2116 2207 no
193 2132 1401 2300 Auseinandersetzung zu bringen.
1491 2148 2440 2288 vom brejemA geb JrowjnÄ enie
280 2272 1818 2412 Die Bücher für Fr.
1805 2253 2540 2400 rau Berta Brevée gehen
1808 2328 1896 2369 P.S.
1749 2331 2384 2440 « ^ ^
177 2337 1444 2487 heute hinaus.
1463 2406 2456 2512 sela aseb, fai namdemusns aasb
221 2487 2630 2624 xxx Ihre Anfrage bezüglich der ungarischen An-
1973 2546 2104 2618 fied
252 2571 1587 2717 gelegenheiten beziehl sich wohl auf
1647 2580 2540 2714 Schwestern“; hierüber haben
1289 2643 2266 2730 ochterrötung sein.
202 2689 2636 2851 wir Ihnen bereits in unserm Briefe von 31.8. geschrieben und sehen
221 2811 1606 2954 Ihrer gefl. Antwort entgegen.
246 2882 1896 3038 nebtev.tai Jnalmenb redolinsbnev gevdoe Miilxxx
1914 2839 2568 3032 glicher Hochachtung
2064 2969 2406 3050 derende, le immer
1843 3013 2362 3106 FISCHER, Verl.AG
246 3007 2397 3197 göm cessetetal zendl gnandaw zedau seit eiw „neÜMÄTERABTEIPONGÉ“
271 3141 2422 3293 TheH Jdoim nnew. nedemoseg Jagnäl angeinde seit eröw afl. sei hil
233 3197 2403 3414 Tammi nemmoinegemünä meann negentes xxxallbleins nies domub emmä
