3418 4104
1253 279 1440 403 356
652 338 2233 633 S. Fischer, Verlag, Berlin W., Bülowstrasse 90
1413 484 1832 647 9. Juni 1915
714 831 1599 1101 Herrn Dr. Arthur Schnitzler
1580 855 1770 1156 Wien
498 1239 972 1359 Lieber Freund,
917 1261 2717 1478 rankfurter Schauspielhaus hat das grössere Haus und durch
747 1380 926 1534 Das F:
915 1445 1605 1537 3 actes de la nouvelle avec le compté.
522 1451 2547 1643 höhere Preise eine bessere Ausnutzungsmöglichkeit. Ich habe eine
530 1553 2555 1746 vergleichende Statistik aufstellen lassen, die aber eine sichere
541 1637 2636 1835 Grundlage nicht bieten kann, denn soviel ich weiss, hat "Pygmalien"
541 1770 2501 1927 in Frankfurt a/M. einen grösseren Erfolg gehabt wie "Professor
530 1875 2609 2032 Bernhardi". Sie sehen, dass die Ziffern sich bedeutend zu Gunsten
547 1940 2666 2114 des Schauspielhauses verschieben. Das Neue Theater hat im Laufe der
547 2065 2720 2206 letzten Jahre Ihre Stücke gespielt, und da dieses Theater die Wirkung
560 2170 2676 2319 Ihres Stückes nicht auf ein Gastspiel stellt, so ist im Erfolgsfall
560 2262 2733 2441 die Ausnutzungsmöglichkeit dort vielleicht eine grössere, denn es ist
560 2390 2676 2536 nicht anzunehmen, dass Bassermann in Frankfurt 25 Mal spielen wird,
574 2492 2674 2630 dazu sind seine Honoraransprüche vermutlich zu hoch und seine Gast-
574 2595 2601 2758 spielmöglichkeiten vielleicht zu beschränkt. Ich meine, wenn wir
590 2687 2731 2831 von dem Neuen Theater eine Garantie von 2000 Mark bekämen, so hätten
585 2779 2744 2969 wir die Sicherheit, dass dabei mindestens dieselben Tantiemen wie für
590 2888 2682 3093 "Professor Bernhardi" herauskämen. Hellmer hat sich prinzipiell zu
595 2982 2647 3145 einer Garantiezahlung bereit erklärt, während Hofrat Behrend eine
598 3047 2744 3275 Garantiezahlung wohl nicht abgelehnt hat, aber unter Hinweis auf die
593 3172 2717 3377 gegenwärtigen Zeitumstände gebeten hat, von einer Garantieforderung
2260 3310 2568 3469 Prené
595 3383 947 3478 abzusehen.
352 3521 449 3645 F. 121
