3068 3993
438 888 2663 1159 S. Fischer/Verlag/Berlin W 57/Bülowstrasse 9o
652 1114 2448 1220 Bankkonto: Deutsche Bank. Depositenkasse P in Berlin / Postscheckkonto; Berlin Nr. 16892
954 1168 1751 1292 Fernsprechanschlüsse: Amt Lützow Nr.
1769 1168 2161 1349 6162-6164
232 1256 1745 1431 Blatt 2 : Dr. A. Schnitzler 25/4. 23
486 1401 2886 1633 wertung folgen, für unsere Bücher auch wirklich zu bekommen. Ich schrieb
483 1546 2820 1703 Ihnen bereits, dass der Verkaufserlös aus Ihren Gesammelten Werken bei
498 1669 2826 1805 weitem nicht ausreicht, um die neuen Auflagen zu drucken. Wenn wir uns
492 1748 2835 1956 da auch noch von Leuten, wie Herrn Heller, ausplündern liessen, so wäre
498 1847 2922 2038 die Möglichkeit des Neudrucks längst nicht mehr gegeben. Das liegt sicher
495 1983 2807 2192 auch in Ihrem Interesse, zumal sie ja alle Preiserhöhungen verrechnet
504 2122 833 2273 bekommen.
1316 2116 2089 2303 Mit herzlichen Grüssen
1524 2273 1660 2382 Ihr
1663 2309 2355 2503 Hofische
2333 3773 2475 3852 .
