2966 3880
1967 1116 2329 1229 12.1.1922
573 1256 1553 1377 Sehr verehrter Herr Creiner.
1216 1337 1598 1447 -
917 1425 2266 1518 Der Vertrag mit Björkmann über das „Zwi
2317 1420 2440 1497 sehen.
1568 1487 1661 1550 e.
628 1465 1545 1555 piel“ (wie über „Einsamen
2384 1485 2510 1553 be-
1678 1497 2319 1555 und.Comtesse Mizi
623 1513 734 1573 G.F.P.
543 1465 636 1588 8
583 1558 2477 1618 zog sich meines Wissens nur auf die Buchausgabe. Da dir
570 1593 2495 1671 überdies niemals einen Cent Hondrer erhalten haben,
570 1643 2369 1706 so haben wir überhaupt keinerlei Rücksicht darauf zu
575 1668 2595 1776 nehmen. Ich erteile Ihnen also gern das Recht mit Edwin B.M
583 1754 2502 1822 parksäusic Co. über das amerikanische Aufführungsrecht
580 1801 2399 1884 von „Zwischenspiel“ in englischer Sprache zu unterhan
575 1842 2538 1920 deln und schlage vor, dass Sie eine Garantiesümme von 1000
580 1899 2533 1962 Dollar und 5%ige Tantième verlangen. Jedenfalls bitte ich
580 1955 2530 2023 auf eine Entscheidung innerhalb einer festgesetzten Frist
583 1997 2543 2068 zu bestehen. Ebenso auf Zahlung einer Garantiesumme bis zu
575 2050 2545 2131 einem bestimmten Termin, damit wir die Angelegenheit even
583 2100 2495 2173 tuell automatisch als erledigt betrachten können. Ebenso
573 2153 2425 2214 müsste auch eine Aufführungsfrist irgendwie präzisiert
573 2183 2563 2266 werden, die natürlich nach Zahlung der Garantiesumme weiter
570 2261 2485 2339 ausgedehnt werden könnte. Beispielsweise Zahlung der Ga-
573 2301 2417 2389 rantie spätestens 28. Februar (ev. 15. März 1922),Auffüh
