2916 3752
377 835 2315 982 Jose Sternberg. De facto steht es also augenblick so, dass
382 907 2315 1036 sich niemand in Amerika als mein Vertreter gerieren darf
390 920 2372 1093 wie schon bisher niemand ohne meine ausdrückliche Genehmi
393 1008 2338 1139 gung einen Abschluss machen durfte. Nur hinsichtlich der
393 1041 2470 1186 Verfilmung habe ich Herrn Joe Sternbegg weiterhin freigestellt
390 1111 2289 1248 Fabriken, mit denen er in direkter Verbindung steht, auf
398 1165 2369 1289 eventuell in Betracht kommende Werke meiner Feder hinzu -
398 1220 2263 1351 weisen. Ueber die ganzenamerika nischen Angelegenheiten
398 1253 2393 1390 schreibe ich nächstens ausführlich. Wegen des
398 1323 2436 1442 habe ich heute neuen ich einen xxxanischen Intrag erhal-
416 1369 2413 1499 ten und zwar von der Geschäftssteller Leuter Erzähler, den
406 1421 2429 1561 ich natürlich, da ja der Tem in Wotitzky noch nicht abgelau-
406 1511 1584 1636 fen ist, vorläufig abgewiesen habe.
754 1563 2338 1692 Ich verständige sie hiemit, dass ich den Vorab-
416 1589 2439 1760 druck einer englischen Uebersetzung vom. Radearzt Gräsler *
649 1617 731 1690 G.H.F.P.
413 1643 2462 1811 der amerikanischen Wochenschrift xxx verkauft habe. Frau
424 1736 2351 1853 Vivanti habe ich neulich wieder gemahnt. Sollte der neue
419 1778 2377 1904 Antrag. den Sie aus Italien erhalten haben, nicht von Herrn
752 1855 2390 2054 Ist Konstantin.Abschiedssouper ; Holland, gezahlt
408 1876 935 1984 Bard heerühren?
411 1977 739 2101 und wann?
749 2008 1429 2152 herzlichst grüs send
1411 2018 1540 2137 Ihr
447 2124 1501 2305 Herrn S.Fischer,Verlag,Berlin.
