2966 3880
1674 1379 2363 1547 Washinston, 22.12.27.
706 1492 2675 1627 Auf die Hans Bart'sche Zahlungssache betreffend Licenzen für
540 1599 2702 1754 gewisse Aufführungsrechte, auf die Sie sich in Ihrem Schreiben vom
549 1740 2476 1845 23. November 1921 beziehen, werden Sie wie folgt beschieden:
698 1831 2606 1922 Der Alien property Custodian hat alle angesammelten und in
546 1916 2730 2046 Zukunft noch entstehenden Licenzen übernommen, die sich aus diesbe-
546 2007 2763 2126 züglichen Contrakten oder Verhandlungen ergeben. Das schon erhaltene
543 2134 2639 2253 und ferner noch unter diesem Anspruch zu erhaltende Eigentum ist
540 2231 2669 2327 im Alien property Custodian angelegt und untersteht der künftigen
543 2327 2752 2427 Bestimmung des Kongresses. Sie werden weiterhin in Kenntnis gesetzt,
543 2424 2664 2564 dass die Angelegenheit nicht von dem kürzlich mit Deutschland ab-
532 2556 1707 2700 geschlossenen Vertrage berührt wird
1740 2534 2576 2735 Alien Property Custodian
