2921 3832
484 227 2280 446 Fischer/Verlag/Berlin W 57/Bülowstrasse
662 411 2215 528 Lito: Deutsche Bank. Depositenkasse P in Berlin / Postscheckkonto: Berlin Nr. 16692
1128 469 1936 612 se: Amt Lützow Nr. 1662, 6162 und 9292
1997 566 2414 743 10. Febr. 22
222 615 449 790 Gr/Si.
720 720 1650 898 Herrn Dr. Arthur Schnitzler
1956 799 2183 956 Wien
379 953 1242 1122 Sehr geehrter Herr Doktor,
513 1093 2545 1253 nach Rückkehr von einer Urlaubsreise gestatte ich mir, auf Ihr
382 1227 1769 1399 Schreiben vom 19/1. folgendes zu erwidern:
516 1323 2533 1472 Die in Ihrem Brief enthaltenen Einzelheiten über die Vermitt-
2705 1213 2828 1458 ep
388 1417 2533 1557 lungsrechte, die Sie da und dort unter verschiedenen Hautelen für
396 1527 2676 1673 Amerika vergeben haben, sind mir im allgemeinen ja bereits bekannt ge-
405 1615 2638 1772 wesen, immerhin hat diese Zusammenstellung den Vorteil der grösseren
405 1694 2723 1871 Uebersichtlichkeit. Was ich Brandt & KirkPatrick in Ihrem Auftrage mit-
408 1828 2714 1982 teilen soll, werde ich diesen selbstverständlich detailliert schreiben.
417 1918 2673 2064 um wenigstens einige Vorteile für Sie durch die relative Klärung, die
2749 1941 2842 2055 en,
414 2032 2685 2175 mit einer solchen Mitteilung verbunden sein dürfte, zu gewinnen. Auch
420 2116 2752 2294 wird es uns möglich sein, auf diesem Wege möglicherweise Leute herauszu-
426 2227 2763 2373 bekommen, die von Ihnen nicht einmal so weit ermächtigt worden sind, wie
434 2320 2661 2478 die in Ihrem Brief Genannten. Trotzdem muss ich gestehen, dass durch
437 2422 2658 2600 diese Massnahmen zwar wahrscheinlich ein besserer Ueberblick erlangt
440 2524 2673 2728 werden kann, nicht aber eine Gesundung der Verhältnisse. Es liegt im
449 2635 2638 2813 Wesen des ganzen Vermittlungsgeschäfts, dass ein Agent, dem Sie nur
446 2743 2656 2924 sehr unbestimmte Vollmachten zur Anbietung von Uebersetzungsrechten
452 2854 2708 3005 gegeben haben, sich den Verlegern gegenüber dennoch als Ihr Vertreter
461 2953 2580 3102 geriert, und das kann man ihm nicht einmal übelnehmen, da er ohne
466 3052 2653 3209 eine klare Berechtigung, zumal wenn dasselbe Buch von verschiedenen
466 3137 2612 3358 Seiten gleichzeitig angeboten wird, keine Aussicht hat zu reüssieren,
