2915 4173
1045 461 1211 598 ste
204 549 2396 750 S. Fischer/Verlag/Berlin M 57/Bülowstraße go-
1775 762 2396 899 Postscheckkonto Nr. 16 692
198 779 1646 893 Amt Lützow 1662, 6162, 9292 Theaterabteilung
1690 841 1810 911 G.C.F.P
236 870 1637 940 hoom os,Jllirdns menofalvorgabnsianà ei
1203 902 2250 1071 Am 15. März 192 2.
234 954 1156 1103 anmlegen nedolfiriv rente u
520 1027 724 1100 G.C.H.F.P.P
1363 1042 2376 1170 ¬nensidoarov sebnegio, nemmox
1115 1092 1275 1194 G.C.H.F.P
204 1124 1906 1296 Herrnis töl eit, negneldes enoslägoise edolfmä
1319 1267 2399 1383 mèrebann nov nebxew, bnis Jmmita
277 1249 1299 1424 Dr. Arthur Schnitzber,
146 1305 254 1419 G.C.H.F.F:F.P.P
216 1375 2303 1509 —nebsd otnoI rdl los edoainaillema Wieden ai Jnad nedoslaaöng
1240 1439 1827 1518 ...,,.,,,,,, -,, -, - - - i a
1897 1427 2058 1506 G.C.H.F.P.P:
1135 1454 1337 1524 G.C.F.P.
1045 1480 2396 1617 DedifoV mi MroY well,.00 & nasmial,gund
251 1474 1144 1658 Sehr geehrter Herr Doktor,
289 1614 1200 1693 sagnte Jxob ble“ asb aasb jn
1200 1582 2411 1725 ich danke Ihnen herzlich für Ihr
984 1725 1144 1786 . V.
485 1740 665 1801 1819]8
231 1690 2443 1862 Schreiben, aus dem ich zu meinem Vergnügen entnehme, dass wir Sie
2002 1801 2174 1874 ce avec
234 1824 2583 1970 vielleicht demnächst in Berlin werden begrüssen dürfen. Auch ich würde
228 1915 2452 2078 es für ungemein förderlich halten, wenn wir durch eine persönliche
234 2029 2484 2169 Aussprache über Ihre Angelegenheiten alles das, was mir gegenwärtig
102 2058 239 2142 . The
234 2113 2455 2265 am Herzen liegt, klären und befestigen könnten. Sehr dankbar werde
239 2250 2525 2376 ich Ihnen sein, wenn ich, sobald Ihre skandinarische Reise gesichert
242 2344 2554 2501 sein sollte, dies tunlichst sogleich erfahren könnte, damit ich diese
248 2478 2399 2604 Gelegenheit zu der schon einmal erwähnten Propaganda henütze.
911 2528 2525 2703 Was die Bücherlieferungen an Karozag anbetrifft,
1211 2671 1772 2749 edlerdoa meidl ni
890 2694 984 2761 G.F.P.
251 2653 2425 2828 so lasse ich Ihnen in der Anlage eine genaue Aufstellung zugehen.
1804 2758 2420 2840 Dies doaße! Jdstorff
257 2784 2417 2928 Unsere sämtlichen Subvertreter beziehen Bücher von uns nur gegen
2242 2869 2399 2933 bende
1976 2872 2113 2945 l'oge
251 2887 2560 3027 Barzahlung, indem ihnen gleichzeitig zugesichert ist, dass Exemplare,
2128 2983 2396 3053 ndo 1 me
1582 2983 2119 3059 Geschäftte Gattblad.
260 3024 2589 3146 die sie uns retournieren, rückvergütet werden. Es ist dies die einzige
1853 3079 2431 3167 xxxvöllssagstieÿ
1521 3103 1783 3179 negied
251 3138 2402 3237 Methode, um die Bücherkonten in Ordnung zu halten. Auch Karezag
1839 3205 2420 3272 u. d. 2d. May Aoastet.
1311 3214 1818 3292 ni medolelnasb
254 3231 2417 3357 müsste sich enteschliessen hierauf einzugehen. Er streckt ja das
2280 3304 2434 3371 ml8x
1249 3307 2183 3380 würde er Idee.eiß Jsd dol
940 3327 1060 3395 G.H.F.P.
266 3357 2478 3447 Geld gewissermassen nur vor. Nicht verwendete Bücher nehmen wir ja
660 3421 2396 3505 Kleigfahftg eil ein melleibstim jadollönnen? wie die
140 3397 269 3540 mais je
274 3450 978 3599 ohne weiteres zurück.
1944 3476 2300 3631 werden mögen.
1299 3502 1480 3610 G. A. P.
703 3517 1144 3646 Geschäft nicht angeben.
