2926 3912
684 435 2438 651 er/Verlag/Berlin W 57/Bülowstraße 9
856 611 2160 687 schlüsse: Amt Lützow Nr. 1662. 6162 und 9292 / Postecheckkonto: Berlin Nrl. 16692
1027 668 1784 771 THEATERABTEILUNG
2104 729 2412 844 gelel nie
1060 760 1930 895 rlin, den 3. August 1922
1750 816 2446 962 xxx JodteV aab
1613 856 1705 948 G.H.F.P.
912 850 1203 985 aesb. xxx
794 942 2421 1105 Ügnäuchnd schag Jiedhegeleaak eselb xxx dolixbussxxx
760 1029 2415 1187 saorg os nov Jadles dofa zu! bas legeik Jiedsagel
811 1164 2424 1259 .Theile edosä heb, nov dei eie Hofelgos noi sesb
381 1069 525 1282 Herrn
614 1156 783 1304 P.H.F.P.
827 1237 2418 1408 Dr. Arthur Schnitzler
575 1293 1080 1411 G. J. A. v. R. M.
2056 1330 2418 1445 ng
1818 1341 1972 1439 da
1658 1338 1759 1445 ⸗
1529 1369 1613 1445 G.C.F.P
1820 1394 2252 1501 =======  =======
564 1366 1714 1529 te mebrigen.Jleidre xxxe xxx
527 1492 2387 1621 geehrter Herr Doktor, xxx
345 1484 505 1638 Sehr.
525 1593 2457 1731 ziegel schreibt mir in seinem Briefe
365 1686 2524 1848 vom 2. August, dass er eine Abschrift dieses an mich gerichteten
351 1790 2393 1921 Schreibens auch an Sie gesandt habe. Ich schätze Sie daher im
1259 1910 2561 2056 aus der Sie gefälligst entnommen haben
348 1913 1215 2073 Besitze dieser Abschrift
356 2039 2510 2146 werden, welchen Standpunkt Ziegel einnimmt. In der Anlage über-
362 2123 2536 2252 sende ich Ihnen Kopie eines Briefes, den ich soeben als Antwort
356 2247 2530 2362 auf Ziegels Brief an diesen gerichtet habe. Dieses Schreiben hat
317 2348 2567 2463 den Sweck auf alle Falle einen Sie deckenden formellen Standpunkt
2314 2440 2488 2581 anheit
353 2446 1823 2595 festzulegen, und unterbreite im übrigen die
2286 2547 2625 2682 fen werden.
353 2558 1840 2693 Ihrer Entscheidung. Falle Massnahmen gegen
373 2670 1593 2811 sollen, so bedürfte ich hierzu einer
370 2774 1397 2931 durch welche das “echt zur 'er
367 2881 1279 3032 „Zrischenspiel“ für Hollan¬
362 2982 1217 3128 Ich bitte in diesem Falle
379 3080 1119 3251 weitere Korrespondenz
367 3192 1156 3360 Herrn Rechtsanwalt Leö-
379 3307 1122 3450 richten, der von mirüber
541 3402 771 3551 natiert
