3288 4199
654 820 2775 1029 sind, von der Gesellschaft vertreten werden sollen. Es steht aber
654 960 2757 1132 natürlich jedem Autor frei, trotzdem alle seine Werke durch uns
666 1074 2849 1283 kontrollieren zu lassen. Nebenbei bemerkt, bezieht sich diese Kon-
680 1134 2935 1366 trolle nur auf Prosawerke, während an der Vertretung der Bühnenwerke
674 1292 2883 1452 auf keinen Fall etwas geändert wird. Es steht Ihnen also frei, die
683 1394 2849 1566 nicht bei uns erschienenen Prosawerke uns oder jener Gesellschaft
1726 1514 2046 1637 W.V.M. N.P.
686 1554 1217 1689 anzuvertrauen.
1026 1549 2989 1763 Die Aufforderung zur Zeichnung von Aktien enthielt die fal-
694 1686 2875 1900 sche Behauptung, wir wären der Gesellschaft beigetreten. Ich habe
694 1755 2963 1995 Herrn Dr.Eloesser veranlasst, diese falsche Mitteilung unverzüglich
703 1897 3000 2057 zu widerrufen, was unterdessen wohl geschehen sein dürfte. Unter die-
709 2003 2878 2180 sen Umständen entfällt doch jeder Anreiz für Sie zur Zeichung von
706 2106 2577 2309 Aktien, woran Sie auch sicherlich kein Interesse hätten.
386 2206 477 2326 G.H.P.
2217 2232 2329 2337 G.H.F.P
2072 2235 2197 2335 G.H.F.P.
712 2260 949 2389 le ses résultats
1009 2272 1209 2400 G.H.F.P.
1757 2306 2592 2469 Mit ergebensten Grüssen
1026 2363 1349 2515 G.C.H.F.P
846 2377 949 2526 G.H.F.P.
360 2392 786 2540 G.H.P. nesdre ee
1032 2449 1194 2592 G.F.P.
334 2469 952 2643 G.H.F.P.S.
2020 2517 2360 2749 Alnerie
1097 2620 1206 2797 G.C.F.P.
506 2603 954 2829 Staël gab 1geb
580 2777 734 2903 G.H.F.P
