3132 4204
421 356 2433 563 S BISCHER VERRI AG RERIIN Dr. Schmitzler v. 8. Nov. Blatt
1207 548 2247 768 Anno 1541 E
737 610 1120 799 1M7G4
514 814 2764 997 von der Vertreterin des Herrn Bartsch in Kopenhagen weitere Aufklärung
1662 910 1972 981 G.C.F.P.S
1297 932 1609 993 vanden järjestä ai-
1089 947 1250 1006 le dit de ses Fois
514 913 2742 1127 verlangt. Ein jetzt hier eingetroffener Antwortbrief des Herrn Bartsch
511 1015 2550 1173 besagt nur, dass er sich wegen der nicht bezahlten Tantiemen für
535 1120 2553 1309 „ Komödie der Worte "neuerlich mit dem Allen property Custodian
529 1238 2553 1396 in Verbindung gesetzt habe, ohne auf weitere Details einzugehen.
526 1318 2714 1492 Ein Schreiben das nähere Mitteilung verlangt., ist unterwegs. Wie sich
545 1455 2501 1622 die Sache bisher ansieht, so hat das Greenwich Village Theatre
539 1538 2572 1721 300 Dollar Garantie bezahlt, aber nicht abgerechnet. Uebrigens be
542 1650 2566 1801 hauptet Herr Bartsch, dass die „Grosse Szene “ nicht aufgeführt
548 1733 2600 1894 worden sei, sondern nur die beiden anderen Einakter aus „Komödie
464 1838 2625 2027 morder Worte "Auch hierüber haben wir Aufklärung verlangt. Aus den
470 1937 2730 2145 Korrespondenzen geht nicht mit Klarheit hervor, ob es sich bei dieser
554 2043 2615 2247 ganzen Sohoe um deutsche oder englische Aufführungen handelt. Da
1337 2166 1442 2222 du feu moins de ses
569 2139 2690 2327 die amerikanischen Korrespondenzen schon vor Beginn des Krieges mit
409 2259 2782 2420 Anerike zum Teil ausplieben, zum Feil ankamen und dann ganz wegblieben
365 2368 2816 2541 und jetzt allmählich Briefe eintreffen die vor 2 — 3 Jahren geschrieben
573 2464 2761 2640 wurden, ist es zumeist schwierig den Duktus früherer Verhandlungen zu
470 2575 2690 2739 Roe rekunstruiieren und festzustellen, ob diese zu einem rechtsgültigen
517 2662 2708 2835 Schluss gelangt sind oder nicht. Wir müssen daher um Entschuldigung
526 2773 2829 2974 bitten, wenn sich in dem amerikanischen Fragen erst allmählich Klarheit
1869 2866 2102 2925 C.H.F.P
350 2875 2838 3058 nen schaffen lässt. Wir bitten Sie jedoch überzeugt zu sein, dass andauernd
334 2965 2767 3154 alles geschieht, was zur Wahrung Ihrer Interessen unternommen werden.
591 3086 2615 3281 kann. Wir werden Ihnen von Zeit zu Zeit hierüber Bericht geben.
535 3228 1588 3404 etb Jat Jrsixes smss Jnota
1637 3228 2541 3358 Mit vorzüglicher Hochachtung
535 3324 2504 3451 - dA ente nemil medad TIV.. „ eJIÖW Teb esbrusti-EN.IC-M###segnA
1792 3401 2349 3488 THEATERABTEILUNG
470 3426 2501 3584 — es als Jsdies tiw eiw mioi nereikau Teb mi Jllbjaegus gnundosz
210 3377 2507 3705 Koleigos stanab doebet, medad TIV. noden rösmæhed doaitsä sitek nov Jenoän
1690 3664 2680 3776 nur eid xxx nadud asgnugmbsk ustnnnnen/ nado sltj
551 3699 1176 3819 mai ctos oa I mais ih ua nytto8
554 3757 2693 3918 annoch gefahren, obtsernehme Kgl. II. abmacht zürich, mit auch redt, den doch an ihm namden og zuenden mathen römmer. Einsbruchtstag
542 3887 644 4008 V.
