2930 4008
1257 346 2114 517 1 rt 1 m r. mai
274 340 977 563 o0 oa n
1045 354 1174 511 22
1257 474 2076 588 e bai x*v* 't" 't 't' :t 'i 'w 'i'i 'iit 'u 'd.w.i '.o lu
594 488 1028 614 G.C.F.Jt. â¢ n
1017 554 1697 671 DUJISTEASITABT
360 626 2545 771 Es konnte also immerhin bei diesem der Eindruck entstehen ( oder
368 720 2545 883 er kann vorgeben, dass er entstanden ist), dass, sofern nur die
371 843 2462 991 von Ihnen dezidiert genannten Bedingungen erfüllt würden, dem
374 960 2516 1083 Abschluss nichts mehr im Wege stünde, die Sache also grundsätz-
377 1065 2651 1197 lich erledigt war, sofern nur überhaupt eine Kaution erlegt wurde.
386 1168 2459 1311 Ich will gerne glauben, dass Sie bei Verwendung des Ausdrucks
386 1288 2568 1402 K davtion nicht an eine solche, sondern an ein nicht rückzahlbare
391 1394 2599 1517 Garantie gedacht haben. Im Falle eines Konfliktes jedoch kann ein
403 1480 2533 1617 derartiges subjektives Moment, juristisch betrachtet, nicht ins
400 1637 2471 1779 Gewicht fallen. Auch mir telegraphierten Sie " Kaution", doch
403 1725 2505 1891 war es mir, wieder rein subjektiv, selbstverständlich, dass Sie
406 1819 2522 1951 Garantie meinten und so verlangte ich in dem Telegramm, in dem
414 1911 2485 2054 ich von Verlagswegen Ziegel die Bedingungen (ahnungslos, dass
408 2022 2628 2159 Sie hierüber schon direkt mit Ziegel verhandelt hatten) mitteilte,
388 2156 531 2219 sooch
408 2122 2608 2302 2000 Gulden Garantie und verharrte auf dieser Deutung während der
414 2251 2613 2394 gesamten Verhandlungen. Gerade daraus aber, hat sich diese grosse
408 2354 2648 2539 Menge von Arnungen und Wirrungen ergeben. Ziegel nun bot an Stelle
426 2462 2559 2605 der Kaution die als authentisch anzunehmen er nach Ihrem an ihn
420 2553 2625 2725 gerichteten Telegramm ja durchaus berechtigt war, eine Bürgschaft
688 2685 831 2748 l. I. v.
420 2673 2713 2808 für sämtliche aus dem Abkommen sich ergebende finanzielle Verpflich-
431 2811 2528 2916 tungen durch eine holländische Bank (Hanzbank in Rotterdam),
437 2839 2573 3028 die nach eingezogener Erkundigung gut ist und mit einem Kapital
431 3019 2673 3139 von 200 Millionen Gulden arbeitet). Ich muss gestehen, dass, wenn
443 3079 2636 3233 schon eine Kaution anstatt der Garantie von Ihnen selbst nun ein-
431 3216 2545 3342 mal gefordert war, ich vom kaufmännischen Gesichtspunkt dieser
434 3316 2636 3433 Bürgschaft weitaus den Vorzug vor jeder noch so hohen Kaution ge-
437 3410 2619 3610 geben haben würde. Denn wertvoller als eine Vorausbezahlung wäre
