2921 3865
980 373 1866 496 S. FISCHER / VerLAG
232 373 446 502 3. Blatt
393 440 1285 642 Dr.A. Schnitzler 6/12. 21
405 689 2576 801 die Berechnung daher schwankend. Es wäre ja nun freilich in diesem
2221 757 2470 830 und
417 766 2723 924 Fall richtiger, einen Prozentualen -Honorarsatz zu finden, das in Pappe
402 901 2755 1039 gebundene Exemplar als Grundlage zu nehmen, um jede Meinungsverschieden-
402 1009 2579 1150 heit bezüglich des fiktiven Preises des broschierten Exemplars von
411 1103 2632 1206 vornherein auszuschalten; in diesem Fall würde das Honorar 10 % aber
408 1197 2687 1314 nur von dem in Pappe gebundenen Exemplar als Grundlage anzusehen sein.
543 1300 2579 1417 Ich habe von dem Inhalt der beiden neuen Bände, mit deren Satz
422 1399 2640 1502 wir beginnen werden, Kenntnis genommen. Die beiden Bände werde auch
422 1520 2702 1637 als Ergänzungsbände einzeln abgegeben werden, vervollständigen aber im
411 1611 2734 1772 Uebrigen das Gesamtwerk bis auf die Neuzeit.-Die Theaterangelegenheiten
422 1728 1505 1883 beantwortet die Theaterabteilung.
1549 1746 2297 1954 Mit herzlichen Grüssen
1751 1927 1869 2021 Ihr
1872 1939 2605 2168 fischer
425 2241 2752 2397 N.B. Es ist nichts dagegen zu sagen, wenn Herr Harl König vom „Tapfern
431 2391 2705 2549 gassian m eine Luxusausgabe in höchstens 4 - 500 Exemplaren herstellt.
