3152 4088
1103 423 1986 618 S. FISCHER /VERLAG
370 440 581 632 2. Blatt
652 773 2316 934 Bemerkungen wegen der Druckfehler kamen also zu spät.
756 849 2652 1021 Wir werden die „Schwestern“ bei uns in Deutschland erst nach
601 911 2691 1143 Weihnachten verschicken. Das Buch kommt ins Sortiment besser nach
607 1050 2663 1239 dem Weihnachtstrubel, jetzt, im letzten Moment, versagen auch die
623 1219 1140 1360 Transportmittel.
838 1227 2827 1430 Die "Schwestern" werden wir also unserm holländischen Vertreter
632 1357 2880 1557 übergoben, falls er mit der Anforderung, das Vertriebsrecht zu erwerben,
626 1456 2866 1656 an uns herantritt. Vorläufig hat er erst das Buch zur Lektüre verlangt.
643 1566 2802 1766 Unsere holländische Vertretung ist ein Bühnenvertrieb wie wir selbst,
643 1662 2821 1848 kann also Garantien selbst nicht bezahlen, wohl aber von den Theatern
906 1712 1137 1786 Mw rn
652 1769 2737 1955 welche zu bekommen suchen. Es ist unsere beste Vertretung, die wir
649 1870 2827 2074 überhaupt haben (für "Bernhardi" sind beispielsweise etwa 10 000 Mark
669 1981 2810 2184 für Sie eingegangen). Wir bekommen grundsätzlich 5 %; der Mehrertrag
674 2079 2835 2265 (durchschnittlich 2 %) fällt der Vertriebsstelle zu. Dafür haben Sie
666 2201 2246 2373 aber keinen Anteil an den Uebersetzer zu bezahlen.
872 2265 2849 2463 Von "Casanovas Heimfahrt" sind bis 1. November 26 000 Exemplare
688 2375 2818 2576 verkauft worden, 30 000 Exemplare sind honoriert. Es ist Ihnen viel-
677 2440 2948 2675 leicht ganz recht, wenn ich jetzt weitere 5000 Exemplare voraus bezahle.
880 2596 2892 2773 Weitere Reklamationen finden sich in Ihrem Brief nicht, ich darf
694 2677 2912 2880 also annehmen, dass sonst alles in Ordnung geht. (was jetzt ein
2246 2723 3002 2844 wirkliches Wunder
965 2802 2982 2976 Mit herzlichen Weihnachtsgrüssen von uns zu Ihnen wäre, da
2463 2818 3033 2957 alles versagt,
2285 2909 2421 3007 Ihr
2404 2962 3047 3134 fisches
841 3208 2649 3400 Ueber den Betrag der anliegenden Gutschrift von M. 10125.-
722 3371 1631 3521 erwarten wir Ihre Verfügung.
