3091 3944
1341 229 1488 414 788
1369 397 1524 524 380
787 447 1794 654 ISCHER.
1805 464 2691 668 VERLAG
588 480 787 665 F
497 646 2702 765 Dibkontor Deutsche Bank, Depositenkasse P in Berlin / Postscheckkonto Berlin Nr. 1662 — — Fernsprech=Anschlüsser Amt Lützow Nr: 1652 und 6162
2015 729 2575 869 Berlin W 57, Bülowstraße 90
2037 825 2481 955 2. April 1917
715 1198 1579 1347 Herrn Dr. Arthur Schnitzler
1609 1303 1772 1427 Wien
624 1510 1076 1637 Lieber Freund,
753 1620 2699 1758 ich habe auf Ihre Anfrage wegen Ihrer Erzählung "Dr. Graesler,
2594 1711 2901 1830 au moins de ses
624 1769 2705 1869 Badearzt" auf Zusendung des Manuskripts gewartet, habe es aber bis
632 1855 2611 1990 heute noch nicht bekommen. Wäre es Ihnen möglich, mir die Fort-
635 1924 2777 2078 setzungen aus dem "Berliner Tageblatt" zuzusenden oder das Tagebelatt
629 2081 2691 2183 anzuweisen, dass mir das Material zugeht? Wir müssen erst mal den
638 2161 2749 2299 Umfang feststellen, ich mache Ihnen dann weitere Vorschläge. Soviel
635 2280 2774 2385 ich weiss, ist die Novelle am 15. März im Tageblatt zu Ende gedruckt
635 2374 2727 2487 worden, wir können also erst im Laufe des Monats Juni mit dem Buch
646 2490 1071 2597 herauskommen.
825 2556 2835 2694 Sie schreiben in Ihrem Briefe vom 19. März, der Hirt'sche Verlag
640 2663 2859 2807 hättetich um den Abdruck Ihrer Humoreske "Excentric" in einem Novellen-
2034 2746 2354 2810 a-
646 2766 2785 2895 buch beworben. Ist das nicht eine Verwechslung mit dem Plan des Hirt
339 2760 497 2926 gute.
2194 2868 2611 2992 tzler “Nummer“.
643 2868 2172 3019 schen Blattes „Die Weltliteratur“, in einer “Sohn
657 2970 2655 3102 einige Novellen abzudrucken? Der Hirt'sche Verlag gewährt dafür
646 3108 2757 3196 kein Honorar (es handelt sich um ein zehn Pfennig-Blatt mit grosser
654 3213 2702 3309 Auflage; das einzige Aequivalent ist der Raum einer viertel Seite
651 3273 2666 3428 zur Ankündigung der Werke des Autors). Ich bin der Meinung, dass
657 3351 2763 3530 man das unterstützen soll, und bitte mich wissen zu lassen, wie Sie
