2985 4104
1281 291 1422 457 79
696 363 2273 627 S. Fischer / Verlag / A.=S. Berlin W57
1195 579 1791 682 Theaterabteilung
521 621 2520 782 Mankkonto: Deutsche Bank, Depositenkasse P in Berlin / Postscheckkonto; Berlin Nr. 166 92
954 724 2079 776 Fernsprechanschlüsse: Amt Lützow Nr. 6162 bis 6164
926 762 2107 896 Telegramm - Adresse: Fischerverlag 6162, Berlinlützow
1345 815 1694 918 Bülowstraße 90
236 701 491 968 2& 11
1694 846 2376 1006 Berlin, den 11.8.28.
554 818 868 1031 Ma/Hb.
1905 940 2296 1137 Rent
1370 943 1866 1214 Teplik
823 1090 1148 1270 Herrn
1159 1203 2268 1414 Dr. Arthur Schnitzler,
2260 1264 2365 1450 1.
2556 1289 2728 1486 XVIII
2138 1389 2767 1572 Sternwartestr. 71.
751 1639 1425 1838 Lieber Herr Doktor!
1090 1744 2731 1930 Ich war vor 4 Wochen in Wien durch ein ähnliches
543 1871 2706 2046 Telegramm wie Sie es erhalten haben, an das Krankenbett meiner
554 2038 2639 2151 Schwester gerufen, aber ich fand sie, obwohl ich das Flugzeug
527 2118 2609 2271 benutzte, nicht mehr bei Bewusstsein. Erlauben Sie nun, dass
507 2218 2501 2357 ich, von einem ähnlichen Schicksal bewegt, Ihnen meine be-
1295 2318 2337 2487 an dem Ihren nunmehr ausspreche.
538 2348 1303 2495 sondere Anteilnahme an
990 2434 1117 2504 9.
896 2401 2667 2606 Ich möchte Sie heute nur kurz anfragen, ob das
505 2437 699 2587 G.H.F.P.
549 2567 2573 2706 Teplitzer Theater mit Ihrer Erlaubnis den "Reigen" angesetzt
535 2667 2559 2800 hatte, ehe es zum Verbot kam, da ich wegen diesen Zeitungs-
535 2797 2695 2917 notiz nunmehr auch Anfragen wegen Spielerlaubnis bekommen habe.
510 2875 2734 3030 Im Uebrigen liegt nicht viel Wichtiges vor. Ich
524 3011 2598 3136 werde in den nächsten Tagen noch auf Einzelnes zurückkommen.
807 3116 1345 3230 Prozsas in Itali
1652 3091 2437 3324 Mit herzlichen Grüssen
1808 3294 2262 3413 Ihr ergebener
2163 3366 2581 3560 Domarii
