3096 3960
1316 242 1477 360 637.
2329 306 2504 434 G.S.
635 609 766 726 te
953 809 2862 970 und nochmals von Herzen für die freundliche Aufnahme meiner
948 958 2831 1081 Frau danken. Wie sie mir eben mitteilt, ist sie durch eine
963 1055 2796 1209 Verschlimmerung im Befinden ihrer Partnerin, die sich das
960 1152 2765 1285 Bein verletzt hatte, gezwungen, früher heimzukehren, und
963 1259 2796 1423 sie wird wahrscheinlich im Auto Montag oder Dienstag hier
972 1373 1337 1499 eintreffen.
1311 1411 2862 1615 Viele herzliche Grüsse, ich hoffe bald von Ihnen
960 1551 2075 1693 zu hören, und grüsse Sie für heute
1731 1653 2485 1835 als Ihr stets ergebener
2319 1826 2772 2046 Hans Jacob
1235 2191 2744 2355 Ich berückte auch die Frage der Fertschung des Breises beim
1247 2295 2734 2438 Erschreiten Exempler, 40 ein solches in Wirklichkeit nicht
1259 2355 2744 2473 existiert — (bei den „Gesammelten“ verken“ z. B.) - und stellte
1250 2402 2751 2547 fest, dass die Spannung 40 % beträgt; normel reie etwa
1252 2483 2715 2618 35% Aber in diesem Fall kann man Fischer dabei
1262 2544 2746 2658 lassen, zumal er mir nachwies, dass er in den meisten
1273 2582 2760 2736 Fällen — 40 Maschierte und gebundene Exemplare effectiv
1273 2663 2798 2774 cristieren – eine Spannung von nahezu 50 % bestehen ist.
1271 2720 2798 2853 diese Frage musste aber einmal erwälmt werden. Sie ist nun
1271 2810 2725 2959 kler und einwandfrei: 40% sind nicht unbillig -
2077 2907 2276 3042 see this
2281 2947 2416 3090 R. J.
