2930 4008
1231 251 1361 387 57
303 379 2483 546 S. Fischer/Verlag/Berlin W 57/Bülowstraße ho-
653 506 2168 578 Fernsprechanschlüsse: Amt Lützow Nr. 1662. 6162 und 9292 / Postscheckkonto: Berlin Nr 16692
1020 592 1783 668 THEATERABTEILUNG
922 650 2402 772 Berlin, den 4. August 1922
488 627 792 749 Hennoch
2020 786 2396 861 for Ksal re
350 1009 555 1092 Herrn
624 1101 1350 1199 Dr. Arthur Schnitzler
1347 1208 1676 1300 Feldafing
1601 1286 1688 1335 --
361 1393 1246 1509 Sehr geehrter Herr Doktor,
1272 1465 2558 1555 Sie werden inzwischen die Kopie meines
370 1578 2688 1688 gestern an Ziegel gerichteten Briefes erhalten haben. Wie ich bereits
379 1650 2532 1809 gestern bemerkte, hatte dieser Brief den üweck, alle Aktivposten
373 1763 2561 1902 die Sie in dieser Angelegenheit habenin formeller Weise festzule-
376 1893 2494 2011 gen. Ihr heute hier eingetroffenes Telegramm, das wohl in Folge
384 1988 2532 2115 von Aufnahmefehlern nicht endgiltig klar ist, scheint nun darauf
373 2115 2535 2228 hinzudeuten, dass Sie von dem von Ihnen eingenommenen Standpunkt
379 2231 2477 2318 keinesfalls abzugehen wünschen. Allerdings weiss ich nicht, ob
384 2300 2480 2428 der Brief Ziegels an mich, den er auch Ihnen zusandte, bei Ab
381 2413 2419 2529 sendung Ihres Telegramms schon in Ihren Händen war. Immerhin
384 2543 2451 2644 möchte ich, ehe ich auf Urlaub gehe und die Weiterbehandlung
390 2615 2641 2763 dieser Sache unserem Anwalt übertrage, meine persönliche Auffassung
2295 2722 2378 2835 Mn
393 2777 1205 2876 darüber Ihnen mitteilen.
1286 2821 2488 2956 Soe telegraphieren mir, dass Sie xx
396 2971 2636 3127 dem Regisseur Marx Ihre gesamten Bedingungen bekanntgegeben hätten.
1806 3055 2113 3115 trouvait
390 3078 2647 3217 Es fällt jedoch auf, dass die Höhe der Kaution dort nicht angegeben
1610 3162 1884 3231 G.T.B.E. n°d
399 3176 2693 3332 war, ebensowenig wie in dem Telegramm, das Sie an Ziegel richtetem.
1656 3269 1899 3335 for 'T
1194 3271 1624 3350 entstend
890 3303 2402 3425 voor robet tov auszov aab ausdlew Jlsdbegrbä
702 3410 2402 3558 xxxich enie als mellovdrew amed.ebuw neda nedem
