3025 3800
979 261 2144 414 ag / Berlin W 57/Bülowstr
604 278 712 414 che
627 386 2173 488 conto: Deutsche Bank. Depositenkasse P in Berlin / Postscheckkonto: Berlin Nr. 166
786 451 1946 570 Fernsprechanschlüsse: Amt Lützow Nr. 1662. 6162 und 9292
496 786 2533 942 grössere Anzahl Ihrer Bücher auf einmal zu gewinnen. Wir würden
471 871 2714 1047 dann den Versuch machen, Sie zu bewegen, diesem verleger ein Options-
468 976 2584 1157 recht für Ihre neuen Werke auf eine befristete Dauer zu gewähren.
474 1112 2660 1259 Zweck dieser Anregung war, daß wir, für den Fall, dass die Gesamt-
474 1217 2709 1353 Ausgabe sich nicht sollte verwirklichen lassen, ein zweites Eisen im
476 1347 888 1458 Feuer haben.
607 1393 2487 1557 Wir benützen diese Gelegenheit, um Ihnen gleichzeitig von
488 1483 2533 1651 einem andern auf „Beigen „ bezüglichen Plane Kenntnis zu geben,
482 1588 2499 1739 der freilich zunächst noch wenig gefestigtes Projekt ist. Ein
485 1682 2643 1878 amerikanischer Journalist, Berliner Vertreter eines bekannten New-
488 1775 2760 1943 Yorker Verlages, erwägt die Möglichkeit, eine in Deutschland herzuste.
494 1889 2643 2048 lende englische Ausgabe des "Reigen " zu veranstalten und im Zu-
505 1971 2782 2181 sammenhange mit einem deutschen Verlage von hier aus den vertrieb nach
508 2133 2595 2292 den englisch sprechenden Ländern und dem nicht deutschen
499 2167 2737 2399 Kontinent zu organisieren. Er erklärt sich für den Fall der Ausgührung
511 2295 2663 2459 dieses Planes bereit, eine Tantieme von 15% zu bezahlen, besteht
511 2385 2692 2567 aber auf einer niedrigeren Garantie (200 Dollar), da anzunehmen
516 2513 2774 2663 ist, dass das Werk in Amerika und England verboten würde und ihm dann
519 2598 2797 2763 nur der Verkauf des Buches innerhalb kurép des europäischen Kontinents
1597 2728 2612 2862 neben Änder hohen Tantieme auf
525 2763 1560 2901 übrig bliebe. Dieser Plan hätte
2102 2797 2589 2941 satzes dadurch
530 2856 1390 3001 jeden Fall den Vorteil, da
2504 2896 2592 3026 Om
2323 2924 2425 3055 wie
545 2944 1438 3092 dass der Vertrieb von Berlin
604 3052 1282 3177 weilich der Harz-Verhaltung des Königl.
584 3154 1256 3290 könnte, die richtige Staats-
630 3248 1154 3384 als wäre wir Ihne
