3099 4104
1094 372 2389 615 lischer Verlag. Berlin
2380 411 2536 612 0
958 585 2551 754 1662 u. 6162 Theaterabteilung postscheckkonto Nr. 16692
683 647 890 766 Amt Lütz,
1029 674 2220 798 Bankkonto: Deutsche Bank Depositenkasse P in Berlin
1085 724 2232 896 Berlin W, Bülowstraße 90, den 10.12. 191 25
2273 754 2359 887 P.F.P.
2131 783 2226 834 1e 1.
2223 884 2303 967 P.P.
1936 887 2043 1002 brt
1741 884 1833 1020 P.S.
1588 881 1691 990 G.H.F.P
559 899 854 1047 in ef an
2102 884 2463 1106 van
940 1079 2199 1239 ad gidmois ubi anegknup ae eis neulies
438 1097 878 1268 Herrn
582 1188 2137 1345 Dr. Arthur Schnitzler
2090 1265 2522 1440 Ces derniers ou je
1005 1274 2058 1475 Wie
1933 1369 2191 1446 Ï- 1/3/4  ===== ̃
650 1310 961 1484 G.H.F.P.
491 1428 1783 1623 Sehr verehrter Herr Doktor,
1463 1528 2788 1706 die Angelegenheit mit Barnowsky habe ih
494 1650 2699 1791 mir noch einmal durch den Kopf gehen lassen und übrigens auch mit
503 1797 2613 1957 Ihrem Herrn Sohn darüber gesprochen. Wie die Dinge hier liegen,
494 1868 2865 2058 möchte ich doch nicht selbst eingreifen. Ich hatte mir nämlich zurecht-
500 1990 2705 2155 gelegt, dass ich Barnowsky andeuten wollte, Ihr neues Werk könnte
514 2063 2826 2262 er sich moralisch dadurch sichern, dass er nun bald die "Schwestern
511 2199 2823 2386 zur Aufführung bringe. Ich bin aber doch davon abgekommen und glaube,
517 2297 2865 2454 dass es besser Ihnen zukommt, in diesem Sinne auf Barnowsky zu wirken,
514 2424 2853 2551 wenn es überhaupt geschehen soll. Darf ich Ihnen noch sagen, dass ich
517 2536 2871 2681 das Werk mit grosser Freude gelesen habe und garnicht der Meinung bin,
517 2616 2897 2788 dass es nicht grosse Verbreitung finden könnte. Es mag allerdings sein,
523 2758 2761 2939 dass das Publikum an den Vorgängen so warmes Interesse nimmt, dass
523 2835 2764 2995 es das Ende des Stückes als vorzeitig empfindet und noch einen Akt
535 2936 2868 3098 erwarten könnte. - Wird es Sie interessieren, dass ich als schlichter
2146 3036 2826 3202 ehelichen Verpflich¬
532 3072 1898 3258 Leser die Befreiung Sylvester Thorns von
553 3210 2776 3305 tungen als etwas zu gewaltsam empfinde? Ich glaube nicht, dass je
538 3293 2803 3429 mand es als Bruch im Charakter ansehen könnte, wenn diese Loslösung
550 3397 2844 3550 nicht durch medizinische Tatsachen, sondern durch seelische Vorgänge
