3288 4199
1446 299 1603 488 1785
2242 367 2739 668 dace.
1195 547 2123 680 Arthur Schnitzler
748 606 2289 742 „Der Geist im Wort und Der Geist in der Tat¬
731 875 2845 1041 Mit diesem Werk bereitet Schnitzler seiner Gemeinde eine grosse
574 997 2898 1130 Ueberraschung. Zum ersten Male spricht er nicht durch das Mittel eines
2827 1062 2969 1156 de la
571 1071 2863 1221 Kunstwerkes, sondern er teilt unmittelbar mit, was er über das Wesen,
574 1218 2878 1337 die Erscheinungsförmend und Wirkungsweisen des Geistes in Wort und Tat
586 1304 2816 1461 erkannt hat. Es sind klare, überdies an einfachen Diogrammen veran-
574 1387 2881 1538 schaulichte Resultate eines ernstgeführten Dichterlebens, das verlok-
568 1514 2818 1644 kend und gestaltend, fühlend und denkend, diesem durch Wort und Tat
574 1588 2937 1718 offenbarten Geiste beständig auf der Fährte blieb. Nun sucht Schnitzler
580 1704 2804 1828 die umfassende systematische Ordnung aller Geistesträger nach ihrer
577 1810 2881 1937 immer wiederkehrenden ausgeprägten Charakteristik aufzufinden und die
586 1934 2869 2050 verwirrende Vielfalt der individualitäten in festen Typen zu verdich-
580 2026 2958 2159 ten. Er tut es präzis, scharfsinnig und mit intuitiven Wissen um mensch-
580 2121 2813 2248 liche Gaben und Wege. Viele Leser werden ihm für das hilfreiche und
580 2227 2044 2372 literarisch interessante kleine Werk danken.
