3239 3863
1053 783 1844 954 Herrn Dr. Arthur Schnitzl
766 1064 1255 1241 Lieber Freund,
2494 1149 2593 1270 G.F.P.
828 1177 2897 1365 die Vertragsangelegenheit wegen "Bernhardi" mit Prag schwebt seit
749 1354 3012 1495 Februar ds. J. das wissen Sie ja selbst aus Grund-der mir zugesandten
749 1486 2832 1593 Korrespondenz mit Kramer, der sich auf Grund unserer Weigerung, zu
754 1554 2956 1720 einem niedrigeren Prozentsatz wie 10 % abzuschliessen, an Sie gewendet
749 1658 2905 1802 hat. Inzwischen hat Kramer, wie wir erst aus dem Bühnenspielplan
2823 1720 2956 1810 G.H.F.P.
754 1779 2863 1894 ersehen haben, "Bernhardi" aufgeführt, ohne den Vertrag, an den wir
746 1875 2925 1985 ihn im Mai gemahnt haben, unterschrieben zurückzuschicken. Wir werden
743 1979 2939 2117 natürlich auf 10 % bestehen. Kramer hat angefragt, ob er das Geld bei
754 2058 2925 2193 einer Prager Bank in tschecho-slovakischen Kronen bezahlen soll, weil
749 2184 2930 2320 die Ueberweisung in Mark durch die Devisenzentrale zur Zeit unmöglich
2674 2280 2899 2412 von uns
749 2275 2421 2429 ist. Die Abrechnung hat er aber noch nicht geschickt
749 2379 1410 2539 darum gemahnt worden.
1202 2469 1903 2646 Mit herzlichen Grüssen
