2929 3928
1132 277 1351 458 4975
566 413 2150 613 S. Fischer. Verlag. Berlin
2116 516 2358 657 B. v.
438 546 591 705 mässä
430 632 2280 829 Amt Lützow 1662 u. 6162 Theaterabteilung postscheckkonto Nr. 16692
957 727 1792 821 Berlin W 57, Bülowstraße Nr. 90
1681 743 2349 896 Ihm agnibieten sieid
336 827 466 943 G.H.F.P.
1071 879 2374 1015 Den 29. April 101 21
236 907 663 1068 G/Sch
1922 965 2286 1104 G.C.F:D'H:F:H:D:
1201 996 1412 1143 G.C.H.F.F:P:P
460 999 1173 1165 o mie dies seelb xxx
1731 1073 2283 1220 gebaesd at leiden
710 1112 1401 1251 Wien sollen durch xxx.
211 1159 322 1287 ref
1720 1176 2383 1312 mon ami a miei nes mais
372 1148 574 1284 Herrn
804 1220 1551 1373 Dr. Arthur Schnitzler
2244 1262 2402 1420 G.C.H.F.F:F.P
2094 1312 2230 1434 G.C.F.P.
1642 1304 1933 1437 Wien
305 1387 430 1509 G.C.F.P.
2103 1417 2236 1531 G.C.F.P.
305 1481 588 1595 revoors.
2305 1490 2402 1617 G.H.F.P.
2150 1506 2283 1625 de J
399 1559 1276 1703 Sehr geehrter Herr Doktor,
1431 1600 2483 1764 in Ihren Theaterangelegenheiten
416 1739 1947 1908 teilen wir Ihnen ergebenst folgendes mit:
2005 1739 2144 1856 G.H.F.P.
677 1825 2416 1958 Was Sladeks Verlangen, die Priorität für eine eytl.
888 1894 2019 2011 lʼauteur de la nouvelle et très devenue soutenuele
430 1839 2596 2119 " Reigen " - Tournee, zu behalten, anbetrifft, so würden wir xxxx
427 2017 2496 2213 empfehlen, ihm diese Priorität nicht ausdrücklich zuzusichern,
435 2152 2446 2344 jedoch praktisch dennoch in dieser Beziehung nichts zu unter
435 2194 2577 2430 nehmen, ohne sich von Fall zu Fall mit ihm in Verbindung gesetzt
277 2230 394 2347 was
447 2358 2552 2557 zu haben. Wenn eine Tournee wieder in Frage steht, so gibt es
447 2419 2635 2666 für uns gewiss keine bessere Lösung, als wenn diese durch Sladek
463 2582 2596 2763 veranstaltet wird. Andererseits ist es aber nicht ratsam, ihm in
469 2685 2627 2868 dieser Beziehung eine allzugrosse offizielle Sicherheit zu geben,
466 2760 2696 2960 da er, wie die letzten Verhandlungen gezeigt haben, diese Sicher-
316 2779 424 2910 - 13 A.
2355 2846 2643 3026 schlägt
2172 2901 2369 2998 en. Er
208 2832 427 3015 a ee e e e
2263 2946 2369 3023 G.C.P.
474 2918 2186 3087 heit gerne dazu verwendet, die Bedingungen zu drück
1212 3010 1306 3082 ae
1842 3001 2505 3162 an, zu dem Zwecke,
247 3007 402 3101 dore.
483 3048 1845 3198 dann gerne einen fast mezenatischen Ton
480 3065 2685 3276 als Kunstliebhaber billiger davonzukommen. So sehr es begreiflich
491 3181 2621 3392 ist, dass er die Tournée unter den gegenwärtigen Umständen nicht
497 3315 2469 3484 veranstalten will und kann, so wenig erfreulich war die Art
521 3445 607 3503 P.S.
435 3445 2538 3617 Die oben genannten Bedingungen haben Sältigkeit bis zum „Solliten wir an diesem Tag noch keine
438 3506 2552 3645 entscheidende Antwort erhalten haben, so nehmen wir an, daß wir aber das in Frage stehende Werk anderweitig verfügen können
219 3453 394 3631 .nein
325 3642 427 3733 O.W.
