3194 3944
1412 175 1550 322 41C
1254 216 2337 463 SCHER/VERLA(A)
621 382 2694 569 Bankkonto: Deutsche Bank, Depostenkasse P. Berlin / Postscheckkonte: Berlin 1669.
1055 477 2220 618 BERLIN W 57 / BULÖWSTRASSE 90
1251 558 2044 716 Fernruf: Lützow 1662, 6162 und 9292
2182 578 2567 750 19/XI. 1918
862 888 1734 1070 Herrn Dr. Arthur Schnitzler
1679 1018 1866 1173 Wien
621 1230 1458 1409 Sehr geehrter Herr Doktor,
788 1325 2892 1561 wir haben auf Ihr Conto bei der Deutschen Bank, Berlin, Potsdamer-
647 1438 2846 1659 str. 96 (Depositenkasse P) M. 25 000.- überwiesen, weitere M. 9500 auf
638 1555 2700 1757 Ihr Conto bei der Priv. Bodencreditanstalt in Wien. Damit ist das
641 1676 2915 1849 Honorar von M. 34500.- für die Gesammelten Werke laut unserer Abrechnung
647 1760 2861 1966 ausgeglichen. Natürlich können Sie über Ihr Guthaben bei der Deutschen
612 1929 1886 2070 Bank ganz nach Ihrem Ermessen verfügen.
742 1929 2777 2122 Die Versendung von "Casanovas Heimfahrt" stösst auf die grössten
653 2058 2967 2260 Schwierigkeiten. Einstweilen ist auch noch nicht abzusehen, wann das Buch
664 2185 2895 2352 erscheinen könnte. Nach Informationen von Friese & Lang aus Wien stockt
667 2283 2858 2429 die Expedition von Wien in die österreichischen Provinzen vollständig,
661 2406 2812 2576 und auch bei uns in Deutschland sind durch die Transportverhältnisse
664 2496 2659 2694 ganze Provinzen für den Frachtverkehr einstweilen unzugänglich.
1630 2590 2562 2743 Mit vorzüglicher Hochachtung
1762 2723 2475 2843 PPA S. FISCHER „VERLAG“
1794 2786 2682 2944 F.TrubyKing
