3143 3912
1355 307 1511 503 E
1148 455 2559 601 In Berlin / Postscheckkonto Berlin Nr. 16622 — — — Ferasprech-Anschlüsse: Amt Lützow Nr* 16
1897 539 2456 693 Berlin W 57, Bülowstraße 90
1461 570 2498 813 z.Zt. Losowitz b. Dresden, den 17.
1000 779 1917 1014 Arthur Sohnital
1201 981 2858 1140 Ich glaube nicht, dass die Kriegswirtschaftsstelle
765 1020 1173 1190 der Freund!
1442 1134 2777 1271 xxxeinwilligen würde, wenn eine Kriegsführe
718 1168 995 1280 eine Zu¬
659 1212 2699 1383 sorgestelle sich dafür einsetzt, aber ich werde mich nach meiner
765 1313 2869 1475 er in Berlin mit dem Roten Kreue deshalb in Verbindung setzen. Eine
707 1453 2844 1584 solche Praxis widerspricht ja dem Sinn der Papierverteilung; sie würd
665 1545 2780 1682 ein System zur Folge haben, das die Oekonomie der Papierverteilung
659 1634 2900 1810 Ullusorisch machte. Nicht einmal die Anforderung vom Oberkomfande füß
637 1752 2880 1886 Zuteilung von Papier im Interesse der Buchversorgung einzelner Armee-
657 1852 2682 2003 buchhandlungen hat zu einem praktischen Ergebnis führen können.
877 1903 2858 2095 Zifferer hoffe ich noch hier zu sehen. Ich habe ihn telegra¬
1922 2056 2858 2210 klug daraus geworden, warum
670 2079 1889 2215 phisch dazu eingeladen. Ich bin nicht
2185 2157 2841 2305 ich nehme an, aus Ma,
698 2182 1668 2319 sich das Papierprojekt in Wien
2224 2274 2531 2417 ichischen
1199 2266 1564 2431 da erwiesen
718 2296 928 2439 gel an
651 2375 1707 2534 briken nicht leistungsfähig sind
1064 2489 1771 2635 a Ihren Bovellen verspr.
944 2604 1539 2732 gen ganz richtig an,
2408 2668 2626 2822 er erst
830 2690 1562 2824 plar Mk. 4.— betragen se
777 2785 1528 2897 Ueberholt durch
2037 2780 2967 2956 der Abschrift dieses
799 2785 2034 2978 Die verspätete Ablieferung,
659 2880 2858 3107 Briefes  zifferer kommt morgen un¬
1863 2978 2791 3123 bin ich in mein
668 3000 1766 3171 durch Ihre Repesch
1782 3082 2707 3252 Papierverhältniss
676 3109 1676 3305 Vermutung wegen der
2428 3179 2861 3305 Piessary
2126 3202 2291 3288 gleich
710 3224 1408 3366 bei Ihnen is.
