3079 3720
866 284 1445 472 VERLAG, BERLIN,
2368 343 2590 475 Blatt
2526 410 2754 635 1871
887 536 2762 735 Die Theaterabrechnung für das verflossene Vierteljahr ergibt
686 702 2695 847 für Sie ein Guthaben von M. 1623,66, den Betrag lassen wir Ihnen
681 778 1646 952 gleichzeitig in bar zugehen. -
906 909 1389 1083 Auf die Leipzig
1687 887 2850 1083 achtskatoge habe ich keinen Einfluss.
1258 1027 1384 1078 G.C.H.
673 1054 2767 1177 Wir haben ja im vorigen Jahr darüber korrespondiert und Sie wissen,
670 1161 2767 1290 was dabei herausgekommen ist. Für diese Privatunternehmungen sind
673 1247 2829 1386 von den Verlegern Herausgeber gewonnen, und was dabei zustande kommt,
662 1343 2730 1485 ist ein Kompromiss zwischen dem Massstab des Herausgebers und der
665 1453 2807 1598 Durchschnittserfahrung des provinziell gerichteten Buchhandels.
890 1633 2778 1751 Die gewünschten Bücher lasse ich Ihnen gleichzeitig zugehen.
1137 1700 1247 1754 G.C.F.P
668 1713 2797 1842 Wir geben gewöhnlich durch eine Karte Nachricht von dem bevorstehen-
665 1842 2730 1944 den Erscheinen der neuen Werke; eine solche Karte geht auch Ihnen
665 1925 2799 2075 zu, vielleicht haben Sie die Güte, immer auf dieser Karte anzuzeich-
660 2035 2239 2174 nen, welche Bücher Sie geschickt haben möchten.
818 2142 2660 2287 Im Tempelverlag ist seit Ausbruch des Krieges nichts Neues
660 2242 1027 2381 erschienen.
1035 2333 1756 2496 Mit herzlichen Grüssen
2094 2445 2620 2662 H. Fiechl
820 2625 2780 2775 Kann ich übrigens die beiden Kataloge
804 2751 2869 2877 bekommen oder wenigstens die titul und
802 2850 2882 2982 Verleger erfahren, damit ich für alle
783 2944 2861 3132 fälle die Angelegenheit zur Sprache
807 3046 2443 3242 bringe beziehungsweise urgiere
