3224 4088
1779 258 1973 422 1034
1532 304 1704 508 933
989 403 2607 615 FISCHERVERLAG A.-G. BERLIN W 57
1411 575 2153 672 Theaterabteilung
769 696 2800 771 Fernsprecher: Lützow Nr. 6162-6164 Telegramm=Adresse: Fischerverlag 6162 Berlinlützów
766 761 2798 828 Bankkonto: Deutsche Bank, Depositenkasse P in Berlin / Postscheckkonto; Berlin Nr. 16892
1454 814 2736 978 Bülowstraße 90 Berlin, den 10.10.29.
1196 820 1392 957 An/Hb.
1580 884 2088 1080 Sarren
1779 1021 1975 1134 are
981 965 1207 1169 Herrn
1747 1086 2040 1244 mit
1940 1209 2059 1309 at
1223 1212 2298 1443 Dr. Arthur Schnitzler
2365 1400 2868 1540 W i e n XVIII
2268 1510 2900 1669 Sternwartestr. 71.
1196 1650 2126 1879 Sehr verehrter Herr Doktor,
2545 1720 2714 1868 Et
1325 1852 2558 2026 ich möchte die zwischen uns geführte
785 1954 2892 2112 Korrespondenz, die den Charakter winer wenn auch freundschaft-
779 2077 2760 2244 liohen Polemik anzunehmen beginnt, nicht gern weiter fort-
774 2185 2884 2314 setzen, da sie ja sachlich erledigt ist. Vielleicht können wir
793 2298 1879 2470 später noch darauf zurückkommen.
1341 2392 2822 2558 Wir haben vereinbart, dass unsere Provision
782 2532 2782 2677 auf 10% herabgesetzt wird und-wenn ich Sie recht verstehe,-
766 2631 2822 2744 dass Sie Uraufführungen persönlich abschliessen, wir dagegen
769 2752 2784 2865 für andere Abschlüsse in Berlin bevollmächtigt sein sollen.
763 2860 2300 3034 Der dafür entfallende Prozentsatz beträgt 54.
1325 2978 2749 3126 Ich habe Herz nunmehr gesprochen und sein
761 3040 2919 3233 Standpunkt ist unverändert der, dass ihm nicht zugemutet werden
758 3217 2712 3346 könne, die Vorräte vom "Reigen", von denen er nach seiner
785 3292 2725 3491 Angabe nach der letzten Aufstellung nur wenige 100 Stück
