3635 4104
2249 306 2836 513 Blatt 2
664 425 1793 618 S. FISCHER,VERLAG, BERLIN,
925 760 2839 961 Im Hinblick auf die Garantieforderungen schiene es mir jeden
808 848 2836 1061 falls zweckmässig, den Bühnen in der Provinz Ihre neuen Einakter
825 936 2876 1160 erst in Herbst vorzulegen. Vielleicht ist im Herbst die Situation
823 1064 2850 1251 so aussichtsvoll, dass wir bessere Garantien erzielen können als
825 1157 2916 1398 jetzt, während bei einer Verschlimmerung der Situation die Theater
845 1231 2896 1466 ohnehin nicht in der Lage sein werden, Vereinbarungen, die jetzt
845 1376 2992 1580 getroffen sind, einzuhalten. Natürlich könnte damit bei den grossen
845 1435 3021 1665 Hofbühnen eine Ausnahme gemacht werden, aber auch da ist es fraglich,
857 1560 2916 1778 ob wir im Herbst nicht höhere Garantiezahlungen erreichen können.
984 1685 2896 1869 Die steigende Meisterschaft, mit der Sie Willensvorgänge ent-
871 1775 2970 1980 wickeln, enthüllen und dramatisch sichtbar machen, hat mir die Lek-
1174 1866 2910 2048 r drei Stücke sehr genussreich gemacht. Ich glaube, Sie
879 1957 2970 2173 können auf eine besonders starke Bühnenwirkung rechnen. Bassermann
876 1963 1134 2130 türe Ihn
1174 2028 1639 2099 cʼest lʼannée de nouveau.
893 2082 3177 2269 wäre die ideale Besetzung für die männliche Hauptgestalt der drei Stücke.
891 2198 3060 2380 Ich zweifle nicht daran, dass Sie sich bei Barnowsky Bassermanns ver-
908 2297 3074 2490 sichert haben, und es wäre sehr wichtig, dass die Berliner Aufführung
905 2385 3046 2592 mindestens am gleichen Tage mit der Wiener Uraufführung stattfindet,
916 2487 2998 2692 denn die deutsche Provinz richtet sich nicht nur nach dem Berliner
910 2581 3029 2799 Erfolg, sondern auch nach der Berliner Darstellungsart, und da wäre
922 2692 2782 2899 das Beispielhafte Bassermanns für die Provinz sehr wichtig.
1117 2805 3092 2998 Wollen Sie also, dass wir die Drucklegung des Bühnentextes auf
933 2927 3174 3114 den Herbst verschieben oder wünschen Sie, dass jedenfalls die Korrektur-
933 3015 3117 3199 abzüge an die Bühnen, die sich gemeldet haben, bald versendet werden?
1308 3171 2042 3347 Mit herzlichen Grüssen
2252 3270 2385 3369 Ihr
2382 3228 2950 3455 F. Fischer
