3143 3879
1578 428 1725 537 ussi
1052 522 2532 641 S. Fischer Verlag Berlin
1048 686 2532 812 Amt Lützow 1662 l. 6162 Theaterabteilung postscheckkonto Nr. 16692
1455 746 2143 850 Berlin W 57, Bülowstraße Nr. 90
1440 826 2162 978 Den 11. Oktober 1917
2200 854 2296 988 G.F.P.
1010 850 1165 965 G.TA
1116 1050 2000 1193 Herrn Dr. Arthur Schnitzler
1977 1171 2264 1370 men
1176 1372 2036 1563 sehr verehrter Herr Doktor,
2008 1472 2564 1621 die Direktion Ro¬
2460 1604 2582 1725 ouvrage.
1161 1582 2394 1740 yaards in Amsterdam beabsichtigt „Kamte
1156 1744 2507 1853 Mizzi" aufzuführen. Bei dieser Gelegenheit
1295 1813 1380 1864 G.C.
1159 1811 1240 1866 geoce
1161 1828 2614 1932 korrespondierten wir mit unserem holländischen
1171 1936 2620 2038 Vertreter über die Erwirkung des Schutzrechtes
1161 2026 2677 2147 für das werk in Holland, Unser Vertreter schlägt
1171 2126 2511 2243 uns nun vor, das Verk in der Monatsschrift
1176 2236 2626 2362 „Groot-Nederland", die jeder ihrer Nummern ein
1165 2347 2630 2452 dramatisches Supplement beifügt, erscheinen zu
1165 2435 2596 2582 lassen. Das Honorar, das dafür bezahlt würde,
1201 2550 2596 2667 wäre ja nicht gross, allein es würde dadurch
1191 2660 2654 2786 erwirkt, dass „Komtesse Mizzi" das Schutzrecht
1186 2748 2598 2909 erwürbe, auf das das Stück nur dann Anspruch
