3071 3879
1424 139 1572 302 Den 583
770 272 2457 447 scher/Verlag/Berlin W 57/ Bülowstra-
2489 275 2714 465 se go
1072 397 2389 545 Schlüsse: Amt Lützow Nr. 1662. 6162 und 9292 / Postscheekkonto: Berlin Nrl. 16692
826 474 2602 654 sdiesverebna THEATE HABTEILUNG und als nam eib
1110 580 1809 675 den 13. Oktober 1922
802 604 1368 755 am 3. Januar der Aufzug bezusammen, daß es
1385 648 1477 707 1 3
1590 610 2593 773 Hoffbräßerevadles at aaw, doia
675 758 2596 844 eindoed neb xxx gidiesübiel, eensk medollandöwegab si gel
844 835 2590 983 gleichsastodrA abnemdäwremmt enke eib nedherzireiwroß
636 850 838 1021 Herrn
1814 944 2469 1134 Gedab edmig dol.
876 953 1690 1137 Dr. Arthur Schnitzler
494 1080 924 1234 Von der Stadt die
935 1083 2590 1243 das xxx erillegge xxx w xxx anwiset xxx
805 1181 924 1258 G.C.F.P.
622 1169 722 1264 G.F.P.
1903 1220 2176 1296 ʀ ̃ ʀ —  — — — ʒ —
912 1196 2575 1373 medeassda jedet nolmivorxxx geb. xxx xxx
480 1202 906 1353 M.A. me xxx zu
1826 1335 2010 1397 G.C.H.F.P.
636 1305 1536 1450 Sehr verehrter Herr Doktor
648 1379 855 1483 G.H.F.P.
1640 1329 2599 1459 leit eib medolew xxx, eröffd
1453 1350 1649 1495 G.H.F.P
1539 1436 2646 1521 in der Annahme, dass Sie bereits
773 1459 1735 1590 a 008 aid 001 m.r.###e
554 1471 731 1572 alles
1983 1507 2330 1587 glaixedam
616 1551 2836 1652 Anfang Oktober in Berlin sein würden, habe ich die Erledigung der
1803 1625 1933 1696 G.C.F.P.D.
2282 1628 2563 1702 reposSoy
2036 1625 2146 1696 G.H.F.P
669 1655 2741 1761 schwebenden Angelegenheiten mir bis zu Ihrem Berliner Aufent-
687 1743 2039 1817 adusfra adxxal nezeniemegiIs nedtsxxgire
417 1729 533 1829 Tlre
625 1764 2738 1888 halt aufbewahren wollen. Da Sie nun aber, wie Herr Fischer mir
1092 1859 1347 1930 W:A:H:H.H:D:
379 1809 586 1965 aaibos
1433 1862 1513 1930 G.C.F.P.
1782 1859 1942 1933 G.H.F.P.
628 1856 2735 1992 sagt erst im November hierherzukommen beabsichtigen, so möchte
1687 1980 1891 2054 aeufe
2341 1983 2510 2051 G.H.F.P.
628 1989 2818 2134 ich unter zurückstellung anderer prinzipieller Fragen zu denen
1738 2105 1856 2167 G.C.P.
1930 2093 2090 2167 G.H.F.P.
622 2090 2895 2232 insbesondere die Frage Brand x Kirpathriok gehört, heute wenigstens
625 2223 2827 2362 auf Ihr Verlangen, die andere Provisionem, die der Verlag erhält herabzu-
625 2359 2673 2498 setzen, im Einvernehmen mit Herrn Fischer, antworten. Es ist
616 2475 2768 2614 natürlich sehr schwierig, unter den gegenwärtigen Verhältnissen
400 2552 2768 2702 unter einen Prozentsatz herunterzugehen, der der geringste ist,
477 2685 2768 2842 den irgend ein Autor des Verlages Fischer bezahlt und wohl auch
376 2803 2759 2922 der geringste, den irgend ein Verlag insbesondere für die Aus-
388 2901 2472 3055 landsgeschäfte erhebt. Mir ist kein einziger Verlag behaßt.
2578 2930 2794 3087 t, der
379 3025 1954 3191 im Auslande unter 20 % arbeitet, wohin
2036 3034 2294 3182 en ich
411 3152 1951 3300 38 ½ bis 50 % erhoben werden, und zw
527 3229 2051 3413 unbekannteren Autoren, sondern gerade aus-
2720 3265 2845 3386 amter.
574 3354 1388 3514 Es wird auf diesem Geb:
802 3493 906 3590 habe
