3140 4056
2027 169 2763 410 Blatt 2.
1508 251 1622 370 Monsieur
585 230 1453 378 S. FISCHER,VERLAG, BERLIN,
995 368 1154 458 abteilung
707 598 2821 759 nehmen, in der Ueberzeugung, daß nur auf diese Weise Ihren Inter-
707 691 2829 857 essen wahrhaft gedient wird. Von diesem Punkte abgesehen, möchten
704 783 2831 931 wir es Ihnen aber ganz freistellen, ob Sie im übrigen die Führung
717 894 2829 1006 der Geschäfte uns allein überlassen oder sich ein Mitbestimmungs-
714 958 2834 1119 bezw. Einspruchsrecht wahren wollen, wobei wir allerdings bemerken
720 1074 2739 1231 möchten, daß je größer unsre Unabhängigkeit, desto sichere Er-
725 1162 1799 1328 folge zu gewärtigen sein dürften.
1106 1228 2845 1360 In der Anlage übersenden wir Ihnen sehr geehrter Herr
733 1347 2728 1492 einen Vertragsentwurf, den Sie gefälligst durchsehen und nach
725 1381 2837 1567 Streichung des Ihnen Unerwünschten unterfertigt an uns zurücksen
730 1532 2855 1649 den wollen, worauf Ihnen Gegenvertrag zugehen wird. Die Provision
736 1627 2855 1765 haben wir mit Rücksicht auf die an die G. D. F. zu zahlenden Pro-
738 1712 2831 1852 visionen durchgehend auf 15 %, bei direkten Verkäufen des Buches
741 1836 2310 1948 an eine ausländische Firma mit 20 % festgesetzt.
1135 1887 2810 2040 In der Hoffnung, Ihnen mit unserem neuen Anerbieten
744 2019 1516 2154 zu dienen, zeichnen wir
1638 2085 2604 2241 mit vorzüglicher Hochachtung
1620 2202 2607 2517 J. Fischer, derlag
