2921 3865
1189 219 1364 326 532
516 268 2466 455 Fischer/Verlag/Berlin M 57/Bülowstraße 9o
670 443 2271 557 konto: Deutsche Bank. Depositenkasse P in Berlin / Postscheckkonto; Berlin Nr. 16692
834 498 2006 618 Fernsprechanschlüsse: Amt Lützow Nr. 1662. 6162 und 9292
2055 592 2408 740 6. Dez. 21
315 583 493 749 /51.
889 755 1813 953 Herrn Dr. Arthur Schnitzler
2189 901 2326 1046 Wien
568 1023 1049 1137 Lieber Freund,
580 1122 2565 1315 ich komme mit der "Reigens-Angelegenheit nicht vom Fleck. Auf
449 1251 2603 1382 alle meine Erkundigungen bei Harz höre ich immer wieder, dass Harz
455 1344 2795 1495 verreist ist und dass vom "Reigen " noch genügend Vorräte vorhanden sind
1513 1446 1650 1513 G.C.F.P.
452 1458 2728 1589 Nach meiner Meinung müsste nun Harz mit Ihnen abrechnen und Ihren eine
452 1545 2615 1679 Lageraufstellung geben, damit hier Klarheit geschaffen wird. Wegen
790 1664 1320 1729 von Reigen
461 1685 2670 1796 des Neudrucks liegt die Sache jetzt so, dass eine prinzipielle Fest-
455 1743 2734 1901 stellung für die Freigabe des verbotenen Buches praktisch nicht durch-
455 1848 2650 1997 zusetzen ist, dass aber wohl auf Grund der letzten Entscheidung die
458 1965 2793 2116 Herausgabe des Buches kaum auf besondere Schwierigkeiten stossen dürfte.
466 2078 2734 2201 Ich würde vorschlagen, dem Buch eventuell die letzte Gerichtsentschei-
463 2183 2790 2349 dung voranzusetzen und ich meine, dass damit dem Ehrgeiz manches Staats-
466 2294 2656 2402 anwaltes ein Riegel vorgeschoben wäre. Sie fragen, ob ich genügend
466 2376 2711 2516 Papier für den "Reigen" zur Verfügung hätte. Das ist eine schwierige
466 2495 2647 2635 Frage, die ich mit Sicherheit im Augenblick nicht beantworten kann.
472 2618 2673 2720 Wenn Harz genug Papier vorrätig hat, dann wäre es freilich sicherer,
1026 2688 1105 2726 G.C.H.
478 2682 2711 2828 Sie blieben noch eine Weile bei ihm, bis die Papierfrage geklärt ist.
600 2822 2705 2909 Wir befinden uns wieder mitten in grössten Schwierigkeiten, denn
475 2898 2676 3011 die grosse Papiernot ist daraus entstanden, dass die Papierfabriken
481 2973 2664 3128 durch die bedeutend verschlechterte Valuta nicht genügend Rohstoffe
484 3116 2644 3250 aus dem Ausland hereinbekommen, ein Zustand, dessen Dauer nicht zu
478 3201 2761 3317 überschen ist. Es scheint, dass überdies ganz enorme Preissteigerungen
496 3306 2726 3478 dafür bevorstehen; auch für Druck und Einbände sind die Preise inzwi-
146 3419 344 3591 R 6000.1.21.
