3207 3976
1220 199 1376 326 ̃ 4031
1637 210 2338 420 /VERLAG
985 258 1569 451 FISCHEN
582 321 2636 545 Bankkonto! Deutsche Bank, Depositenkasse P Berlin / Postschedkonto: Berlin 1662
1013 468 2179 613 BERLIN W 57 / BULowSTRASSE 90
1209 550 1992 712 Fernruf: Lützow 1662, 6162 und 9292
2210 653 2733 794 16. März 1918
587 687 769 863 F/si.
1004 831 1924 1039 Herrn Dr. Arthur Schnitzler
2239 891 2429 1073 Wien
814 1075 1348 1274 Lieber Freund!
758 1197 2769 1368 Es ist vollkommen ausgeschlossen, dass die Kriegswirtschafts-
636 1311 2727 1512 stelle eine Extrazuweisung von Papier für Ihre Werke bewilligen
1668 1439 1765 1490 G.C.F.P.
1685 1407 2843 1586 Unrecht auf den Standpunkt stellen,
641 1484 1654 1615 würde. Sie würde sich nicht mi
641 1510 2883 1694 dass in einer Zeit wo die Papierausfuhr in Oesterreich verboten ist,
647 1615 2925 1813 die Bewirtschaftung der eigenen unzulänglichen Vorräte auf das eigene
650 1728 2835 1958 Land beschränkt bleiben muss. Vergessen Sie nicht, dass es mit dem
1654 1850 1748 1927 e
650 1876 2894 2000 Papier nicht anders steht, wie etwa mit den kontingentierten Lebens-
653 1958 2843 2151 mitteln. Daran würde auch die Tatsache nichts ändern, dass Sie für
658 2054 2412 2233 die deutschen Kriegsfürsorgezwecke Gutes getan haben.
1317 2227 2086 2375 Mit herzlichen Grüssen
1524 2352 1649 2457 Ihr
1388 2511 2054 2701 J. Fischer
