<?xml version="1.0" encoding="UTF-8" standalone="yes"?>
<PcGts xmlns="http://schema.primaresearch.org/PAGE/gts/pagecontent/2013-07-15" xmlns:xsi="http://www.w3.org/2001/XMLSchema-instance" xsi:schemaLocation="http://schema.primaresearch.org/PAGE/gts/pagecontent/2013-07-15 http://schema.primaresearch.org/PAGE/gts/pagecontent/2013-07-15/pagecontent.xsd">
    <Metadata>
        <Creator>prov=READ-COOP:name=TrHtr:version=2.1.0:model_id=51170:date=27_07_2023_22:35</Creator>
        <Created>2023-05-02T08:12:45.079+02:00</Created>
        <LastChange>2023-07-27T22:35:32.900+02:00</LastChange>
        <TranskribusMetadata docId="1416743" pageId="54955760" pageNr="1008" tsid="131306708" status="IN_PROGRESS" userId="64420" imgUrl="https://files.transkribus.eu/Get?id=FDQWDJTGMNWGYBTGJJZLSYCH&amp;fileType=view" xmlUrl="https://files.transkribus.eu/Get?id=UMDLUCJGHXCOLXPNJFVYSANV" imageId="44459485"/>
    </Metadata>
    <Page imageFilename="1416743_1008.jpg" imageWidth="3085" imageHeight="4071">
        <ReadingOrder>
            <OrderedGroup id="ro_1711826884902" caption="Regions reading order">
                <RegionRefIndexed index="0" regionRef="tr_1"/>
            </OrderedGroup>
        </ReadingOrder>
        <TextRegion id="tr_1" custom="readingOrder {index:0;}">
            <Coords points="319,391 3076,391 3076,3537 319,3537"/>
            <TextLine id="tr_1_tl_1" custom="readingOrder {index:0;}">
                <Coords points="1393,524 1419,524 1499,471 1517,483 1555,465 1558,474 1576,462 1590,465 1602,350 1564,333 1540,345 1526,333 1472,342 1452,324 1440,327 1417,315"/>
                <Baseline points="1417,462 1423,462 1468,456 1513,453 1557,447 1602,441"/>
                <TextEquiv>
                    <Unicode>853</Unicode>
                </TextEquiv>
            </TextLine>
            <TextLine id="tr_1_tl_2" custom="readingOrder {index:1;}">
                <Coords points="851,677 2303,604 2347,595 2359,448 2229,401 1478,498 1334,436 863,515"/>
                <Baseline points="874,605 883,608 928,605 972,608 1017,605 1062,599 1107,596 1152,596 1196,590 1241,587 1286,581 1331,579 1375,579 1420,570 1465,570 1510,567 1554,567 1599,564 1644,561 1689,555 1734,552 1778,552 1823,546 1868,543 1913,540 1957,537 2002,537 2047,531 2092,531 2136,528 2181,525 2226,522 2271,519 2316,516 2360,519"/>
                <TextEquiv>
                    <Unicode>S. Fischer / Verlag / A.=G. Berlin W 57</Unicode>
                </TextEquiv>
            </TextLine>
            <TextLine id="tr_1_tl_3" custom="readingOrder {index:2;}">
                <Coords points="616,783 2388,636 2595,674 2600,589 621,683"/>
                <Baseline points="632,743 677,740 722,740 767,737 811,734 856,731 901,728 946,725 990,719 1035,716 1080,713 1125,713 1169,710 1214,707 1259,704 1304,701 1349,698 1393,695 1438,692 1483,689 1528,686 1572,683 1617,683 1662,677 1707,674 1751,671 1796,671 1841,668 1886,665 1931,659 1975,656 2020,656 2065,650 2110,650 2154,647 2199,644 2244,644 2289,638 2333,635 2378,632 2423,629 2468,626 2513,626 2557,623 2602,626"/>
                <TextEquiv>
                    <Unicode>Bankkonto: Deutsche Bank, Depositenkasse P in Berlin/Postscheckkonto. Berlin Nr. 1669a</Unicode>
                </TextEquiv>
            </TextLine>
            <TextLine id="tr_1_tl_4" custom="readingOrder {index:3;}">
                <Coords points="1034,792 1255,822 1428,763 1773,739 1882,804 2185,795 2191,671 1037,727"/>
                <Baseline points="1050,778 1077,778 1122,775 1166,775 1211,773 1256,770 1301,767 1346,761 1390,758 1435,755 1480,752 1525,749 1569,746 1614,746 1659,743 1704,740 1748,737 1793,734 1838,728 1883,728 1928,725 1972,722 2017,722 2062,719 2107,713 2151,713 2196,716"/>
                <TextEquiv>
                    <Unicode>Fernsprechanschlüsse: Amt Lützow Nr. 6162 bis 6164</Unicode>
                </TextEquiv>
            </TextLine>
            <TextLine id="tr_1_tl_5" custom="readingOrder {index:4;}">
                <Coords points="1437,851 1581,845 1602,828 1634,851 1670,839 1735,845 1758,830 1802,839 1808,751 1770,736 1720,754 1652,751 1632,766 1605,754 1440,763"/>
                <Baseline points="1453,817 1498,814 1543,814 1587,811 1632,808 1677,805 1722,802 1766,799 1811,796"/>
                <TextEquiv>
                    <Unicode>Bülowstraße 90</Unicode>
                </TextEquiv>
            </TextLine>
            <TextLine id="tr_1_tl_6" custom="readingOrder {index:5;}">
                <Coords points="1045,913 2082,869 2200,851 2203,789 1051,860"/>
                <Baseline points="1062,913 1089,913 1134,913 1178,913 1223,910 1268,904 1313,901 1357,898 1402,895 1447,892 1492,889 1537,886 1581,883 1626,880 1671,877 1716,871 1760,868 1805,868 1850,865 1895,859 1939,859 1984,856 2029,853 2074,847 2119,844 2163,841 2208,838"/>
                <TextEquiv>
                    <Unicode>Telegramm.Adresse: Fischerverlag 6162 Berlinlützow</Unicode>
                </TextEquiv>
            </TextLine>
            <TextLine id="tr_1_tl_7" custom="readingOrder {index:6;}">
                <Coords points="350,1048 2506,895 2606,816 1328,925 359,898"/>
                <Baseline points="370,996 402,999 447,999 492,996 537,996 581,990 626,987 671,984 716,981 761,978 805,972 850,972 895,969 940,967 984,969 1029,964 1074,964 1119,958 1163,955 1208,952 1226,949 1265,949 1310,949 1355,943 1399,937 1444,934 1489,931 1534,928 1578,925 1623,922 1668,919 1713,916 1757,916 1802,913 1847,907 1892,901 1937,901 1981,898 2026,895 2071,892 2116,892 2160,886 2205,883 2250,880 2295,877 2339,871 2384,871 2429,868 2474,862 2519,862 2563,859 2608,856"/>
                <TextEquiv>
                    <Unicode>eprov eilz aan niw liew für,neuaw nemmøheïale rdss lauwinä mei nov</Unicode>
                </TextEquiv>
            </TextLine>
            <TextLine id="tr_1_tl_8" custom="readingOrder {index:7;}">
                <Coords points="1852,969 2023,978 2109,1025 2274,981 2335,1010 2453,1007 2500,975 2577,998 2692,969 2698,878 1855,916"/>
                <Baseline points="1868,969 1895,969 1939,969 1984,967 2029,964 2074,967 2119,964 2163,958 2208,955 2253,952 2298,949 2342,949 2387,943 2432,943 2477,940 2521,937 2566,937 2611,931 2656,928 2701,928"/>
                <TextEquiv>
                    <Unicode>Berlin, den 13.März 1928.</Unicode>
                </TextEquiv>
            </TextLine>
            <TextLine id="tr_1_tl_9" custom="readingOrder {index:8;}">
                <Coords points="300,1143 1879,1063 2044,1034 2050,975 1758,931 680,1066 306,1031"/>
                <Baseline points="319,1104 352,1107 396,1104 441,1101 486,1098 531,1095 576,1095 620,1092 665,1092 710,1086 755,1083 799,1077 844,1077 889,1074 934,1068 978,1068 1023,1065 1068,1062 1113,1059 1158,1056 1202,1053 1247,1050 1292,1047 1337,1044 1381,1041 1426,1038 1471,1035 1516,1032 1560,1029 1605,1026 1650,1023 1695,1023 1740,1017 1784,1014 1829,1011 1874,1005 1919,1002 1963,1002 2008,996 2053,993"/>
                <TextEquiv>
                    <Unicode>stimmänger xxx nebnsklemeden xxxos xxxnem a</Unicode>
                </TextEquiv>
            </TextLine>
            <TextLine id="tr_1_tl_10" custom="readingOrder {index:9;}">
                <Coords points="601,1051 645,1048 680,1057 689,1048 730,1051 751,1037 789,1048 816,1043 825,1034 839,1037 842,992 822,981 798,992 786,984 760,992 754,984 733,987 701,1001 604,992"/>
                <Baseline points="617,1041 626,1041 671,1041 716,1041 761,1035 805,1032 850,1029"/>
                <TextEquiv>
                    <Unicode>Ei. /är.</Unicode>
                </TextEquiv>
            </TextLine>
            <TextLine id="tr_1_tl_11" custom="readingOrder {index:10;}">
                <Coords points="303,1246 2471,1143 2606,1098 2615,995 309,1154"/>
                <Baseline points="322,1211 334,1211 379,1205 423,1205 468,1202 513,1199 558,1196 602,1199 647,1196 692,1196 737,1193 781,1187 826,1184 871,1178 916,1175 961,1169 1005,1169 1050,1166 1095,1163 1140,1158 1184,1155 1229,1152 1274,1149 1319,1146 1363,1146 1408,1143 1453,1140 1498,1137 1543,1134 1587,1131 1632,1128 1677,1125 1722,1119 1766,1116 1811,1113 1856,1110 1901,1107 1945,1104 1990,1104 2035,1098 2080,1095 2125,1095 2169,1092 2214,1089 2259,1083 2304,1083 2348,1080 2393,1077 2438,1074 2483,1071 2527,1068 2572,1065 2617,1065"/>
                <TextEquiv>
                    <Unicode>netanök aHörm Newänedoseb zufolldoßatst die bau.medröw nedeneus wird</Unicode>
                </TextEquiv>
            </TextLine>
            <TextLine id="tr_1_tl_12" custom="readingOrder {index:11;}">
                <Coords points="1184,1296 1299,1349 1372,1313 1534,1337 1667,1269 1841,1316 2229,1249 2235,1160 2112,1128 1991,1175 1802,1146 1590,1196 1496,1160 1355,1190 1190,1163"/>
                <Baseline points="1199,1268 1208,1268 1253,1271 1298,1271 1343,1262 1387,1259 1432,1259 1477,1256 1522,1256 1566,1253 1611,1247 1656,1247 1701,1244 1745,1241 1790,1238 1835,1238 1880,1232 1925,1232 1969,1229 2014,1226 2059,1223 2104,1220 2148,1217 2193,1214 2238,1220"/>
                <TextEquiv>
                    <Unicode>Dr. Arthur Schnitzler</Unicode>
                </TextEquiv>
            </TextLine>
            <TextLine id="tr_1_tl_13" custom="readingOrder {index:12;}">
                <Coords points="2291,1296 2362,1325 2444,1302 2530,1319 2600,1293 2795,1302 2798,1216 2762,1202 2718,1231 2656,1216 2600,1243 2544,1225 2406,1243 2365,1205 2297,1199"/>
                <Baseline points="2307,1301 2310,1304 2354,1301 2399,1304 2444,1304 2489,1298 2533,1295 2578,1295 2623,1289 2668,1286 2713,1283 2757,1280 2802,1283"/>
                <TextEquiv>
                    <Unicode>W i e n XVIII</Unicode>
                </TextEquiv>
            </TextLine>
            <TextLine id="tr_1_tl_14" custom="readingOrder {index:13;}">
                <Coords points="683,1361 775,1372 875,1328 1001,1375 1096,1334 1210,1358 1216,1275 1175,1246 1096,1258 1075,1243 1004,1275 928,1246 895,1266 810,1255 739,1296 689,1296"/>
                <Baseline points="701,1337 728,1340 773,1334 817,1331 862,1325 907,1322 952,1322 996,1319 1041,1316 1086,1313 1131,1310 1175,1304 1220,1301"/>
                <TextEquiv>
                    <Unicode>Todosdoot gedoff¬</Unicode>
                </TextEquiv>
            </TextLine>
            <TextLine id="tr_1_tl_15" custom="readingOrder {index:14;}">
                <Coords points="2907,1325 2921,1325 2927,1331 2933,1325 2951,1328 2963,1319 2972,1322 2977,1316 2992,1316 2989,1184 2974,1184 2969,1190 2963,1187 2954,1193 2945,1190 2927,1207 2904,1207"/>
                <Baseline points="2924,1310 2969,1310 2996,1313"/>
                <TextEquiv>
                    <Unicode>--</Unicode>
                </TextEquiv>
            </TextLine>
            <TextLine id="tr_1_tl_16" custom="readingOrder {index:15;}">
                <Coords points="2603,1349 2621,1349 2630,1343 2636,1352 2650,1343 2659,1346 2671,1340 2680,1346 2701,1343 2706,1355 2715,1346 2751,1340 2751,1305 2736,1305 2730,1299 2715,1305 2704,1299 2665,1305 2659,1299 2645,1302 2624,1290 2606,1293"/>
                <Baseline points="2623,1331 2668,1328 2713,1325 2757,1325"/>
                <TextEquiv>
                    <Unicode>--*--</Unicode>
                </TextEquiv>
            </TextLine>
            <TextLine id="tr_1_tl_17" custom="readingOrder {index:16;}">
                <Coords points="2271,1461 2436,1446 2489,1470 2595,1434 2874,1475 2963,1446 2969,1328 2274,1366"/>
                <Baseline points="2286,1408 2301,1405 2345,1405 2390,1405 2435,1402 2480,1402 2524,1399 2569,1396 2614,1393 2659,1390 2704,1387 2748,1384 2793,1381 2838,1381 2883,1381 2927,1378 2972,1378"/>
                <TextEquiv>
                    <Unicode>Sternwartestrasse 71</Unicode>
                </TextEquiv>
            </TextLine>
            <TextLine id="tr_1_tl_18" custom="readingOrder {index:17;}">
                <Coords points="666,1472 963,1431 1031,1455 1137,1437 1308,1502 1417,1455 1493,1484 1502,1346 1437,1366 1355,1325 1243,1355 1101,1334 780,1411 671,1387"/>
                <Baseline points="686,1438 701,1441 746,1438 790,1435 835,1432 880,1432 925,1426 969,1423 1014,1420 1059,1417 1104,1411 1149,1408 1193,1408 1238,1405 1283,1405 1328,1402 1372,1402 1417,1399 1462,1393 1507,1390"/>
                <TextEquiv>
                    <Unicode>.D-.A  DAVREV  Ats HORIT.8</Unicode>
                </TextEquiv>
            </TextLine>
            <TextLine id="tr_1_tl_19" custom="readingOrder {index:18;}">
                <Coords points="636,1687 919,1705 1305,1632 1905,1611 1911,1517 642,1596"/>
                <Baseline points="653,1659 659,1656 704,1656 749,1653 793,1650 838,1647 883,1647 928,1644 972,1641 1017,1635 1062,1632 1107,1632 1152,1629 1196,1626 1241,1623 1286,1620 1331,1620 1375,1617 1420,1614 1465,1611 1510,1608 1554,1608 1599,1605 1644,1602 1689,1599 1734,1596 1778,1593 1823,1590 1868,1590 1913,1590"/>
                <TextEquiv>
                    <Unicode>Sehr verehrter Herr Doktor Schnitzler!</Unicode>
                </TextEquiv>
            </TextLine>
            <TextLine id="tr_1_tl_20" custom="readingOrder {index:19;}">
                <Coords points="795,1746 2771,1690 2845,1558 1985,1561 795,1699"/>
                <Baseline points="811,1748 835,1748 880,1745 925,1743 969,1740 1014,1740 1059,1737 1104,1734 1149,1731 1193,1731 1238,1728 1283,1725 1328,1722 1372,1719 1417,1716 1462,1716 1507,1713 1551,1710 1596,1707 1641,1704 1686,1701 1731,1698 1775,1698 1820,1692 1865,1692 1910,1692 1954,1686 1999,1686 2044,1683 2089,1680 2133,1677 2178,1674 2223,1668 2268,1668 2313,1665 2357,1662 2402,1659 2447,1656 2492,1653 2536,1650 2581,1650 2626,1647 2671,1644 2715,1641 2760,1638 2805,1638 2850,1638"/>
                <TextEquiv>
                    <Unicode>Im Nachtrag zu Herrn Dr.Bermanns gestrigem Brief schicken wir</Unicode>
                </TextEquiv>
            </TextLine>
            <TextLine id="tr_1_tl_21" custom="readingOrder {index:20;}">
                <Coords points="639,1879 2883,1791 2957,1679 645,1799"/>
                <Baseline points="659,1862 677,1862 722,1859 767,1856 811,1853 856,1853 901,1850 946,1847 990,1844 1035,1844 1080,1841 1125,1835 1169,1832 1214,1832 1259,1829 1304,1826 1349,1826 1393,1823 1438,1820 1483,1817 1528,1814 1572,1811 1617,1811 1662,1805 1707,1802 1751,1799 1796,1799 1841,1796 1886,1793 1931,1790 1975,1787 2020,1787 2065,1784 2110,1781 2154,1778 2199,1775 2244,1772 2289,1769 2333,1766 2378,1763 2423,1760 2468,1757 2513,1754 2557,1751 2602,1751 2647,1748 2692,1745 2736,1743 2781,1740 2826,1740 2871,1737 2915,1734 2960,1734"/>
                <TextEquiv>
                    <Unicode>Ihnen nun gleichzeitig eingeschrieben drei neue Musterdeckel zu Ihrem</Unicode>
                </TextEquiv>
            </TextLine>
            <TextLine id="tr_1_tl_22" custom="readingOrder {index:21;}">
                <Coords points="648,1979 2836,1908 2913,1799 651,1900"/>
                <Baseline points="665,1963 677,1960 722,1960 767,1960 811,1957 856,1954 901,1951 946,1948 990,1948 1035,1945 1080,1942 1125,1937 1169,1934 1214,1934 1259,1931 1304,1928 1349,1928 1393,1925 1438,1922 1483,1919 1528,1916 1572,1913 1617,1913 1662,1907 1707,1907 1751,1904 1796,1901 1841,1898 1886,1895 1931,1892 1975,1892 2020,1889 2065,1886 2110,1883 2154,1880 2199,1877 2244,1874 2289,1871 2333,1871 2378,1868 2423,1865 2468,1862 2513,1859 2557,1856 2602,1853 2647,1847 2692,1847 2736,1844 2781,1844 2826,1841 2871,1838 2915,1841"/>
                <TextEquiv>
                    <Unicode>Roman „Theresen. Wir hoffen, dass Sie die Ausführungen des Herrn Dr.</Unicode>
                </TextEquiv>
            </TextLine>
            <TextLine id="tr_1_tl_23" custom="readingOrder {index:22;}">
                <Coords points="2350,2003 2436,1994 2491,2020 2533,1997 2645,2014 2701,1991 2748,2011 2812,1982 2930,1982 2989,2006 2998,1882 2839,1908 2718,1891 2692,1914 2589,1891 2509,1920 2356,1894"/>
                <Baseline points="2366,1978 2375,1978 2420,1975 2465,1966 2510,1963 2554,1960 2599,1957 2644,1954 2689,1951 2733,1948 2778,1948 2823,1945 2868,1945 2912,1942 2957,1939 3002,1939"/>
                <TextEquiv>
                    <Unicode>gestimmt haben, und</Unicode>
                </TextEquiv>
            </TextLine>
            <TextLine id="tr_1_tl_24" custom="readingOrder {index:23;}">
                <Coords points="651,2073 2097,2011 2362,1932 2067,1900 1667,1979 1219,1941 654,2017"/>
                <Baseline points="668,2065 713,2062 758,2062 802,2062 847,2059 892,2056 937,2053 981,2050 1026,2047 1071,2047 1116,2044 1161,2038 1205,2038 1250,2035 1295,2032 1340,2029 1384,2026 1429,2023 1474,2023 1519,2020 1563,2017 1608,2014 1653,2014 1698,2008 1743,2005 1787,2002 1832,1999 1877,1996 1922,1996 1966,1993 2011,1993 2056,1993 2101,1990 2145,1984 2190,1981 2235,1978 2280,1975 2325,1966 2366,1978"/>
                <TextEquiv>
                    <Unicode>Bermann versöhnlicher dem Einbandentwurf gegenüber</Unicode>
                </TextEquiv>
            </TextLine>
            <TextLine id="tr_1_tl_25" custom="readingOrder {index:24;}">
                <Coords points="2244,2014 2265,2020 2271,2017 2274,2020 2303,2017 2303,2020 2315,2014 2347,2017 2359,1970 2315,1967 2291,1979 2288,1976 2282,1982 2279,1979 2268,1982 2256,1976"/>
                <Baseline points="2265,2005 2277,2002 2322,1993 2366,1978"/>
                <TextEquiv>
                    <Unicode>G.C.H.F.P</Unicode>
                </TextEquiv>
            </TextLine>
            <TextLine id="tr_1_tl_26" custom="readingOrder {index:25;}">
                <Coords points="657,2188 2930,2112 3027,1964 660,2112"/>
                <Baseline points="674,2169 701,2169 746,2166 790,2163 835,2163 880,2160 925,2160 969,2157 1014,2154 1059,2151 1104,2151 1149,2148 1193,2145 1238,2139 1283,2139 1328,2136 1372,2133 1417,2133 1462,2131 1507,2128 1551,2125 1596,2122 1641,2119 1686,2116 1731,2113 1775,2110 1820,2110 1865,2107 1910,2104 1954,2101 1999,2098 2044,2095 2089,2095 2133,2089 2178,2086 2223,2083 2268,2083 2313,2077 2357,2074 2402,2071 2447,2071 2492,2068 2536,2065 2581,2062 2626,2059 2671,2059 2715,2056 2760,2056 2805,2053 2850,2050 2895,2050 2939,2044 2984,2041 3029,2038"/>
                <TextEquiv>
                    <Unicode>möchten noch einmal sagen, dass es die Verkäuflichkeit nicht nur dieses</Unicode>
                </TextEquiv>
            </TextLine>
            <TextLine id="tr_1_tl_27" custom="readingOrder {index:26;}">
                <Coords points="663,2285 2815,2235 2936,2221 2942,2112 666,2229"/>
                <Baseline points="680,2271 707,2274 752,2271 796,2271 841,2268 886,2268 931,2265 975,2262 1020,2259 1065,2256 1110,2253 1155,2250 1199,2247 1244,2247 1289,2244 1334,2241 1378,2238 1423,2235 1468,2232 1513,2229 1557,2229 1602,2226 1647,2223 1692,2220 1737,2217 1781,2214 1826,2214 1871,2211 1916,2208 1960,2205 2005,2202 2050,2199 2095,2196 2139,2196 2184,2193 2229,2190 2274,2187 2319,2184 2363,2181 2408,2178 2453,2175 2498,2175 2542,2172 2587,2169 2632,2166 2677,2163 2721,2160 2766,2157 2811,2154 2856,2154 2901,2151 2945,2151"/>
                <TextEquiv>
                    <Unicode>Romans, sondern sicher der neu aufzubauenden Serie wohl beeinflussen</Unicode>
                </TextEquiv>
            </TextLine>
            <TextLine id="tr_1_tl_28" custom="readingOrder {index:27;}">
                <Coords points="677,2403 2860,2329 3025,2300 3033,2170 680,2341"/>
                <Baseline points="695,2384 707,2381 752,2381 796,2378 841,2375 886,2375 931,2372 975,2369 1020,2366 1065,2363 1110,2360 1155,2357 1199,2354 1244,2351 1289,2351 1334,2348 1378,2345 1423,2345 1468,2342 1513,2336 1557,2336 1602,2333 1647,2330 1692,2327 1737,2325 1781,2325 1826,2322 1871,2319 1916,2316 1960,2313 2005,2310 2050,2307 2095,2304 2139,2301 2184,2298 2229,2295 2274,2295 2319,2292 2363,2289 2408,2286 2453,2283 2498,2280 2542,2277 2587,2277 2632,2274 2677,2271 2721,2268 2766,2265 2811,2265 2856,2262 2901,2259 2945,2256 2990,2253 3035,2250"/>
                <TextEquiv>
                    <Unicode>wird, wenn der Rücken einen etwas reicheren Goldschmuck bekommt. Es ist</Unicode>
                </TextEquiv>
            </TextLine>
            <TextLine id="tr_1_tl_29" custom="readingOrder {index:28;}">
                <Coords points="683,2491 2650,2444 2918,2394 2924,2315 686,2412"/>
                <Baseline points="698,2489 737,2489 781,2486 826,2483 871,2480 916,2477 961,2474 1005,2471 1050,2468 1095,2465 1140,2465 1184,2462 1229,2459 1274,2456 1319,2456 1363,2453 1408,2447 1453,2447 1498,2444 1543,2441 1587,2438 1632,2435 1677,2435 1722,2429 1766,2429 1811,2426 1856,2423 1901,2420 1945,2417 1990,2414 2035,2411 2080,2408 2125,2405 2169,2405 2214,2402 2259,2399 2304,2396 2348,2393 2393,2390 2438,2390 2483,2387 2527,2384 2572,2384 2617,2381 2662,2378 2707,2375 2751,2375 2796,2372 2841,2366 2886,2363 2930,2360"/>
                <TextEquiv>
                    <Unicode>eine Erfahrungstatsache, dass sowohl die Sortimenter als das grosse</Unicode>
                </TextEquiv>
            </TextLine>
            <TextLine id="tr_1_tl_30" custom="readingOrder {index:29;}">
                <Coords points="689,2606 2966,2521 2974,2412 692,2530"/>
                <Baseline points="704,2587 740,2587 784,2587 829,2584 874,2584 919,2581 964,2578 1008,2575 1053,2572 1098,2569 1143,2569 1187,2566 1232,2563 1277,2560 1322,2557 1366,2554 1411,2551 1456,2548 1501,2545 1546,2545 1590,2542 1635,2539 1680,2536 1725,2533 1769,2533 1814,2527 1859,2524 1904,2524 1948,2521 1993,2519 2038,2516 2083,2516 2128,2513 2172,2510 2217,2507 2262,2504 2307,2504 2351,2498 2396,2495 2441,2492 2486,2492 2530,2489 2575,2486 2620,2486 2665,2480 2710,2480 2754,2477 2799,2474 2844,2471 2889,2468 2933,2465 2978,2462"/>
                <TextEquiv>
                    <Unicode>Publikum auf solche Aeusserlichkeiten Wert legen, und wir wollen hof-</Unicode>
                </TextEquiv>
            </TextLine>
            <TextLine id="tr_1_tl_31" custom="readingOrder {index:30;}">
                <Coords points="692,2712 2097,2683 2253,2612 2845,2615 2995,2524 695,2645"/>
                <Baseline points="707,2695 716,2692 761,2695 805,2695 850,2692 895,2686 940,2683 984,2680 1029,2677 1074,2677 1119,2674 1163,2671 1208,2668 1253,2665 1298,2662 1343,2662 1387,2656 1432,2653 1477,2650 1522,2647 1566,2644 1611,2641 1656,2641 1701,2638 1745,2635 1790,2632 1835,2629 1880,2626 1925,2626 1969,2623 2014,2620 2059,2617 2104,2614 2148,2614 2193,2611 2238,2605 2283,2605 2327,2602 2372,2599 2417,2599 2462,2593 2507,2590 2551,2590 2596,2587 2641,2584 2686,2581 2730,2578 2775,2575 2820,2575 2865,2572 2909,2569 2954,2569 2999,2566"/>
                <TextEquiv>
                    <Unicode>fen, dass eine der neuen Leinenfarben Ihnen gefällt und die Zeichnung</Unicode>
                </TextEquiv>
            </TextLine>
            <TextLine id="tr_1_tl_32" custom="readingOrder {index:31;}">
                <Coords points="698,2815 2974,2715 3036,2615 701,2754"/>
                <Baseline points="713,2799 758,2796 802,2793 847,2790 892,2787 937,2784 981,2781 1026,2778 1071,2775 1116,2775 1161,2772 1205,2769 1250,2766 1295,2763 1340,2760 1384,2760 1429,2757 1474,2754 1519,2751 1563,2748 1608,2745 1653,2742 1698,2739 1743,2736 1787,2739 1832,2733 1877,2730 1922,2727 1966,2724 2011,2721 2056,2718 2101,2718 2145,2715 2190,2713 2235,2710 2280,2710 2325,2704 2369,2701 2414,2701 2459,2698 2504,2695 2548,2692 2593,2689 2638,2686 2683,2683 2727,2680 2772,2680 2817,2677 2862,2674 2907,2671 2951,2668 2996,2665 3041,2668"/>
                <TextEquiv>
                    <Unicode>dadurch auch ansehnlicher wirkt. Wenn Sie sich gar nicht damit befreun</Unicode>
                </TextEquiv>
            </TextLine>
            <TextLine id="tr_1_tl_33" custom="readingOrder {index:32;}">
                <Coords points="701,2901 1455,2924 1690,2848 2904,2807 2942,2715 704,2848"/>
                <Baseline points="716,2898 752,2895 796,2895 841,2892 886,2889 931,2886 975,2886 1020,2883 1065,2880 1110,2877 1155,2874 1199,2874 1244,2868 1289,2868 1334,2862 1378,2862 1423,2859 1468,2856 1513,2853 1557,2850 1602,2847 1647,2844 1692,2844 1737,2841 1781,2838 1826,2838 1871,2835 1916,2832 1960,2826 2005,2826 2050,2823 2095,2820 2139,2817 2184,2814 2229,2811 2274,2808 2319,2805 2363,2802 2408,2799 2453,2799 2498,2796 2542,2793 2587,2790 2632,2787 2677,2784 2721,2784 2766,2781 2811,2778 2856,2775 2901,2772 2945,2766"/>
                <TextEquiv>
                    <Unicode>den können, so bliebe noch der Weg, dass man das Sternchenmuster auf</Unicode>
                </TextEquiv>
            </TextLine>
            <TextLine id="tr_1_tl_34" custom="readingOrder {index:33;}">
                <Coords points="710,3030 3004,2916 3072,2818 716,2939"/>
                <Baseline points="725,3002 746,2999 790,2999 835,2996 880,2993 925,2987 969,2987 1014,2984 1059,2981 1104,2981 1149,2975 1193,2975 1238,2972 1283,2969 1328,2966 1372,2963 1417,2960 1462,2960 1507,2954 1551,2951 1596,2948 1641,2948 1686,2945 1731,2942 1775,2939 1820,2939 1865,2936 1910,2933 1954,2930 1999,2927 2044,2924 2089,2921 2133,2918 2178,2918 2223,2915 2268,2912 2313,2909 2357,2907 2402,2904 2447,2904 2492,2898 2536,2898 2581,2895 2626,2892 2671,2886 2715,2886 2760,2883 2805,2880 2850,2877 2895,2874 2939,2871 2984,2871 3029,2868 3076,2867"/>
                <TextEquiv>
                    <Unicode>dem Rücken fortnehmen würde und nur im oberen Feld das mittlere Schmuck</Unicode>
                </TextEquiv>
            </TextLine>
            <TextLine id="tr_1_tl_35" custom="readingOrder {index:34;}">
                <Coords points="710,3139 2783,2992 3063,3039 3069,2918 716,3025"/>
                <Baseline points="728,3103 746,3103 790,3101 835,3098 880,3098 925,3095 969,3092 1014,3089 1059,3086 1104,3083 1149,3080 1193,3080 1238,3077 1283,3074 1328,3071 1372,3068 1417,3065 1462,3065 1507,3059 1551,3056 1596,3053 1641,3050 1686,3050 1731,3047 1775,3044 1820,3044 1865,3041 1910,3038 1954,3035 1999,3029 2044,3026 2089,3026 2133,3023 2178,3020 2223,3017 2268,3017 2313,3014 2357,3011 2402,3008 2447,3005 2492,3005 2536,3002 2581,2999 2626,2996 2671,2990 2715,2990 2760,2987 2805,2984 2850,2984 2895,2981 2939,2978 2984,2975 3029,2972 3076,2969"/>
                <TextEquiv>
                    <Unicode>stück und im unteren Feld das Signet S.F.V stehen lässt, ausserdem die</Unicode>
                </TextEquiv>
            </TextLine>
            <TextLine id="tr_1_tl_36" custom="readingOrder {index:35;}">
                <Coords points="710,3251 2483,3113 2889,3154 3036,3128 3042,3016 719,3139"/>
                <Baseline points="728,3211 764,3208 808,3205 853,3205 898,3202 943,3199 987,3196 1032,3190 1077,3187 1122,3184 1166,3184 1211,3181 1256,3178 1301,3175 1346,3172 1390,3169 1435,3166 1480,3166 1525,3163 1569,3160 1614,3157 1659,3154 1704,3151 1748,3148 1793,3148 1838,3145 1883,3142 1928,3136 1972,3136 2017,3133 2062,3130 2107,3127 2151,3127 2196,3124 2241,3121 2286,3118 2330,3115 2375,3112 2420,3112 2465,3109 2510,3106 2554,3103 2599,3101 2644,3098 2689,3095 2733,3092 2778,3089 2823,3089 2868,3083 2912,3083 2957,3080 3002,3080 3047,3077"/>
                <TextEquiv>
                    <Unicode>vagerechte Linie und die Schrift. Aber wir fürchten, dass der Band da-</Unicode>
                </TextEquiv>
            </TextLine>
            <TextLine id="tr_1_tl_37" custom="readingOrder {index:36;}">
                <Coords points="713,3319 1016,3307 1137,3363 1287,3293 1596,3298 1605,3175 1272,3181 1119,3260 960,3242 904,3266 860,3237 795,3272 719,3242"/>
                <Baseline points="731,3312 755,3309 799,3306 844,3303 889,3303 934,3300 978,3300 1023,3297 1068,3292 1113,3292 1158,3286 1202,3286 1247,3280 1292,3280 1337,3277 1381,3274 1426,3274 1471,3271 1516,3265 1560,3265 1605,3262"/>
                <TextEquiv>
                    <Unicode>durch etwas kahl aussieht.</Unicode>
                </TextEquiv>
            </TextLine>
            <TextLine id="tr_1_tl_38" custom="readingOrder {index:37;}">
                <Coords points="878,3410 2491,3375 3007,3298 3013,3213 1302,3290 1137,3366 881,3319"/>
                <Baseline points="895,3408 910,3405 955,3402 999,3402 1044,3399 1089,3396 1134,3393 1178,3390 1223,3387 1268,3387 1313,3384 1357,3381 1402,3378 1447,3375 1492,3372 1537,3369 1581,3366 1626,3363 1671,3363 1716,3360 1760,3360 1805,3357 1850,3351 1895,3351 1939,3345 1984,3342 2029,3342 2074,3339 2119,3336 2163,3333 2208,3330 2253,3327 2298,3324 2342,3321 2387,3318 2432,3315 2477,3312 2521,3312 2566,3309 2611,3306 2656,3303 2701,3300 2745,3297 2790,3295 2835,3295 2880,3292 2924,3289 2969,3286 3014,3289"/>
                <TextEquiv>
                    <Unicode>Es tut uns besonders leid, Sie mit diesem Einband enttäuscht zu</Unicode>
                </TextEquiv>
            </TextLine>
            <TextLine id="tr_1_tl_39" custom="readingOrder {index:38;}">
                <Coords points="722,3563 2059,3457 2179,3552 3063,3505 3075,3316 1169,3434 733,3381"/>
                <Baseline points="740,3527 746,3527 790,3521 835,3521 880,3521 925,3518 969,3515 1014,3512 1059,3509 1104,3506 1149,3503 1193,3500 1238,3497 1283,3494 1328,3491 1372,3489 1417,3486 1462,3483 1507,3483 1551,3480 1596,3477 1641,3471 1686,3468 1731,3468 1775,3465 1820,3462 1865,3459 1910,3459 1954,3456 1999,3453 2044,3453 2089,3447 2133,3444 2178,3441 2223,3438 2268,3435 2313,3432 2357,3429 2402,3426 2447,3423 2492,3420 2536,3420 2581,3417 2626,3411 2671,3408 2715,3408 2760,3405 2805,3402 2850,3399 2895,3399 2939,3396 2984,3393 3029,3390 3076,3383"/>
                <TextEquiv>
                    <Unicode>haben, weil tatsächlich alle Parteien, einschliesslich des Herrn Fisch</Unicode>
                </TextEquiv>
            </TextLine>
        </TextRegion>
    </Page>
</PcGts>
