3082 3929
419 338 2598 607 S. Fischer/Verlag/Berlin M 57/Bülowstraße 90
893 523 2205 630 anschlüsse: Amt Lützow Nr. 1662. 6162 und 9292 / Portscheckkonto: Berlin Nrr. 166
1104 587 1876 737 THEATERABTEILUNG
751 722 1009 881 G.H.F.P.
1884 783 2341 922 Gegenommen an
1300 783 1451 962 II.
705 827 925 988 G.C.H.F.P
488 867 2682 1121 Vielmehr hat er sich mit grossem Eifer Ihrer Sache angehommen und
477 1043 2780 1254 wenn ich Sie wegen einzelner Aktionen bat, selbst mit einzugreifen,
486 1156 2618 1353 so geschah dies, weil ich es für wirksamer hielt, wenn das Ge
497 1318 2367 1509 wicht Ihres Namens mit in die Wagschale geworfen wurde.
1012 1387 2679 1566 Was den Fall Knopf anbetrifft, so hoffe ich, dass
1300 1520 1662 1592 G.C.H.F.S.
503 1506 2636 1720 Sie inzwischen bereits in den Besitz einer Antwort von Köpf ge-
497 1633 2587 1844 langt sind. Von den Korrespondenzen mit Samuel befinden sich
506 1751 2581 1948 nur einige ganz kurze Bemerkungen und Briefe hier, deren Wert
517 1841 2751 2049 zur Klarlegung der Hechtslage äusserst gering ist, trotadem stehen
526 1988 2731 2191 diese geringfügigen Korrespondenzen gern zu Ihrer Verführung; doch
523 2089 2662 2315 ist anzunehmen, dass Knopf ohnedies zu einer 18xalen Lösung der
535 2228 2624 2425 Frage bereit sein wird. Er ist übrigens gegenwärtig in Europa,
538 2326 2858 2520 vielleicht besucht er uns, dann könnte ich sehr rasch in persönlicher
543 2506 1867 2656 Rücksprache zu einer Klärung beitragen.
965 2587 2777 2737 Ihr geringes Vertrauen zu Brandt & Kirpatrick tut mir
543 2705 2719 2881 leid. Lächerlich ist an ihnen nichts, es wäre denn eine gewisse
564 2847 2795 3037 biedermännische Schwerfälligkeit, deren Ton ja auch mit dem meiner
569 2991 2763 3176 eigenen Geschäftsfährung nicht eben sehr richtig zusammenklingt.
1633 3072 2878 3254 zuletzt komme es ja doch nur auf die
552 3124 1613 3309 Nun, das muss man hinnehmen und
1783 3196 2783 3376 eute für Sie niemals viel er¬
566 3240 1442 3422 Leistung an. Ich gestehe
2309 3312 2734 3485 handel scheint.
575 3373 1101 3537 reichen werden,
2144 3439 2691 3607 mit Ihnen ein -
