3154 4056
1256 262 1476 386 ∧ c ⊃
1330 363 1550 498 H 62
942 460 2437 655 B. Fischer. Verlag. Berlin
2388 611 2484 699 wÄWÄm̄n
1966 642 2060 735 mittag.
719 611 889 760 Bnxx
710 699 2558 823 Amt Lützow 1662 u. 6162 Theaterabteilung postscheckkonto Nr. 16892
1225 785 2068 898 Berlin W 57, Bülowstraße Nr. 90
1641 840 2583 967 BÜthon eib LEM mehie tim
1016 865 1471 1008 a Raedellse de
468 889 677 1019 meglre
1341 881 2071 1019 Den 15. Juni 19, 20
710 889 903 1038 G/sch
498 975 2613 1115 meßel,enu tiw neder mebsichT.tdbemeg tiedmollgömau uns egefbarm
727 1060 2616 1201 toen hi eselaffidnev geb grurtebneA tenie fieddoligüm eil niw
2283 1154 2594 1322 .heJflade
980 1181 2222 1316 xxx
732 1181 950 1336 Herrn
562 1289 2211 1459 Dr. Arthur Schnitzler
1851 1355 2622 1509 Wien
2082 1462 2297 1542 ====--
1851 1457 1933 1531 -- —
708 1517 2057 1680 Sehr geehrter Herr Doktor,
1531 1583 2820 1757 das beiliegende Schreiben geht soeben an
708 1716 2828 1906 die unserem Bühnenvertrieb angeschlossenen Autoren hinausxxx wird
2123 1820 2211 1914 la
708 1840 2762 1994 hiermit auch Ihnen zur gefälligen Einsichtne und Entscheidung
713 1966 2792 2090 vorgelegt. Aus unseren bisherigen Korrespondenzen ist es Ihnen ja
713 2093 2792 2184 bekannt, dass infolge der bedeutend erhöhten Betriebskosten schon
744 2206 2765 2302 bisher gewisse Schwierigkeiten bestanden Einnahmen und Ausgaben
719 2288 2798 2404 des Bühnenvertriebes zu balancieren, zumal die von Ihnen gezahlte
713 2410 2930 2511 Provision von 7% ja hinter der sonst von den Bühnenvertriebsanstalten
713 2503 2806 2668 geforderten Normalprovision für das Inland um 3 %, für da.Ausland
719 2608 2853 2757 um 8% - 13% zurückblieb. Trotzdem haben wir, als Sie uns gelegent-
757 2715 2856 2867 lich selbst eine Erhöhung unserer Provision anboten, damals abge -
724 2831 2856 2988 lehnt, weil die Hoffnung bestand, dass bei einer Stabilisierung der
760 2941 2759 3073 Verhältnisse ein Ausgleich auch ohne Erhöhung sich ermöglichen
724 3035 2831 3181 lassen würde. Die Stabilisierung ist jedoch nicht eingetreten. Die
732 3123 2861 3296 plötzliche enorme Steigerung der Selbstkosten die durch die gleich-
727 3258 2784 3390 zeitige Einführung des neuen deutschen Posttarifs und den neunen
738 3310 2836 3489 Tarifverträgen mit den Angestellten vor kurzem hervorgerufen wurde
1972 3492 2748 3643 Sollten wir an diesem Tag noch keine
611 3508 1881 3646 Die oben genannten Bedingungen haben Sältigkeit bis zum
614 3632 2734 3753 entscheidende Antwort erhalten haben, so nehmen wir an, daß wir über das in Frage stehende Werk anderweitig verfügen können
