3016 3799
1342 128 1484 295 857
434 221 2627 445 S. Fischer/Verlag/Berlin W. 57/Bülowstraße 9o.
1064 390 2234 529 ###e: Amt Lützow Nr. 1662. 6162 und 9292 / Postscheckkonto: Berlin Nr.. 1
884 423 1009 532 prechance
1154 475 1931 600 THEATERABTEILUNG
1113 559 2065 761 Berlin, den 26. Februar 1924.
597 826 1937 1017 Herrn Dr. Arthur Schnitzler
2046 952 2307 1086 Wien
597 1107 1527 1323 Sehr verehrter Herr Doktor,
1541 1225 2697 1410 ich bin gern bereit Ihnen Material
606 1364 2697 1508 in der Angelegenheit des Treuhänders zur erfügung zu stellen.
2452 1470 2700 1587 Bartsch
603 1484 2460 1642 Sie können unseren jetzt annullierten Vertrag mit Hans
2457 1549 2534 1628 aie
606 1620 2624 1718 im Original, ferner die Abrechnung von Bartsch in einer Ab-
608 1705 2646 1849 schrift (Original beim Bund der Auslandsdeutschen), endlich
611 1819 2629 1923 eine Abschrift unseres Vertrages mit dem Bund der Auslands
614 1912 2616 2048 deutschen haben. Das Original diæses Vertrages kann ich aus
614 2037 2714 2152 naheliegenden Gründen nicht aus den Händen geben. Sollte Ihnen
614 2144 2747 2256 eine einfache Abschrift nicht genügen, so könnte ich diese hier
614 2247 2768 2373 für Sie notariell beglaubigen lassen. Sobald ich weiss, dass ob
614 2332 2741 2523 Sie dies für notwendig halten, lasse ich Ihnen die Papiere zu -
619 2477 2678 2621 gehen. Mit dem Bund der Auslandsdeutschen liege ich wegen der
614 2561 2687 2736 sichtlichen Lässigkeit mit der die Leute arbeiten, schon seit
608 2697 1268 2867 langem in Konflikt.
1249 2752 2747 2948 Es ist mir sehr angenehm zu hören, dass Ihre
622 2940 2747 3066 Differenzen mit dem Herlage jetzt ausgeglichen sind und doppelt
622 3041 2681 3164 erfreulich war es mir, dass auch ich einiges Wenige dazu bei
614 3128 2692 3295 tragen konnte. Ich gedenke mit Vergnügen xxx Tage, die ich
1672 3238 2788 3407 te Ihnen noch nachträglich für die
625 3243 1628 3415 in Wien verbracht habe und dann
1887 3368 2002 3508 ich.
614 3377 1702 3505 freundliche gasstliche Aufnahme.
2117 3404 2526 3649 Les Gerni
