3143 3865
1435 176 1537 275 Jan.
1082 353 2715 537 nur P in Berlin / Pomscheckkonto Berlin Nr. 1662 — — Perasprech-Anschikuse: Amt Lützow Nr: 1662 und 618
2058 446 2614 609 Berlin.W 57, Bülowstraße 90
2282 553 2592 660 8. 11. 17
732 738 1622 957 Herrn Dr. Arthur Schnitzler,
1737 836 2012 957 wien
1750 938 2039 1066 - - - -
612 1042 1080 1197 Lieber Freund,
740 1085 2635 1259 infolge Ihrer Depesche versenden wir die Rezensionsexemplare
623 1224 2672 1382 für die Wiener Presse am 10., sodass sie selbst unter ungünstigen
617 1328 2691 1483 Postverhältnissen am 14. in Wien eintreffen dürften. Ich habe vor-
636 1422 2648 1558 sichtshalber diesen früheren Termin gewählt, damit die Exemplare
636 1523 2753 1702 jedenfalls nicht später kommen. Kommen sie etwas früher, so schadet
639 1609 2723 1791 es hoffentlich nichts, es lässt sich eben von hier aus nicht genau
639 1772 975 1908 berechnen.
772 1801 2806 1954 Wir haben von "Fink und Fliederbusch" 6 Auflagen (6200 Exemplare)
641 1946 2787 2079 gedruckt; die Honorarverrechnung liegt bei, den Betrag von M 4500.—
649 2031 2782 2183 überweisen wir gleichzeitig auf Ihr Conto bei der K. K. priv. Boden-
647 2135 2106 2301 kreditanstalt (zur Verrechnung auf Markkonto).
767 2194 2705 2360 Die für Sie bestimmten Freiexemplare sind gestern abgegangen.
767 2349 2707 2480 Bezüglich Ihrer Nevelle bin ich aus Ihre Depesche nicht ganz
660 2419 2761 2590 klug geworden. Ich habe in meinem Briefe vom 17. Oktober angeboten.
660 2555 2742 2699 mit dem Abdruck der Novelle in der Rundschau bis nach dem Krieg zu
665 2654 2814 2806 warten, in welchem Fall ich Ihre Honorarforderung akzeptieren könnte.
668 2753 2745 2886 Die Novelle aber zu dem gewünschten Honorar Anfang nächsten Jahres
673 2830 2793 3009 abzudrucken, wäre ganz unmöglich, den Grund dafür habe ich Ihnen wie
671 2958 2745 3140 derholt geschrieben. Daran würde Ihr freundliches Anerbieten nicht
673 3049 2721 3223 ändern, dass Sie mit der Honorarzahlung bis nach Friedensschluss
684 3143 2600 3325 ten wollen; ich könnte Ihnen im Gegenteil in diesem Punkt ent¬
681 3260 2336 3488 kommen und Ihnen das Honorar, für die nach Friedenseck
