2963 4218
1794 774 2453 944 sere gebt grogät toikt.
1150 718 1671 932 I ist das 1 oad 3
379 835 821 991 756. ainaI###
265 929 2356 1074 sich um "Reigen "handelt, tatsächlich auszuüben, würden wir
253 1041 2362 1224 nicht empfehlen. Herr Fischer sagt mir, dass er neuerdings ein
1379 1115 2391 1282 Verkauf Ihrer einzelnen und ge
268 1168 1347 1288 pfindliches Nachlassen bei dem
344 1227 1347 1329 lʼœuvre de lʼhonneur de la nouvelle santenue ses livres
274 1250 2456 1421 sammelten Werke wahrnehme, und ist geneigt, dies auf die eigen -
276 1365 2435 1521 tümliche Belastung zurückzuführen, mit der die immer wieder sich
274 1424 2429 1659 erneuernden "Reigen"- Affären und das nun einmal unausrottbare
282 1568 2447 1732 öffentliche Vorurteil auf Ihr Gesamtwerk drücken. Er glaubt sich
291 1624 2512 1835 daher verpflichtet, Sie auf dieses Moment aufmerksam zu machen und
288 1768 2509 1941 Ihnen nahezulegen, auf Zwangsmassregeln gegen zögernde Direktoren
806 1806 891 1874 G.H.F.P.
1506 1877 1627 1944 est pour nous
297 1868 2491 2027 in diesem Falle zu verzichten. Natürlich würden wir niemals einen
297 1959 2488 2141 bestehenden Vertrag einfach auflösen. Aber wenn ein Direktor ein
2318 2059 2488 2129 G.H.F.P.
1377 2115 1477 2168 G.F.P.
297 2074 2409 2277 anderes Ihrer Werke lieber sielen will als den "Reigen", so
1124 2197 1688 2282 lʼœuvre de la nouvelle sont avec les mêmes
309 2171 2506 2368 ist eigentlich kein Grund einzusehen, warum man ihm den Austausch
300 2282 2482 2462 nicht gestatten sollte. Dergleichen Austausche nehmen wir ja mit
309 2391 2571 2565 anderen Ihrer Werke sehr häufig vor 1 in der Ueberzeugung, dass ein
318 2494 2518 2685 dem Direktor erwünschtes Stück besser bei ihm aufgehoben sei, als
321 2600 2579 2785 er unerwünschtes. Warum dies mit "Reigen" nicht ebensogut sollte
326 2724 2482 2903 geschehen können, zumal die allgemeine Situation neue Regenfälle
329 2838 2691 3009 nicht wünschenswert erscheinen lässt, ist nicht einzusehen. Es scheint
338 2918 2527 3103 uns daher grundsätzlich richtig, in solchen Fällen, in denen eine
335 3038 2521 3197 Direktion "Reigen " austauschen will ; ihr keine Schwierigkeiten
344 3144 2532 3297 zu bereiten. In dem Angelegenheit Köln wäre dann die, diesem Grun
350 3256 2465 3421 satz angemessene Stellungnahme, dem Theater mitzuteilen, dass u.
1568 3347 2600 3512 präsidenten nichts angehe, dass
353 3385 1494 3550 das beabsichtigte Verbot des Poliz
350 3491 2629 3615 wir aber, wenn das Theater damit ein Dienst geleistet sei, wir evtl.
353 3603 2721 3759 in einen Austausch willigen würden, In der Hoffnung, dass Sie sich den
2200 3656 2738 3800 bin ich mit den
1662 3680 2029 3812 aliessen werden.
400 3677 1491 3803 hier geäusserten Gesichtspunkten
641 3762 1524 3924 Empfehlungen Ihr sehr er
1738 3780 2271 3956 kolgrenner
