3197 4122
1320 325 1437 457 35
954 387 2383 593 fischer, Verlag, Berlin M., Bülowstrasse 90
990 928 1822 1097 Herrn Dr. Arthur Schnitzle
746 1279 1258 1411 Lieber Freund,
891 1297 2677 1588 wir sind vor 3 Tagen von der Reise zurückgekehrt und ich
769 1481 2653 1687 habe noch Gelegenheit nehmen können, manche Verbesserungen
764 1606 2703 1767 an dem in der Herstellung begriffenen "Geronime" zu bewirken.
795 1702 2664 1876 Wir werden also ausser der Auflage von 2000 Exemplaren noch
787 1819 2633 1993 weitere 200 Exemplare drucken, die ausschliesslich für die
795 1902 2739 2089 signierte Ausgabe xx 5 Kronen bestimmt sind. Dabei rechne ich
798 1967 2825 2180 darauf, dass Sie selbst in Oesterreich den grösseren Teil dieser
808 2089 2781 2277 signierten Exemplare verkaufen werden, weil es schon technisch
811 2209 2827 2383 durch den Buchhandel schwieriger ist, signierte Exemplare in Um-
821 2300 2911 2526 lauf zu bringen. Im übrigen wird sich die Ausstattung der billigen
816 2396 2861 2588 Ausgabe von der signierten nicht unterscheiden. Veranlassen Sie
824 2490 2851 2690 also jedenfalls, dass Spamer im ganzen 2200 Radierungen bekommt.
954 2617 2957 2820 Auf unsere Anzeige im Buchhandel sind bis jetzt doch schon etwa
839 2708 2749 2931 1000 Exemplare bar bestellt, so dass wir auch, bei der guten
842 2830 2931 3015 äusseren Wirkung des Buches, zu dem billigen Preis, wie ich hoffe,
839 2989 1965 3144 einen guten Absatz erwarten dürfen.
998 2947 2859 3233 Ich weiss im Augenblick keine Gelegenheit, die Manuskripte
855 3144 2882 3358 Ihrer Einakter von jemandem in Empfang nehmen zu lassen. Wird es
855 3207 2869 3456 mit Barnowsky sich machen lassen, um so besser. Schwierigkeiten
476 3565 587 3667 F. 121
