2903 3991
973 398 1117 595 1
404 404 851 606 Herrn
1143 413 1333 580 Pour Vous
1677 413 1908 586 3o13
1743 649 2479 782 rege.s###t. mnk
453 649 854 779 im eine betrifft
1028 647 1706 799 nulisidnisto 2
421 756 2572 909 staaten noch nicht geklärt. Wir ersuchen daher höflichst hierauf
419 898 2508 1010 auch im allgemeinen Ihre freundliche Aufmerksamkeit zu lenken.
413 981 2465 1097 Im übrigen glauben wir uns nicht zu irren, wenn wir annehmen,
419 1100 2661 1215 dass auch gewisse Prager Tantiemen für "Liebelei" an Karczag ausge-
424 1212 2491 1325 zahlt worden sind. Wir schreiben heute gleichzeitig nach Prag.
652 1287 903 1432 mein
1247 1302 2543 1449 Was Raggio anbetrifft, so depeschieren
1518 1385 1821 1458 G.C.H.P.
424 1385 2681 1567 wir ihm heute, um, da Sie noch andere Aussichten mit "Reigen" haben,
1573 1489 1752 1550 G.C.H.F.P.
421 1544 2704 1662 sogleich Endgültiges zu erfahren! Der Vertrag über "Reigen", den wir
130 1590 407 1743 .F.W.S.
424 1642 2624 1755 ihm sandten, lautet genau wie der über "Anatolß" und sieht gleich-
190 1723 407 1853 entreur de
421 1717 2606 1888 falls 1000 Lire Garantie vor. Wir nehmen nach den vorangegangenen
921 1815 1039 1899 G.C.H.P.
170 1815 355 1971 G.H.F.S.
424 1830 2502 1966 Korrespondenzen über diese Angelegenheit an, dass eine weitere
167 1945 312 2064 sele
427 1957 2603 2084 Einverständniserklärung Ihrerseits sich erübrigt. Wir werden, so-
167 2038 338 2179 ed et
430 2049 2462 2159 bald wir von Raggio Antwort haben, Sie sogleich verständigen.
245 2168 367 2283 G.C.F.P.
537 2165 2670 2269 Ein Stuttgarter Verlag erkundigt sich bei
144 2237 424 2381 s ds eaew
433 2269 2601 2410 uns nach einem Herrn Alfred Weiss, Budapest, Akacfa-Utoa 20 der
1339 2361 1743 2410 - - -
228 2347 404 2465 G.H.F.P
430 2387 2580 2505 sich angeblich für "Reigen" in Rumänien bemüht. Vielleicht haben
1613 2465 1755 2525 G.C.H.P.
1446 2468 1541 2528 G.F.P.
1025 2471 1383 2543 lʼauteur vu les mêmes nouvelles sont pas
185 2465 419 2595 de la fois
430 2476 2514 2612 Sie die Liebenswürdigkeit uns gelegentlich mitzuteilen, um wen
219 2566 2540 2707 es sich hierbei handelt und ob man diesen Herrn empfehlen kann.
182 2684 2072 2817 Zus heiJteV nebnsdeJaed aus bnamt nedosivs neh das nur
2130 2702 2372 2791 „beß sich
1328 2762 2251 2906 Mit vorzüglicher Hochachtung
127 2765 1380 2944 sJemel asw öhn do.neJz.ewd.s non. nepeim
1671 2831 2159 2915 Hntszeg redosko
1411 2875 2110 3019 FISCHER, VERLAG
2142 2880 2361 3054 G.T.P.
1573 2941 2107 3088 THEATERABTEII UNG
167 2938 1535 3137 „Jitindedne gesetzt die dasgelegen sich asw.
2127 3005 2372 3155 Juin
156 3051 2344 3241 ni dole es sesb., einfaner uns gaulleit M sib besamneb Tiw nehmen og
153 3230 2358 3322 ahmab das agnibmells giebnad m dar. meule mu xxx edosß Tegarejeb
43 3299 2321 3426 anclassebö mab ni nagenordüllch nederdneb ich siednegelegnet maasb e.
