3093 3895
1671 276 1929 433 G.C.D.F.
1448 267 1557 439 P.
1493 391 2170 499 G.C. J.A.H.F.W.K.P. v.
2194 385 2278 490 G.H.F.P
1406 466 2019 586 .1.1. nrk. ; naaldos.ados
1668 577 2813 817 sas verstätigt schrieben. Der
466 832 2623 989 von jedem Werk den Erlöss feststellen, und wenn Sie, wie beim Theater,
463 965 2599 1082 Ihre Tantieme aus den vereinnahmten Beträgen verrechnet bekämen. Da
102 989 216 1145 be
466 1079 2686 1208 giebt es keinen Zweifel, auch nicht bezüglich der gebundenen Exemplare
475 1175 2729 1319 denn beim Erlöss wäre ja die Trennung zwischen4 broschur- und gebundenen
469 1265 2617 1415 Exemplar deshalb nicht notwendig, weil der Prozentsatz der Tantieme
478 1385 2608 1542 so errechnet werden müsste, dass Sie mindestens das gleiche Honorar,
150 1172 294 1521 be¬
1274 1460 2221 1536 vom brochurten Exemplar)
475 1481 2230 1629 wie bei dem jetzigen Abrechnungsmodus zu bekommen hätten.
682 1593 772 1689 H.F.P.
938 1599 2635 1725 Ich habe leider den Aufsatz von Diedrichs, auf den ich
1731 1671 2161 1740 Mais elle lʼattre de nouveau.
472 1671 2626 1809 Bezug genommen habte von einem Autor nocht nicht zurückbekommen, ich
478 1788 2732 1923 lasse ihn folgen, sobald er wieder in meinen Händen ist. Nun, Sie haben
481 1902 2741 2037 sich ja für diesen Modus nicht entscheiden können, und so muss es einst¬
138 1908 225 2037 be
487 1998 2717 2122 weilen bei der alten Verrechnungsweise bleiben. Das ist der Grund, wes-
159 2007 273 2155 D.J
234 2055 358 2218 be
481 2091 2768 2233 halb sich die Abrechnung um einige Wochen verzögert hatte. Wir sind seit
201 2170 352 2320 e
478 2197 2741 2326 Monaten von einem Preiswirhel überfallen und kämpfen von Woche zu Woche
995 2287 1977 2383 Unkosten Lohn und Material¬
198 2311 297 2410 D'
433 2305 2771 2428 gegen die sich überstürzenden Preiserhöhungen. Wir sind gezwungen bei den
1734 2401 1836 2455 G.H.F.P.
424 2386 2843 2542 Preiserhöhungen nicht nur der katast Rophalen Verteuerung der Herstellungs-
240 2452 364 2593 P.S.
421 2494 2704 2626 kosten zu folgen, sondern auch der Geldentwertung nachzulaufen, um zur
258 2560 355 2671 De'
968 2596 1788 2686 die notwendigen Mittel
454 2596 2768 2768 J. Wiederherstellung der Neuw lagen xxx zum Erlöss zu bringen. Wie schwierig
237 2665 340 2837 be
493 2711 2762 2849 diese aufreibende Hetzjagd ist, müssen Sie daraus ersehen, dass aus dem
1397 2813 1499 2876 G.C.H.F.P
2239 2822 2750 2945 kosten auch nicht
1244 2804 2251 2969 gutausgabe die neuen Herstellungk
2236 2867 2605 2963 G.C.F.P.S.
496 2822 1259 2933 Gesamterlöss Ihrer Gesammung
679 2909 1256 2984 (v. m. m.)
1635 2903 1836 2981 G.C.H.S.
508 2933 2783 3044 annähernd hereingebracht werden können. Wir haben mit einem, selbst unter
502 3035 2753 3158 den damaligen Verhältnissen viel zu billigen Preis angefangen, und sind
517 3107 2777 3242 erst in sehr später Zeit durch die Preiserhöhungen einigermassen den neu
1481 3206 1650 3269 G.C.H.F.P.
508 3206 2777 3354 en Herstellungsverhältnissen gefolgt, das lässt sich gar nicht mehr ein-
523 3312 1836 3390 da sich die Mehrkosten überstürgen.
511 3327 2753 3450 bringen Würden wir den neuen Anschaffungskosten, die durch die Entwer¬
2479 3414 2605 3480 any
511 3423 2711 3558 tung der Mark in den letzten Monaten kollossal gewachsen sind folgen
