3143 3912
635 632 2735 833 vorgestellt habe, müsste Fischer Spiritusrektor der ganzen Sache
635 747 2933 933 sein und wir hätten lediglich für gewünschtes Kapital Druck und Papier
638 878 2773 1033 zu sorgen. Sie werden mir zugeben müssen, dass ich daraus eine
638 979 2778 1156 Pression Prinzhorns entnehmen musste, dass ich den Endruck haben
638 1087 2773 1239 musste, dass Prinzhorn meine Arbeitskraft für den vorgeschlagenen
641 1199 2850 1336 grossangelegten österreichischen Verlag forderte und dass sich hier
644 1279 2941 1433 nicht der Präsident einer Papierverteilungsstelle, sondern der Gründer
652 1379 2918 1539 eines österreichischen Verlages äussert, für den er meine ganze Kraft
652 1502 2890 1662 gebieterisch fordert. Ich habe Hofmannsthal die Depesche gezeigt, er
664 1579 2904 1765 war der Meinung, dass nun Prinzhorn den österreichischen Verlagsplan
650 1694 2901 1874 mit meiner Hilfe erzwingen will. Und Sie selbst, sehr verehrter Herr
667 1797 2918 1971 Doktor, haben mir ja in einer früheren Depesche mitgeteilt, der Plan
670 1900 2876 2117 werde ohne mich realisiert werden, wenn ich nicht zum 4. April nach
658 2060 1036 2209 Wien käme.
767 2077 2936 2286 Ich bitte Sie, davon überzeugt zu sein, dass ich nach wie vor dem
675 2220 2976 2372 Plan einer österreichischen Filiale meines Verlages, wenn nicht enthu-
670 2315 2921 2458 siastisch, aber doch mit denselben Gefühlen gegenüber stehe, wie bei
678 2432 2844 2589 unsern persönlichen Verhandlungen. Noch jetzt bin ich dazu bereit,
681 2501 2921 2698 wenn sich die Papierfrage unabhängig von den vorgeschlagenen Projekt
695 2621 2956 2793 des grossen österreichischen Verlages trennen lässt; wenn also ledig-
690 2707 2767 2910 lich das Papier meiner österreichischen Filiale zugeteilt wird.
753 2773 2924 2984 Wie dem aber auch sein mag, ob der Plan nun ins Wasser fällt, oder
704 2924 2918 3082 ob er noch zu retten ist, meiner Dankbarkeit für Ihr lebhaftes Inte-
701 3007 2867 3185 resse und für Ihre unausgesetzten Bemühungen dürfen Sie versichert
698 3182 1001 3310 bleiben.
1391 3176 1983 3342 Mit vielen Grüssen
1588 3296 2034 3468 Ihr ergebener
