3130 3880
1404 189 1532 296 39a
2279 227 2396 405 L
1484 373 2750 557 onto Berlin Nr. 16692 — — fernsprech-Anschlüssel Amt Lützow Nr: 1652 und 6182
1085 408 1463 536 Dasse P in Berlin / Postscheck
2063 485 2612 632 Berlin.W 57, Bülowstraße 90
2321 562 2582 704 . 11. 17
749 725 1631 925 Herrn Dr. Arthur Schnitzler,
1743 826 2020 973 Wien,
1764 954 1991 1066 *   —  —
637 1050 1093 1213 Lieber Freund,
749 1122 2630 1263 infolge Ihrer Depesche versenden wir die Rezensionsexemplare
642 1231 2670 1383 für die Wiener Presse am 10., sodass sie selbst unter ungünstigen
632 1306 2697 1514 Postverhältnissen am 14. in Wien eintreffen dürften. Ich habe vor-
637 1442 2644 1580 sichtshalber diesen früheren Termin gewählt, damit die Exemplare
642 1522 2745 1695 jedenfalls nicht später kommen. Kommen sie etwas früher, so schadet
648 1636 2710 1866 es hoffentlich nichts, es lässt sich eben von hier aus nicht genau
653 1783 981 1913 berechnen.
770 1812 2798 2012 Wir haben von "Fink und Fliederbusch" 6 Auflagen (6200 Exemplare)
656 1961 2790 2081 gedruckt; die Honorarversechnung liegt bei, den Betrag von M 4500.—
656 2023 2785 2209 überweisen wir gleichzeitig auf Ihr Conto bei der X. X. priv. Boden-
653 2156 2103 2300 kreditanstalt (zur Verrechnung auf Markkonto).
781 2220 2694 2396 Die für Sie bestimmten Freiexemplare sind gestern abgegangen.
778 2353 2700 2524 Bezüglich Ihrer Novelle bin ich aus Ihre: Depesche nicht ganz
664 2468 2748 2598 klug geworden. Ich habe im meinem Briefe vom 17. Oktober angeboten.
669 2540 2745 2705 mit dem Abdruck der Hovelle in der Rundschau bis nach dem Krieg zu
680 2654 2817 2825 warten, in welchem Fall ich Ihre Honorarforderung akzeptieren könnte.
669 2766 2742 2905 Die Hovelle aber zu dem gewünschten Honorar Anfang nächsten Jahres
677 2878 2820 3043 abzudrucken, wäre ganz unmöglich, den Grund dafür habe ich Ihnen wie-
677 2971 2766 3137 derholt geschrieben. Daran würde Ihr freundliches Anerbieten nichts
680 3083 2641 3246 ändern, dass Sie mit der Honorarzahlung bis nach Friedensschluss
677 3153 2582 3353 ten wollen; ich könnte Ihnen im Gegenteil in diesem Punkt ent¬
2420 3291 2502 3363 -
698 3259 2183 3504 kommen und Ihnen das Honorar für die nach Friede
