3049 3943
1588 342 2063 521 57 / Bil
838 362 1409 535 Der / Verlag / Bl.
1081 498 2284 606 „ Amt Lützow Nr. 1662. 6162 und 9292 / Portschackkonto: Berlin Nr“ 1669
1146 574 1902 696 THEATERABTEILUNG
453 1095 657 1290 Herrn
784 1174 1486 1401 Dr. Arthur Schnitzler
1641 1282 1905 1429 Wien
467 1486 1350 1661 Sehr geehrter Herr Doktor,
1341 1559 2790 1729 auch Herr Friedrich Zelnik von der Zelnik-
470 1695 2734 1837 Mara Filmgesellschaft interessiert sich für "Liebelei", Können wir
478 1814 2737 1933 einmal Ihr äusserstes Angebot hören? Es scheint, dass die Firma be-
473 1902 2584 2063 reit wäre ausser der Abfindung an die Nordisk-Filmgesellschaft
467 2026 2652 2190 Mk. 10000.— in bar und ausserdem 10& von den englischen und 15 %
470 2137 2652 2281 von den amerikanischen Lisenzen zu bezahlen. Wir bitten um Ihre
475 2247 1568 2414 freundliche umgehende Nachricht,
979 2343 2621 2482 Bei dieser Gelegenheit überreichen wir Ihnen zur
475 2428 2748 2638 Kenntnisnahme ein Schreiben der Rundfunkfirma in Frankfurt, das wir
478 2587 1440 2788 gelegentlich zurückerbitten.
1455 2595 2422 2830 Mit vorzüglicher Hochachtung
1715 2751 2230 2836 S. FISCHER, VERLAG
1749 2807 2199 2872 AKTRENGESELISCHAFT
1735 2838 2250 2955 THEATERABTEILUNG
1871 2921 2219 3073 plliary
