2909 3975
1627 420 1971 603 57 / Bülle
787 445 1164 615 Verlag
831 558 2230 690 utache Bank, Depositenkasse P in Berlin / Postscheckkonto: Berlin Nr. 1669
865 649 1960 756 Fernsprechlüsse: Amt Lützow Nr. 1662, 6162 und 929.
865 713 1147 839 Schnitz
552 954 2492 1172 Was Ihre deutschen Aufführungen in Oesterreich anbetrifft,
445 1092 2581 1244 so würden wir es sehr begrüssen, wenn Sie diese Kirich übertragen
445 1195 2753 1365 wollten. Meine Situation würde dadurch sehr gestärkt, was allen unseren
445 1316 2310 1451 Autoren, und dadurch unmittelbar auch Ihnen, zugute käme.
572 1400 2750 1566 „ Schwestern „ hatte in Königsberg, wie Sie gewiss bereits wissen,
448 1503 2707 1647 einen sehr schönen Erfolg. Neuannahmen sind bisher nicht erfolgt; ein
451 1606 2592 1747 Zirkularschreiben an die Bühnen über das Werk ist in Vorbereitung.
583 1727 2670 1856 Die bisher in unserm Besitz befindlichen Kritiken über „Reiegn „
457 1816 1877 2003 lassen wir Ihnen mit gleicher Post zugehen.
512 1877 2673 2078 Das Deutsche Theater hat nun endlich zahlung für Skandinvien zuge¬
474 2043 2193 2201 sagt, doch sind die melder bisher nicht eingetroffen.
1440 2118 2351 2310 Mit vorzüglicher Hochachtung
1693 2256 2247 2342 S. FISCHER, VerLAG
1693 2325 2227 2420 AUSLANDSABTEILUNG
2621 2549 2762 2684 sio
2385 2512 2561 2673 * v1
486 2581 2348 2750 P.S. Die Angelegenheit anerikanische Luxusausgabe „Reige
549 2690 1701 2839 in der nächsten Woche entschieden.
520 2750 2290 2925 Für fügen einen Brief des Herrn Alfred Weiss, Budapest
1308 2882 1618 3049 g Ihnen v###
468 2911 1029 3058 Schreiben dieses
