3096 3848
1279 193 1467 359 859
1754 241 2533 462 57 / Bülowstrasse
425 309 1729 515 S. Fischer/Verlag/Berlin W
789 422 2427 578 ato: Deutsche Bank. Depositenkasse P in Berlin / Postscheckkonto: Berlin Nr. 16692
912 515 1691 626 Fernsprechanschlüsse: Amt Lützow Nr.
1734 553 2098 658 6162-6164
1942 711 2291 857 d. 17.3.24
583 719 1111 889 Ma/Ml.
1080 852 1226 952 G.C.F.P.
711 862 912 1008 Herrn
872 922 2322 1090 Dr. Arthur Schnitzler
1121 1015 2301 1183 wien.
515 1065 1030 1198 Monsieur Même même
2043 1136 2236 1196 ====  =====
701 1126 2485 1259 xxx, xxx Sternwartestr. 71
709 1229 2291 1392 xxx dasb nebstew xxx.gifföv nach xxx dolaf
1583 1334 2319 1462 ammenammen vielmäßig.
719 1347 1540 1510 Sehrgeehrter Herr Doktor
859 1389 2626 1560 Ihr Schreiben vom 13.ds.Mts. senden wir Herrn Fischer
716 1510 2623 1678 an seinen Erholungsort und beantworten unterdessen einige
726 1681 995 1804 Fragen:
1015 1668 1191 1791 G.H.F.P.
741 1734 2638 1889 1. Es wäre möglich, den Satz stehen zu lassen, sodass Sie
746 1817 2603 1990 Gelegenheit haben, noch Korrekturen im Satz anzubringen.
751 1930 2769 2083 3. Der Copyright-Schutz ist nur für fertiggestellte Exemplare
744 2038 2673 2201 nötig. Einen Fahnenabzug können wir infolgedessen nicht zur
701 2060 955 2143 möglich
756 2168 1568 2327 Registrierung verwenden.
756 2216 2588 2397 4. Falls wir an Bühnen ohne Aufforderung Lese-Exemplare
766 2349 2636 2507 vergeben, und dies trifft höchstens bei zehn Theatern zu
769 2467 2688 2593 so berechnen wir die Exemplare nicht und fordern sie gele-
766 2535 2658 2711 gentlich wieder ein. Wenn kleinere Bühnen sonst Exemplare
761 2673 2568 2842 auf Verlangen zur Einsicht bekommen, so werden sie mit
769 2746 2573 2932 Rechnung verschickt, die zu begleichen ist, wenn nicht
766 2889 2578 3058 das Stück zur Annahme gelangt. In diesen Fall wird das
781 2985 2781 3123 erste Exemplar neist nicht berechnet. Kleinere Bühnen kommen
784 3088 2708 3236 aber, wie Sie selbst schreiben, hierfür nicht in Betracht.
784 3191 2766 3311 5. Aus dem gleichen Grunde entfällt die Notwendigkeit, Bühnen-
796 3294 2784 3447 Exemplare zu drucken, die ja nur deshalb hergestellt werden,
