3091 3960
1307 332 1452 494 1668
453 406 2663 653 S. Fischer/Verlag/Berlin M. 57/ Bülowstraße 90
1367 576 2468 733 Denkasse P in Berlin / Postscheckkonto: Berlin Nr. 16892
859 598 1340 692 o: Deutsche Bank, Depos
1359 662 1740 791 Amt Lützow Nr.
955 667 1213 791 Fernsprechan
1749 708 2147 813 6162-6164
1935 755 2473 903 den 25. 4. 1924.
909 738 1164 884 Ro./Be.
1735 851 2212 958 Das xxx waren so wiederst
483 829 1628 983 eid aan.nesalw aan etä neaasl ettid
1169 950 2374 1071 Herrn Dr. Arthur Schnitzler,
1924 996 2218 1068 Geweldtov
1963 1029 2443 1169 W i e n XVIII
590 1007 1438 1219 aufdem seil Todoffshstov ihm
1913 1134 2473 1282 Sternwartestr. 71
1103 1180 1246 1309 G.C.F.P.
1298 1202 2133 1370 Sehr geehrter Herr Doktor!
1169 1312 2756 1463 Wir überreichen Ihnen anbei die Theater-Abrechnung
925 1414 2863 1570 für März, die für Sie ein Guthaben von Gld.Mk. 1495.95 ergibt.
1169 1532 2740 1672 Wir haben in letzter Zeit Schwierigkeiten mit den
925 1650 2863 1806 Zahlungen in Markwährung an Ausländer. Nach den neuen Devisen
933 1738 2605 1894 verordnungen dürfen solche Zahlungen (selbst wenn die
371 1806 719 1935 mie kant
922 1847 2704 2007 Empfänger Konten bei deutschen Banken haben) nur dreimal
354 1908 689 2026 defo Reine
1392 1952 1584 2018 Gisamt
368 1985 763 2097 Rötter ohne
922 1946 2858 2111 monatlich bis zur Höhe von Gld.Mk. 450.- erfolgen (Gegenwert
417 2061 785 2223 weitter.
931 2048 2893 2215 von 25 Pfund). Wir haben versucht, die Genehmigung des Devisen-
1364 2160 1732 2240 fällige Tantiener
922 2204 2825 2328 kommissars für die Honorärzahlung an Sie zu bekommen, es ist
928 2270 2792 2421 aber abgelehnt worden. Zahlungen an Ausländer sollen in der
920 2394 2855 2520 Landesvaluta des Empfälgers erfolgen, und wir sind also darauf
925 2473 2734 2624 angewiesen, den österreichischen Autoren die Honorare und
925 2583 2740 2740 Tantiemen in dö.Kronen zu zahlen, die wir zu diesem Zweck
925 2729 2940 2869 kaufen müssen, unsere eigenen Einnahmen an Devisen für verkaufte
922 2811 2794 2951 Bücher reichen dazu bei weitem nicht aus, da wir einen sehr
928 2915 2621 3077 hohen Prozentsatz als Uxportdevisen abliefern müssen).
1136 2995 2880 3176 Da es also zu lange dauern würde, wenn wir Ihr guthaben
925 3118 2797 3250 in den zulässigen kleinen Beträgen ratenweise auf Ihr Konto
914 3220 2915 3354 bei der Bank für auswärtigen Mandel überwiesen, müssten wir den
417 3247 749 3371 tells in out.
920 3341 2841 3481 Betrag in dö.Kronen auf Ihr Konto bei der Bödenkreditanstalt,
508 3354 747 3519 Pilsen
931 3442 2877 3607 in Wien überweisen. Wir könnten Ihnen aber auch, wenn Sie Wert
1103 3552 2852 3714 f legen, den Gegenwert des Markguthabens in tohechischen
2520 3670 2608 3788 w.
