3085 4071
1398 313 1590 497 857
881 390 2371 617 S. Fischer/Verlag/A.-G. Berlin W 57.
643 594 2617 706 Bankkonto: Deutsche Bank, Depositenkasse P in Berlin / Pöstscheckkonte: Berlin Nr. 1669a
1056 674 2204 772 Fernsprechanschlüsse: Amt Lützow Nr. 6162 bis 6164
1444 738 1820 827 Bülowstraße 90
1053 723 2813 959 Telegramm.Adresse: Fischerverlag 6162 Berlinlützow den 26. März 1928.
620 804 881 924 Be./Ja.
637 976 847 1116 Herrn
1234 982 1972 1159 Dr. Arthur Schnitzler,
2285 1093 2784 1220 Wien. XVIII.
2279 1159 2870 1326 Sternwartestr.71.
637 1346 1593 1564 Sehr verehrter Herr Doktor!
1033 1461 2970 1596 Ich habe Herrn Fischer den zuletzt von Ihnen begutachteten
643 1581 2922 1731 roten Einband eingeschickt. Herr Fischer findet die Decke ganz beson-
654 1679 2936 1791 ders gut gelungen und lasst Sie sehr bitten, von weiteren Aenderungen
2689 1742 2919 1845 Messing
2488 1742 2701 1871 is in M.M.
2686 1814 2795 1871 ouvert avec les soins
654 1779 2442 1920 Abstand nehmen zu wollen. Die Einbandplatten sind bere
2833 1837 2919 1891 recembre
1739 1860 1845 1903 m m
657 1874 2962 2003 geschnitten. Durch einen Neuentwurf des Einbandzeichners und die technischen
651 1949 2902 2095 nische Herstellung der Platten würden wir mehrere Wochen verlieren.
654 2075 2881 2210 Dazu kommt noch ein drohender Streik der Buchdrucker und Buchbinder
666 2190 2962 2287 der uns zwingt, wenn wir Wert auf daszeitige Erscheinen des Werkes le-
660 2270 2904 2399 gen, sofort mit der Arbeit zu beginnen, da sonst die Gefahr besteht,
666 2365 2861 2503 dass wir in den Streik hereingeraten. Ich nehme an, dass Sie unter
660 2480 2864 2640 diesen Umständen damit einverstanden sind, wenn wir sofort mit der
666 2574 1736 2718 Herstellung der Decken beginnen.
1068 2652 2899 2818 Den Entwurf des Schutzumschlages lasse ich Ihnen sofort
663 2778 1616 2925 nach Fertigstellung zugehen.
1059 2815 2870 3048 In der Hoffnung, dass nun alles geregelt ist, begrüsse
663 2985 1424 3154 ich Sie herzlichst als
1843 3045 2675 3269 Ihr Ihnen sehr ergebener
2012 3209 2497 3398 Dekommnung
