3288 4199
1517 352 1655 501 1784
839 428 2322 608 S. Fischer / Verlag / A.=G. Berlin W 57
588 650 2564 766 Bankkonto: Deutsche Bank, Depositenkasse P in Berlin / Postscheckkonto; Berlin Nr. 1669a
999 709 2151 816 Fernsprechanschlüsse: Amt Lützow Nr. 6162 bis 6164
1396 771 1762 870 Bülowstraße 90
1008 808 2145 974 Telegramm-Adresse: Fischerverlag 6162 Berlinlützow
2097 963 2488 1123 24. Jan. 27
557 988 754 1163 F/Si.
853 1143 1785 1312 Herrn Dr. Arthur Schnitzler
2238 1281 2472 1405 Wien
659 1360 1146 1498 Lieber Freund,
794 1469 2795 1585 ich übersende Ihnen eine Gutschriftnote für 15 000 Exemplare
636 1568 1636 1706 der neuen Novelle " Spiel im
1534 1571 2874 1717 orgengrauenn, zu M 3,50 vom Ladenpreis
642 1683 2700 1779 des broschierten Exemplars gerechnet, im Betrage von M 13 125.
645 1776 2697 1925 Ihrem Wunsche entsprechend weisen wir die Hälfte des Honorars,
645 1869 2908 2049 im Betrage von M 6 562,80 auf Ihr Konto bei der Bank für Auswärtigen
642 1985 1219 2139 Handel in Berlin.
768 2016 2835 2258 Von "Geist im Wort" haben wir drei Auflagen gedruckt, eine mit
636 2201 1807 2336 Abrechnung bereits voraushonoriert.
743 2272 2950 2443 Von "Casanovas Heimfahrt" haben wir noch etwa 4 700 Exemplare der
639 2404 2868 2539 alten Ausgabe auf Lager. Wir werden die Exemplare vermakulieren und
645 2519 2739 2655 eine neue Auflage von 5000 Exemplaren drucken, die gleichzeitig
633 2607 2114 2781 mit «Spiel im Morgengrauen» erscheinen kann.
1458 2767 2224 2914 Mit herzlichen Grüssen
1379 2868 2013 3144 F. fische
