3125 4122
1230 226 1452 380 912
1012 292 1215 481 1911
284 315 488 538 21/4
385 458 2041 606 S. FISCHER VERLAG A.=G. BERLIN  W 57
184 425 315 647 19
845 561 1580 657 Theaterabteilung
204 674 2232 767 Fernsprecher: Lützow Nr. 6162-6164 Telegramm=Adresse: Fischerverlag 6162 Berlinlützöw
211 722 2227 840 Bankkonto: Deutsche Bank, Depositenkasse P in Berlin / Postscheckkonto; Berlin Nr. 16692
941 808 1469 903 Bülowstraße 90
1238 835 1917 989 Berlin, den 29.4.29.
571 838 808 994 Ma/Hb.
642 991 1688 1168 Blatt II Herrn Dr. Schnitzler
526 1130 2227 1329 Amerika Verlag die Schulausgabe selbst zu drucken.
526 1238 2199 1407 Wir haben nämlich errechnet, dass auf diese Weise
526 1389 2234 1520 auch der Autorenanteil sich höher stellt, als wenn
536 1434 2300 1598 wir nur ein Honorar beanspruchen. Der Ihnen genannte
531 1563 2255 1724 Betrag ist eine Teilzahlung auf den Betrag gewesen,
528 1729 2136 1872 den wir für Druokkosten inkl. Autorenhonorar in
528 1829 2295 1968 Rechnung gestellt haben und diente zur Sicherung da-
533 1932 2385 2073 für, dass wir den Druck überhaupt beginnen. Wir werden
544 2031 2282 2192 Ihnen über diesen Betrag deshalb wohl erste Rechnung
541 2156 2252 2270 legen können, wenn der Druck vollendet und der Ge-
551 2265 2272 2383 samtbetrag eingegangen ist, Mindestens aber bis die
544 2363 1402 2511 Druckkosten bezahlt sind.
873 2466 2345 2599 Der Betrag von R.M. 15.- für die Esperanto-
1246 2554 1542 2619 indewiesen
554 2574 2411 2713 übersetzung ist Ihnen bereits in der letzten Abrechnung
551 2695 1175 2818 verrechnet worden.
883 2765 2383 2949 An Frau Dr.T.J,Arne senden wir In Ihrem Auf-
561 2889 2041 3060 trag ein Exemplar der Erzählenden Schriften.
1258 3027 2028 3196 Mit Herzlichen Grüssen
1399 3148 1865 3274 Ihr ergebener
1656 3201 2154 3410 Dekieren:
204 3596 445 3737 4. 28. 5000. V.
2466 1550 2572 1615 um
2453 1719 2707 1895 Else. „
2448 1932 2539 2036 me
