3154 4056
1084 380 1974 610 S. FISCHER/VERLAG
368 447 574 625 4 Blatt
483 661 2871 839 künftighin von der Führung Ihrer diesbezüglichen Geschäfte grundsätzlich
492 785 2798 921 absehen. Selbstverständlich würden wir auch in diesem Fall die von uns
489 857 2804 1090 bereits eingeleiteten Angelegenheiten zu Ende führen, jedoch auch dies
492 1023 1398 1162 nur, falls Sie es wünschen.
628 1044 2780 1232 Zu den jetzt laufenden Angelegenheiten bemerken wir, dass wir uns
507 1186 2780 1367 wegen "Schwestern" nunmehr endgültig mit dem Athenaeum in Budapest in
797 1292 1168 1377 est lʼhonneur de liret en
510 1298 2690 1425 Verbindung gesetzt, sowie wegen der ungarischen Uebersetzungen von
510 1377 2816 1534 „ Masken und Wunder„, „Doktor Gräsler» und „Casanovam die Verhandlung
516 1473 2786 1627 eingeleitet haben. "Beate" haben wir miteinbezogen, indem wir darauf
516 1585 2940 1736 aufmerksam machten, dass eine unautorsierte Uebersetzung bereits erschie-
516 1675 2922 1884 nen ist. Es ist aber trotzdem möglich, dass sich der Pantheon-Verlag, mit
528 1805 2871 1926 dem wir diesbezüglich in Verbindung stehen, trotzdem entschliesst, eine
528 1893 2925 2047 Ausgabe des Werkes zu veranstalten. Wir bemerken, dass wir versuchen, die
531 2004 2738 2170 von Ihnen gestellten Bedingungen durchzusetzen. - Die Angelegenheit
531 2134 2023 2294 " Schwestern " in Holland haben wir sistiert.
628 2192 2928 2349 Einer uns zukommenden Nachricht zufolge, hat der spanische Uebersetzer
540 2288 2786 2466 von „Komödie der Worte“ den Betrag von 300 Pesetas bei dem Madrider
543 2421 2964 2560 deutschen Konsulat einbezahlt, sodass wir das Geld wohl demnächst erwarten
549 2521 2801 2653 dürfen. Der Uebersetzer bewirbt sich nun auch um "Frau Berta Garlan",
2349 2575 2829 2644 Mais elle lʼauteur de nouvelle ai-
549 2626 2937 2759 »Sterben» und andere kleinere Novellen. Wir unsererseits würden natürlich
2512 2687 2653 2768 Sien.
549 2699 2880 2874 die von Ihnen erwähnte Verbindung mit der "Biblioteca Nuevaw vorziehen,
649 2753 785 2807 G.C.H.F.P
552 2847 2856 2976 doch lassen wir diese Angelegenheit bis zur Ihrer Entscheidung liegen.
679 2892 2892 3073 Die Angelegenheit der amerikanischen Gesamtausgabe, deren Bedeutung
555 3034 2801 3164 Sie doch wohl etwas unterschätzen, lassen wir solange ruhen, bis wir
558 3152 1977 3306 weitere Nachricht von Ihnen erhalten haben.
1374 3269 2312 3408 Mit vorzüglicher Hochachtung
1709 3378 2285 3450 S. FISCHER, VERLAG
1706 3435 2279 3544 AUSLANDSABTEILUNG
