3177 3880
1507 161 1634 275 bois.
920 253 1626 436 ISCHE
2078 231 2519 425 E R L
2527 393 2794 506 Der Nr. 1682 und ex-
1157 371 2395 536 und P in Bude / Pusscheidtenen Berlin Nr. 1562 — — Fernsprech-Ausschl###se:
2158 484 2702 606 Berlin W 57, Bülowstraße 90
2115 576 2481 702 11/10. 1917
880 872 1736 1020 Herrn Dr. Arthur Schnitzler
1741 963 1927 1120 Wien
667 1181 1130 1335 Lieber Freund,
767 1268 2791 1448 die Bühnenexemplare von "Fink und Fliederbisch" können natürlich
729 1405 2807 1582 nur gleichzeitig mit den Auflagen der Buchausgabe gedruckt werden.
743 1491 2742 1661 Wir haben die Revisionsbogen von Ihnen aber noch nicht zurückbe-
737 1604 2745 1763 kommen. Kommt das Werk im November zur Aufführung, so würde ich
743 1736 2880 1860 Sie bitten, mir recht bald die druckfertigen Bogen zurückzuschicken.
848 1841 2939 2008 Von Ihrer schönen Nevelle "Dr. Graesler" drucken wir weitere 10 000
745 1927 2788 2091 Exemplare, die 17. - 26. Auflage, und von den Gesammelten Werken,
748 2037 2842 2156 II. Abteilung (Theaterstücke) in 4 Bänden, die 13. und 14. Auflage,
751 2140 2823 2266 Die Honorarabrechnung liegt bei, den Gesamtbetrag von M. 13 000.-
762 2247 2861 2368 überweisen wir in gewohnter Weise Ihrem Conto bei der K. K. Allgem.
759 2331 2858 2471 Oesterr. Bodenkreditanstalt in Wien zur Verrechnung auf Markkonto.
762 2444 2756 2578 Für die Theaterstücke in 4 Bänden, die wir jetzt zum Preise von
764 2543 2923 2715 15 Mark herausgeben (die Preiserhöhung deckt nicht unsere Mehrkosten)
762 2632 2403 2777 hat sich das Honorar um 400 Mark pro Tausend erhöht.
947 2748 2880 2912 Die Papierverhältnisse werden bei uns immer schwieriger, aber
770 2863 2901 2982 ich will hoffen, dass ich für Ihre neue Novelle im nächsten Frühjahr
759 2960 2917 3073 Papier zur Verfügung haben werde. Ich muss die mir zustehenden Papier-
764 3055 2907 3184 mengen vor allen Dingen für Neuauflagen verwenden, und Sie sehen ja,
767 3170 1755 3310 es gibt deren eine ganze Menge.
859 3181 2963 3394 Im Frühjahr dieses Jahres haben wir einen Augenblick daran gedacht.
775 3343 2853 3596 den Versuch zu unternehmen, die "Neue Rundschau" durch Propaganden
