3295 4183
1352 408 1500 570 761
822 460 2409 698 S. Fischer. Derlag. Berlin
672 709 2542 842 Amt Lützow 1662 u. 6162 Theaterabteilung postscheckkonto Nr. 16692
1019 819 2212 895 Bankkonto: Deutsche Bank Depositenkasse P in Berlin
1882 840 2620 990 27. 2. 19 1 26
692 889 1893 1022 Berlin W, Bülowstraße 90, den
507 909 637 1054 G.C.H.F.F:F.P:F:H:S
779 941 2623 1120 gio17e Teasorg nie elb,Teidam adisoo Teaaus,nedan neb
1523 1062 2629 1227 aet etsigmexelei iEi ejat! e¬
475 1123 1488 1251 Te Bnehmb Hof - und "fehle"
599 1170 2649 1369 Herrn###ev annie me¬ndl ni mehjenoam. Aban elz ehrew bnb neulen
834 1300 1569 1474 Dr. Arthur Schnitzler
1335 1395 1595 1500 F.A.F.P.
1002 1413 1132 1511 meas
1682 1366 1945 1514 W i e n
614 1595 1534 1728 Sehr verehrter Herr Doktor,
1566 1647 2828 1795 vielen Dank für Ihre Nachrichten über
622 1792 2759 1922 Ihre Verhandlungen mit Barnowsky, die meine Vermutung bestätigt
1080 1885 1601 1960 cʼest eu dʼune autre beaucoup de lʼannée, mais elle
622 1896 2759 2032 habe Ich möchte Ihnen noch mitteilen, dass die Saltenburg-Bühnen
2055 1960 2649 2029 ̃ ̃̃
628 2006 2788 2165 gleichfalls ihr Interesse an der Aufführung ausgesprochen haben,
634 2113 2866 2258 ebenso das namburger Schauspielhaus. Den Saltenburgbühnen, die wie
1074 2212 1659 2284 3 rueux ou trois ou nouveaux.
640 2223 2834 2368 immer eine Rolle für die Dorsch suchen, habe ich "Ruf des Lebens
2710 2270 2797 2325 Herrn
640 2333 2779 2464 empfohlen. Saltenburg liest das Stück jetzt, nachdem es ihm von
643 2446 2863 2608 Fischelscher sehr lebhaft empfohlen wurde. Ich habe die Heute an -
646 2574 2539 2698 gewiesen, sich wegen eines Abschlusses an Sie zu wenden.
1213 2637 2889 2771 Was Franz betrifft, so halte ich sie für
651 2744 2962 2895 eine sehr begabte Schauspielerin, die mir für die Rolle der Leonilda
648 2857 2938 2999 durchaus geeignet erscheint. Sie hat hier in "Sechs Personen suchen
654 2967 2979 3124 einen Autor" und in Stellvertretung der Bergner als "Heilige Johanna"
648 3115 1141 3257 sehr gefallen
1624 3144 2979 3355 erreichen Sie gegen Mitte der nächsten
1505 3234 1604 3297 [ob] so
1199 3211 1445 3332 Herrn H
1505 3268 1604 3358 G. A. M.
1627 3283 1801 3347 G.C.H.F.P.
1239 3295 1433 3367 (ouvrage).
666 3344 1830 3474 Woche in Rapallo, poste restante.
1204 3370 2854 3532 Wegen der Absatzziffer in Ungarn kann ich leider
654 3515 2860 3674 keine Auskunft geben. Es ist ein begrenztes Absatzgebiet, in dem
