<?xml version="1.0" encoding="UTF-8" standalone="yes"?>
<PcGts xmlns="http://schema.primaresearch.org/PAGE/gts/pagecontent/2013-07-15" xmlns:xsi="http://www.w3.org/2001/XMLSchema-instance" xsi:schemaLocation="http://schema.primaresearch.org/PAGE/gts/pagecontent/2013-07-15 http://schema.primaresearch.org/PAGE/gts/pagecontent/2013-07-15/pagecontent.xsd">
    <Metadata>
        <Creator>prov=READ-COOP:name=TrHtr:version=2.1.0:model_id=51170:date=27_07_2023_22:28</Creator>
        <Created>2023-05-02T08:10:30.809+02:00</Created>
        <LastChange>2023-07-27T22:28:28.475+02:00</LastChange>
        <TranskribusMetadata docId="1416743" pageId="54953008" pageNr="16" tsid="131305642" status="IN_PROGRESS" userId="64420" imgUrl="https://files.transkribus.eu/Get?id=RQWWJKKLJRUFFLFFGYGIQUFZ&amp;fileType=view" xmlUrl="https://files.transkribus.eu/Get?id=SRBYHBQIVNYQPPZSUPQHOEGG" imageId="44456733"/>
    </Metadata>
    <Page imageFilename="1416743_0016.jpg" imageWidth="3219" imageHeight="4072">
        <ReadingOrder>
            <OrderedGroup id="ro_1711826113792" caption="Regions reading order">
                <RegionRefIndexed index="0" regionRef="tr_1"/>
            </OrderedGroup>
        </ReadingOrder>
        <TextRegion id="tr_1" custom="readingOrder {index:0;}">
            <Coords points="594,388 2848,388 2848,2138 594,2138"/>
            <TextLine id="tr_1_tl_1" custom="readingOrder {index:0;}">
                <Coords points="2108,480 2250,516 2297,477 2338,502 2466,488 2505,460 2649,494 2732,480 2735,402 2688,416 2630,374 2580,380 2510,341 2449,374 2363,347 2255,372 2225,358 2111,399"/>
                <Baseline points="2125,447 2161,447 2206,447 2250,447 2295,447 2340,444 2349,447 2385,444 2430,441 2474,438 2519,438 2564,438 2609,441 2653,441 2698,441 2743,441"/>
                <TextEquiv>
                    <Unicode>Blatt 2</Unicode>
                </TextEquiv>
            </TextLine>
            <TextLine id="tr_1_tl_2" custom="readingOrder {index:1;}">
                <Coords points="596,494 793,466 893,524 1345,485 1553,533 1761,480 1761,366 1123,388 971,300 699,380 596,363"/>
                <Baseline points="611,456 647,456 692,453 737,456 782,456 826,459 871,459 916,459 961,459 1006,459 1050,459 1095,459 1140,459 1185,462 1229,459 1274,459 1319,456 1364,459 1409,459 1453,459 1498,459 1543,456 1588,456 1632,456 1677,453 1722,453 1767,453"/>
                <TextEquiv>
                    <Unicode>FISCHER, VerlaG, BERLIN.</Unicode>
                </TextEquiv>
            </TextLine>
            <TextLine id="tr_1_tl_3" custom="readingOrder {index:2;}">
                <Coords points="577,821 2804,779 2807,641 2538,591 1836,713 582,613"/>
                <Baseline points="594,776 617,773 662,773 707,773 752,773 797,773 841,773 886,773 931,773 976,773 1020,770 1065,770 1110,770 1155,767 1200,767 1244,764 1289,764 1334,764 1379,761 1424,761 1468,761 1513,761 1558,758 1603,758 1647,755 1692,755 1737,752 1782,752 1827,749 1871,749 1916,749 1961,749 2006,749 2050,746 2095,746 2140,746 2185,743 2230,740 2274,740 2319,737 2364,737 2409,737 2453,740 2498,737 2543,734 2588,731 2633,731 2677,728 2722,728 2767,725 2812,725"/>
                <TextEquiv>
                    <Unicode>Aufsicht Björkmans in einer Hand bleibt, denn auf Björkman, glaube ich,</Unicode>
                </TextEquiv>
            </TextLine>
            <TextLine id="tr_1_tl_4" custom="readingOrder {index:3;}">
                <Coords points="580,921 2746,868 2654,763 582,824"/>
                <Baseline points="594,880 603,877 647,877 692,877 737,877 782,877 826,874 871,877 916,877 961,877 1006,874 1050,874 1095,874 1140,874 1185,874 1229,871 1274,871 1319,868 1364,868 1409,865 1453,865 1498,865 1543,862 1588,862 1632,862 1677,859 1722,856 1767,856 1812,853 1856,853 1901,850 1946,850 1991,850 2036,853 2080,850 2125,847 2170,844 2215,844 2259,841 2304,841 2349,841 2394,841 2439,841 2483,841 2528,838 2573,835 2618,832 2662,832 2707,829 2752,829"/>
                <TextEquiv>
                    <Unicode>können wir uns verlassen und wir müssten bei allen zukünftigen Anfra-</Unicode>
                </TextEquiv>
            </TextLine>
            <TextLine id="tr_1_tl_5" custom="readingOrder {index:4;}">
                <Coords points="591,1018 2563,996 2643,882 594,924"/>
                <Baseline points="606,991 635,988 680,985 725,985 770,982 814,982 859,982 904,979 949,979 994,979 1038,979 1083,976 1128,976 1173,976 1218,976 1262,973 1307,973 1352,973 1397,970 1441,967 1486,967 1531,964 1576,964 1621,964 1665,964 1710,961 1755,958 1800,958 1844,958 1889,958 1934,955 1979,955 2024,952 2068,952 2113,949 2158,949 2203,949 2247,949 2292,949 2337,946 2382,943 2427,943 2471,940 2516,940 2561,937 2606,934 2650,934"/>
                <TextEquiv>
                    <Unicode>gen aus Amerika sehen, in diesem Sinne zu verfahren. Björkman hat</Unicode>
                </TextEquiv>
            </TextLine>
            <TextLine id="tr_1_tl_6" custom="readingOrder {index:5;}">
                <Coords points="588,1137 2732,1087 2788,965 591,1018"/>
                <Baseline points="603,1092 641,1086 686,1083 731,1083 776,1080 820,1083 865,1080 910,1080 955,1080 1000,1080 1044,1077 1089,1077 1134,1077 1179,1077 1223,1074 1268,1074 1313,1074 1358,1071 1403,1071 1447,1071 1492,1068 1537,1068 1582,1065 1627,1065 1671,1062 1716,1062 1761,1059 1806,1059 1850,1059 1895,1059 1940,1056 1985,1056 2030,1053 2074,1053 2119,1050 2164,1050 2209,1047 2253,1047 2298,1047 2343,1044 2388,1044 2433,1044 2477,1041 2522,1041 2567,1038 2612,1038 2656,1035 2701,1035 2746,1032 2791,1035"/>
                <TextEquiv>
                    <Unicode>zunächst nur das Recht auf die drei Stücke, die er veröffentlicht hat.</Unicode>
                </TextEquiv>
            </TextLine>
            <TextLine id="tr_1_tl_7" custom="readingOrder {index:6;}">
                <Coords points="580,1204 2460,1184 2735,1151 2738,1060 580,1140"/>
                <Baseline points="594,1191 638,1188 683,1188 728,1188 773,1188 817,1188 862,1188 907,1188 952,1185 997,1182 1041,1182 1086,1179 1131,1179 1176,1179 1221,1179 1265,1176 1310,1176 1355,1176 1400,1176 1444,1173 1489,1173 1534,1170 1579,1170 1624,1167 1668,1167 1713,1167 1758,1164 1803,1161 1847,1161 1892,1161 1937,1161 1982,1158 2027,1155 2071,1155 2116,1155 2161,1155 2206,1155 2250,1152 2295,1152 2340,1152 2385,1152 2430,1149 2474,1146 2519,1146 2564,1146 2609,1143 2653,1143 2698,1140 2743,1137"/>
                <TextEquiv>
                    <Unicode>Macht er gute Erfahrungen mit der ersten Veröffentlichung, dann wird</Unicode>
                </TextEquiv>
            </TextLine>
            <TextLine id="tr_1_tl_8" custom="readingOrder {index:7;}">
                <Coords points="599,1334 2424,1273 2707,1323 2710,1187 602,1240"/>
                <Baseline points="614,1292 656,1292 701,1289 746,1289 791,1286 835,1286 880,1286 925,1283 970,1283 1015,1283 1059,1283 1104,1283 1149,1280 1194,1280 1238,1280 1283,1280 1328,1277 1373,1277 1418,1274 1462,1274 1507,1274 1552,1271 1597,1271 1641,1271 1686,1271 1731,1271 1776,1268 1821,1265 1865,1265 1910,1262 1955,1262 2000,1262 2044,1259 2089,1259 2134,1256 2179,1256 2224,1256 2268,1256 2313,1253 2358,1253 2403,1250 2447,1250 2492,1247 2537,1247 2582,1247 2627,1244 2671,1244 2716,1244"/>
                <TextEquiv>
                    <Unicode>er zweifellos die Serie fortsetzen, und wir haben ihm ja in der Tat</Unicode>
                </TextEquiv>
            </TextLine>
            <TextLine id="tr_1_tl_9" custom="readingOrder {index:8;}">
                <Coords points="602,1417 668,1412 718,1442 746,1423 777,1448 882,1395 1065,1451 1356,1437 1359,1337 1329,1326 1134,1348 1073,1323 1024,1351 971,1329 913,1351 877,1326 713,1359 652,1320 605,1326"/>
                <Baseline points="620,1394 650,1394 695,1394 740,1394 785,1391 829,1394 874,1391 919,1388 964,1388 1009,1385 1053,1385 1098,1382 1143,1382 1188,1382 1232,1382 1277,1382 1322,1379 1367,1382"/>
                <TextEquiv>
                    <Unicode>ein Vorrecht eingeräumt.</Unicode>
                </TextEquiv>
            </TextLine>
            <TextLine id="tr_1_tl_10" custom="readingOrder {index:9;}">
                <Coords points="718,1512 1584,1476 1686,1545 1808,1490 2302,1501 2305,1398 2150,1359 1759,1434 1578,1395 1462,1445 718,1431"/>
                <Baseline points="734,1492 743,1492 788,1492 832,1489 877,1489 922,1489 967,1489 1012,1489 1056,1486 1101,1486 1146,1486 1191,1483 1235,1483 1280,1483 1325,1480 1370,1480 1415,1480 1459,1477 1504,1477 1549,1474 1594,1474 1638,1471 1683,1474 1728,1471 1773,1471 1818,1474 1862,1471 1907,1468 1952,1465 1997,1465 2041,1465 2086,1462 2131,1462 2176,1459 2221,1459 2265,1456 2310,1459"/>
                <TextEquiv>
                    <Unicode>Die Hovelle "Die dreifache Warnung" ist geschützt.</Unicode>
                </TextEquiv>
            </TextLine>
            <TextLine id="tr_1_tl_11" custom="readingOrder {index:10;}">
                <Coords points="1534,1537 1548,1537 1553,1531 1564,1528 1573,1534 1581,1528 1587,1531 1592,1526 1623,1528 1623,1481 1603,1481 1600,1478 1589,1481 1584,1476 1578,1476 1573,1481 1553,1476 1548,1481 1534,1481"/>
                <Baseline points="1549,1507 1594,1507 1629,1507"/>
                <TextEquiv>
                    <Unicode>a-</Unicode>
                </TextEquiv>
            </TextLine>
            <TextLine id="tr_1_tl_12" custom="readingOrder {index:11;}">
                <Coords points="721,1628 2150,1637 2585,1562 2774,1620 2843,1487 721,1556"/>
                <Baseline points="737,1600 743,1597 788,1597 832,1597 877,1597 922,1594 967,1591 1012,1594 1056,1591 1101,1591 1146,1588 1191,1588 1235,1588 1280,1585 1325,1585 1370,1585 1415,1585 1459,1582 1504,1579 1549,1582 1594,1579 1638,1576 1683,1576 1728,1576 1773,1573 1818,1573 1862,1570 1907,1567 1952,1570 1997,1567 2041,1567 2086,1567 2131,1567 2176,1564 2221,1564 2265,1564 2310,1564 2355,1561 2400,1561 2444,1561 2489,1561 2534,1561 2579,1558 2624,1558 2668,1558 2713,1555 2758,1549 2803,1549 2848,1546"/>
                <TextEquiv>
                    <Unicode>Auch mir hat Björkman den sehr schönen Band zugeschickt, ich glaube</Unicode>
                </TextEquiv>
            </TextLine>
            <TextLine id="tr_1_tl_13" custom="readingOrder {index:12;}">
                <Coords points="607,1709 2261,1722 2727,1673 2749,1587 607,1634"/>
                <Baseline points="623,1704 647,1701 692,1698 737,1698 782,1698 826,1698 871,1698 916,1698 961,1695 1006,1695 1050,1692 1095,1689 1140,1689 1185,1692 1229,1689 1274,1686 1319,1686 1364,1686 1409,1683 1453,1683 1498,1683 1543,1683 1588,1680 1632,1680 1677,1677 1722,1677 1767,1677 1812,1674 1856,1674 1901,1671 1946,1668 1991,1668 2036,1668 2080,1668 2125,1668 2170,1668 2215,1668 2259,1665 2304,1665 2349,1662 2394,1662 2439,1662 2483,1659 2528,1656 2573,1656 2618,1656 2662,1656 2707,1653 2752,1650"/>
                <TextEquiv>
                    <Unicode>dass bei Björkman Ihre Sache in guten Händen ist. Seine Adresse ist:</Unicode>
                </TextEquiv>
            </TextLine>
            <TextLine id="tr_1_tl_14" custom="readingOrder {index:13;}">
                <Coords points="749,1856 960,1800 1171,1842 1817,1781 2119,1861 2205,1831 2208,1698 752,1756"/>
                <Baseline points="767,1797 776,1797 820,1797 865,1797 910,1797 955,1800 1000,1797 1044,1794 1089,1794 1134,1794 1179,1791 1223,1791 1268,1791 1313,1785 1358,1785 1403,1785 1447,1785 1492,1782 1537,1782 1582,1782 1627,1785 1671,1782 1716,1776 1761,1776 1806,1776 1850,1776 1895,1776 1940,1773 1985,1770 2030,1770 2074,1770 2119,1770 2164,1767 2209,1770"/>
                <TextEquiv>
                    <Unicode>Edwin Björkman, 8 West 101th Street, New-York.</Unicode>
                </TextEquiv>
            </TextLine>
            <TextLine id="tr_1_tl_15" custom="readingOrder {index:14;}">
                <Coords points="1129,1925 1198,1947 1531,1889 1667,1964 1850,1955 1853,1789 1132,1842"/>
                <Baseline points="1143,1895 1185,1889 1229,1889 1274,1889 1319,1886 1364,1886 1409,1886 1453,1886 1498,1883 1543,1883 1588,1880 1632,1877 1677,1880 1722,1877 1767,1877 1812,1874 1856,1877"/>
                <TextEquiv>
                    <Unicode>Mit herzlichen Grüssen</Unicode>
                </TextEquiv>
            </TextLine>
            <TextLine id="tr_1_tl_16" custom="readingOrder {index:15;}">
                <Coords points="1847,1986 1861,1989 1894,1978 1906,1986 1917,1978 1942,1986 1950,1978 1975,1978 1983,1872 1947,1870 1925,1883 1917,1881 1906,1892 1878,1872 1870,1878 1856,1875"/>
                <Baseline points="1862,1976 1892,1973 1937,1970 1982,1967"/>
                <TextEquiv>
                    <Unicode>Ihr</Unicode>
                </TextEquiv>
            </TextLine>
            <TextLine id="tr_1_tl_17" custom="readingOrder {index:16;}">
                <Coords points="1867,2144 1911,2141 1953,2169 2188,2119 2263,2158 2311,2125 2408,2127 2463,2114 2469,2008 2438,2017 2366,1986 2261,2041 2197,2014 2105,2036 2011,1964 1875,1983"/>
                <Baseline points="1883,2128 1886,2128 1931,2128 1976,2125 2021,2122 2065,2119 2110,2119 2155,2116 2200,2113 2244,2113 2289,2107 2334,2104 2379,2104 2424,2104 2468,2104"/>
                <TextEquiv>
                    <Unicode>"Fische</Unicode>
                </TextEquiv>
            </TextLine>
        </TextRegion>
    </Page>
</PcGts>
