3048 4056
1186 391 1349 521 1705
692 415 2182 597 S. Fischer / Verlag / A.-G.. Berlin W 57.
464 589 2442 757 Bankkonto: Deutsche Bank, Depositenkasse P in Berlin/Postscheckkonto; Berlin Nr. 1669a
877 676 2035 817 Fernsprechanschlüsse: Amt Lützow Nr. 6162 bis 6164
1270 763 1655 893 Bülowstraße 90
1927 757 2339 901 18. Okt. 24
442 860 649 1015 M/Si.
744 920 1986 1148 Herrn Dr. Arthur Schnitzler
2030 993 2347 1140 Wien
662 1159 1571 1343 Sehr verehrter Herr Doktor,
806 1267 2782 1479 wir haben Frau Bertha Brevée einen Vertrag zur Unterschrift,
673 1395 2361 1582 gemäss den uns mitgeteilten Bedingungen, eingesandt.
806 1455 2643 1672 Was die Firma How & Haggio betrifft, so werden Sie sich
697 1558 2676 1759 erinnern, dass die Verhandlungen mit diesen Herren auf Ihren
692 1685 2741 1872 Wunsch abgebrochen wurden, weil sie die Annahme "Anatol" vom
711 1791 2844 1978 "Heigen " abhängig machten. Wir haben ausser diesem Fall mit der
711 1889 2665 2079 Firma nichts zu tun gehabt. Wir würden Ihnen empfehlen, bei
711 1973 2773 2204 hinreichender garantie auf den Vorschlag einzugehen und fragen
725 2095 2608 2288 an, ob wir eventuell neue Verhandlungen aufnehmen sollen.
822 2187 2714 2396 Weilen Sie uns bitte auch mit, ob sie für Amerika bereits
725 2293 2830 2537 gebunden sind, da wir eine Anfrage nach
735 2426 2882 2613 haben. Wenn sie wünsche, dass wir Verhandlungen aufnehmen, bitten
744 2508 2545 2738 wir Sie, uns Ihre äussersten Forderungen mitzuteilen.-
1351 2665 2448 2855 Mit vorzüglicher Hochachtung
1465 2765 2239 2944 ergebensten finden.
1647 2855 2187 2961 S. FISCHES.VERLAG
1685 2923 2130 3001 AKTRENGE FEL LSCHAFT
1628 2950 2204 3083 AUSLANDSABTEILUNG
662 2944 1012 3110 Vont et qu'il
1664 3037 2049 3162 DKillerie
345 3026 638 3243 Main. -
716 3010 2659 3251 Die garantie für "Reigens ist bisher nicht eingegangen.-Das
670 3134 955 3232 Theater:
700 3172 2396 3330 Hoftheater in Kopenhagen hat das Exemplar bekommen.
505 3181 659 3319 P.S.
754 3289 2839 3463 Die uns seinerzeit von Ihnen aufgegebenen Adressen sind mit der
716 3313 1284 3427 RezensionsabtIg.
725 3365 2863 3514 allgemeinen versendung am 29. v. M. von Leipzig aus zur Versendung
722 3403 2904 3596 gelangt. Wir haben Ihr Freiexmlarkonto mit 15 Exemplaren belastet
779 3482 2958 3634 Auf Wunsch lassen wir Ihnen heute 12 weitere Exemplare (8 gebunden
730 3582 1471 3712 4 broschiert) zugehen.
