3048 3575
416 749 2660 977 S. FISCHER •VERLAG A.-G. THEATERABTEILUNG
1182 894 1885 991 BERLIN W 57, BÜLowSTR. 90
501 920 2566 1142 Benkkonto: Deutschen Dank. Depositenkasse P in Berlin. Postachecktrente: Beyfin Nr. 1662. Feraproberhausbliche: Am Lünzow Nro. 615/8 bis 664
1763 1002 2694 1170 Berlin, den 23. April 1 925
495 1093 1654 1355 Herrn Dr. Arthur Schnitzler, Wien
510 1338 1398 1458 Sehr geehrter Herr Dkotor,
1401 1355 2765 1552 wir haben von der Funkstation in Frank
513 1523 2799 1660 furt/M. noch nichts wieder gehört, werden aber, wenn die Aufführung
510 1615 2791 1822 Ihrer Werke stattgefunden hat, den Betrag von Mk. 300.— einziehen.
982 1711 2745 1871 Die Aufführung von " komödie der Verfühnung" haben
1951 1820 2321 1885 G.C.H.F.S.
521 1834 2688 1979 wir in Danzig auf den in Abschrift beiliegenden Brief hin, noch
521 1959 2714 2124 bis zum 31. 12.ds. Js. verlängert und die Konventionalstrafe auf
518 2022 2776 2198 Mk. 1000.- erhöht, in Hannover haben wir die konventionalstrafe
530 2147 2372 2363 eingefordert, sind aber noch ohne Nachricht geblieben.
1387 2264 2375 2403 Mit vorzüglicher Hochachtung
1691 2358 2215 2437 S. FISCHER, VERLAG
1726 2406 2173 2474 AKTRENGESELISCHAFT
1677 2452 2218 2560 THEATERABTEILUNG
1706 2531 2187 2654 Desmane.
