3080 3880
1269 208 1434 370 624
580 258 2564 486 Fischer/Verlag/Berlin M 57/Bülowstraffe 9o
742 438 2377 583 to: Deutsche Bank. Depositenkasse P in Berlin / Postscheckkonto: Berlin Nr. 16699
1173 524 1629 621 küsse: Amt Lützow Nr.
864 535 1049 654 Fernspre-
1682 512 2047 679 6162-6164
1505 679 2336 867 Berlin, den 30. Juli 1923
649 687 872 839 Fl/Ml.
649 867 856 986 Herrn
882 1006 1913 1196 Dr. Arthur Schnitzler
1857 1138 2047 1323 d e n
651 1333 1163 1490 Lieber Freund!
1034 1386 2719 1558 Wir stellen Ihnen a-Conto der laufenden Verrechnung
682 1513 2595 1639 weitere 8 Millionen zur Verfügung und überweisen die Summe
666 1609 2592 1776 gleichzeitig an die Bank für Auswärtigen Handel. Vertrags-
669 1715 2501 1855 gemäss hatten wir die nächste Abrechnung im November Zu
669 1814 2582 1964 leisten, aber ich hoffe, es wird gelingen, Ihnen schon im
674 1923 2658 2068 September eine weitere vierteljährliche Abrechnung zu geben.
1041 2045 2612 2154 Von Langmann kann ich zu meinem Bedauern nichts
682 2136 2671 2278 drucken.Die Produktionsverhältnisse werden immer schwieriger
682 2230 2660 2374 und da muss ich mich in der Hauptsache auf meine Autoren be-
682 2382 1034 2524 schränken.
1041 2443 2777 2587 Wir gehen im Laufe dieser Woche nach dem Schwarzwald,
687 2536 2622 2698 Feldberger HoffFeldberg 1500 m hoch). Das ist garnicht weit
684 2688 2721 2802 von Baden-Baden. Wie wäre es, wenn Sie auf einen Sprung zu uns
687 2769 2306 2883 kommen. Vielleicht würde es Ihnen dort gefallen.
1049 2878 2638 3008 Für alle Fälle wüschen wir Ihnen gute und schöne
692 2970 1077 3124 Sommertage.
1381 3063 2131 3223 Mit herzlichen Grüssen
1776 3170 1979 3327 this
1809 3289 2285 3456 Effische
