3192 3847
1550 350 1700 479 397.
1051 447 2404 594 S. FISCHER.VERLA
1032 550 2507 664 Bankkonto: Deutsche Bank, Depositenkasse P in Berlin — — Postscheckkonto Berlin Nr. 16892
1346 605 2219 697 Fernsprech-Anschlüsse: Amt Lützow Nr. 1662 und 6162
1858 662 2393 778 Berlin W 57, Bülowstraße 90
1826 745 2290 897 2. Nov. 1917
1186 785 1416 937 Gr/si.
1274 957 2199 1133 Herrn Dr. Arthur Schnitzler
2109 1056 2298 1218 Wien
1197 1197 2144 1383 Sehr verehrter Herr Doktor!
1295 1379 2609 1509 Da sich nun der Termin der Uraufführung
1218 1482 2410 1627 von » Fink und Fliederbuschs nähert,
1216 1566 2532 1713 möchte ich ergebenst bei Ihnen anfragen,
1219 1665 2492 1808 welche Stellung Sie zur Herausgabe des
1218 1766 2549 1924 Buches an die Kritik, einen bis zwei Tage
1227 1894 2646 2004 vor der Première,einnehmen, beziehungsweise
1229 2001 2646 2116 ob Sie wünschen, dass das Buch erst an Tage
1232 2090 2608 2219 nach der Première in die Mände der Kritik
1232 2199 2666 2338 gelangt. Da sich die Komödie in satrischer
2578 2246 2692 2316 G.C.F.P.
1241 2316 2694 2439 Weise mit der Presse beschäftigt, so wäre es
1240 2393 2446 2556 vielleicht nicht ungünstig, wenn das
1240 2499 2619 2641 Werk vorerst im Buche wirkte, bevor es in
1252 2617 2461 2747 der schärferen Beleuchtung der Bühne
1014 2965 1126 3035 F. 476
623 3442 708 3607 Sr.
