3073 4103
1514 305 1769 469 fév
1096 329 1298 479 862
691 428 2204 624 S. Fischer/Verlag / Ä.-G. Berlin W 57.
484 573 2460 698 Bänkkonto: Deutsche Bank, Depositenkasse P in Berlin / Postscheckkonto: Berlin Nr. 16692
897 644 2054 740 Fernsprechanschlüsse: Amt Lützow Nr. 6162 bis 6164
1288 715 1664 809 Bülowstraße 90
1659 732 2413 899 Berlin, den 26. 4. 1928
752 786 1005 949 Ro./Re.
1047 1153 2467 1312 Herrn Dr. Arthur Schnitzler,
2000 1256 2477 1393 W i e n XVIII
1922 1366 2507 1484 Sternwartestr. 71
1069 1561 1909 1671 Sehr geehrter Herr Doktor!
1069 1649 2740 1801 "Therese" gelangt heute zur Versendung, wir schicken
796 1789 1782 1909 Ihnen zunächst 5 Freiexemplare.
1698 1833 1860 1887 Mais lʼautre soit avec les
1084 1850 2708 2003 Wir fügen die Honorar-Abrechnung für die gedruckten
809 1964 2767 2091 20 000 Exemplare bei und bitten, uns freundlichst mitzuteilen,
813 2069 2531 2271 wohin die restlichen Rm. 10.000. - zu überweisen sind.
1651 2212 2571 2315 Mit vorzüglicher Hochachtung
1755 2305 2472 2487 S. Fischer / Verlag A.
2209 2335 2622 2563 Allelebe
1661 2423 2175 2553 Ppa. Rosenbanck
826 2558 1256 2777 A ue til
828 2843 1118 2978 1 Anlage
