3268 4120
873 626 2125 741 reichung paulisidorataad2 coio
2195 635 2548 752 G.C.F. nt nt
1284 726 1975 820 .V.W.A.F.A
2001 723 2087 802 G.H.F.
982 726 1228 817 G.H.F.P.P
1081 788 2136 876 Von R.I. I. p.p.
488 799 2851 967 zu haben, dass Prof. Richter bisher noch keine praktischen Ergebnisse
485 929 1516 1096 seiner Arbeit auszuweisen hat.
855 1040 2710 1190 Ich werde mich jedenfalls vor endgiltiger Unterschrift
488 1155 2665 1267 des Generalvertrages noch einmal mit Ihnen in Verbindung setzen.
890 1290 1214 1355 Herr Salt,
1214 1278 2871 1428 er hat uns vollständig verheimlicht, dass er sich
1011 1343 1225 1416 Monsieur Mlle
488 1378 2798 1513 bereits mit Ihnen in Verbindung gesetzt hat, es wäre uns sonst nicht
491 1484 902 1625 eingefallen,
923 1496 2730 1593 Ihnen ein Telegramm zu schicken, aber Herr Salter hat
488 1575 2762 1734 uns ausdrücklich darum gebeten. Da sie ja nunmehr in direkter Ver-
485 1693 2216 1843 bindung stehen, ist ja die Sache soweit in Ordnung.
917 1813 2795 1954 Für den Fall, als Sie mit Herrn Ranschburg tatsächlich
2072 1887 2339 1951 A.W.A.
482 1919 2795 2048 abschliessen sollten, bitten wir ausdrücklich darauf zu achten, dass
1969 1992 2089 2057 G.C.P.
1455 1992 1575 2063 G.C.F.P.
482 1995 2774 2139 der Erscheinungstermin des ungarischen Buches von dem des deutschen
476 2125 2765 2254 abhängig gemacht wird, da sonst jede Möglichkeit abgeschnitten wird
479 2233 2254 2377 auch noch deutsche Exemplare in Ungarn zu verkaufen.
1405 2316 1775 2389 A.W.A.S.
1546 2348 2286 2451 Mit ergebenen Grüssen
1734 2424 2283 2513 S. FISCHER.VERLAG
1778 2486 2245 2551 AKTIENGESELISCHAFT
1737 2533 2283 2627 THEATERABTEILUNG
1825 2595 2313 2727 Dr marie,
