3104 4040
1376 255 1601 423 881
918 349 2392 588 S. Fischer / Verlag / A.=G. Berlin W 57.
669 561 2655 666 Bankkonto: Deutsche Bank, Depositenkasse P in Berlin / Postscheckkonto; Berlin Nr. 16692
1073 637 2232 745 Fernsprechanschlüsse: Amt Lützow Nr. 6162 bis 6164
2216 645 2774 799 den 18. VIII. 28
1479 691 1845 802 Bülowstraße 90
515 634 975 891 18/10/10
1084 750 2235 880 Telegramm-Adresse: Fischerverlag 6162 Berlinlützow
1623 818 2256 1000 Erpt Sauz
764 945 967 1065 Herrn
1297 945 2590 1205 Dr. Arthur Schnitzler Crinasse
2422 1119 2776 1279 Wien XVIII
1306 1246 2181 1433 Sehr geehrter Herr Doktor!
1308 1349 3034 1547 Wir sind eben dabei, die Korrektur des neu gesetzten
772 1536 2950 1647 Bandes "Die Erwachenden" nach einer letzten Durchsicht der Arbeit
1769 1623 2538 1753 die Druckerei zu geben,
777 1660 1723 1801 des Korrektors druckfertig an
1311 1717 3007 1872 Da es sich bei allen drei in den Band aufgenommenen
780 1828 2917 1953 Novellen bereits um gedruckt vorliegende Werke handelt, so haben
794 1937 2917 2059 wir Ihnen davon keine Korrekturen geschickt. Wir nehmen an, dass
786 2029 2915 2186 Sie damit einverstanden sind. Wir werden uns völlig nach den uns
783 2162 2909 2319 gegebenen Vorlagen richten und deren Wortlaut getreu in die neue
788 2240 1430 2386 Ausgabe übernehmen.
1354 2365 2844 2535 Wir begrüssen Sie, sehr geehrter Herr Doktor,
1406 2519 2519 2636 mit ganz vorzüglicher Hochachtung
1585 2598 2305 2766 S. FISCHERVERLAGA.-G.
1606 2687 2040 2874 Ppe. Schubland
2091 2706 2703 2969 Tumann
