2914 3991
1203 356 1318 491 50
541 421 2359 629 Fischer/Verlag/Berlin M 57/Bülowstraße
694 582 2200 682 to: Deutsche Bank, Depositenkasse P in Berlin / Postscheckkonto: Berlin Nr. 1669
862 650 1971 771 ernsprechanschlüsse: Amt Lützow Nr. 1662, 6162 und 9292
1862 718 2288 929 27. Juli 21
326 821 488 974 F/51.
785 865 1724 1135 Herrn Dr. Arthur Schnitzler
1977 976 2365 1206 Alt-Aussee
582 1200 1068 1377 Lieber Freund,
529 1285 2532 1544 unser Züricher Vertreter, M. Kantorowitz, schreibt uns heute,
1718 1447 1829 1547 G.C.H.F.P
394 1491 853 1647 das Folgende:
691 1506 2679 1685 " Ich erhalte soeben von der Firme V. Karczag, Wien folgende,
665 1665 2597 1827 mich sehr überraschende Mitteilung, mit gegenwärtigen er-
668 1771 2627 1891 laube ich mir Ihnen zur Kenntnis zu bringen, dass alle Verke
671 1871 2662 2000 von Herrn Dr. Arthur Schnitzler in meinen Verlag übergegangen
1568 1947 1856 2018 G.C.H.F.S.
1074 1971 1285 2035 G.C.H.F.S.
676 1968 2635 2127 sind. Sollten Sie etwas von Aufführungen seiner Werke in der
671 2056 2253 2247 Schweiz erfahren, ersuche um gefl. Bekanntgabe.“
485 2188 2641 2338 Ich darf wohl annehmen, dass diese lakonische Notiz auf irgend ein
421 2262 2612 2394 Missverständnis zurückzuführen ist. Sie haben zwar vor einiger Zeit
424 2321 2791 2506 geschrieben, dass wir unsere Vertretung für Oesterreich und die Sukzessi-
432 2441 2682 2638 onsstaaten anstatt Eirich, der Firma Karozag übertragen sollten. Auf
438 2547 2715 2718 unsere Einwendung, dass Eirich für dramatische Werke doch viel grössre
432 2677 2715 2827 Erfahrung für sich habe, ist dann weiter nichts erfolgt und so konnten
441 2806 2682 2941 wir nicht annehmen, dass Sie etwas unternehnen, ohne dass wir darüber
453 2891 2612 3056 eine endgültige Vereinbarung getroffen haben. Mir haben von Ihnen,
444 2994 2624 3141 auch im Sinne unserer Verträge und durch die langjährige Uebung der
444 3059 2556 3221 Angelegenheiten den Vertrieb Ihrer Verke in deutscher Sprache für
447 3203 2629 3324 das In- und Ausland in Händen und es gibt einen unmöglichen Zustand
462 3277 2641 3418 wenn das Ausland unserer Einflussnahme entzogen sein soll. In unsere
521 3391 2671 3597 erträgen ist lediglich offen gelassen, dass die bedingungen für die
