3219 4008
1328 194 1499 326 410
878 267 2385 447 S. FISCHER/VERLAG
596 385 2669 560 Bankkonto; Deutsche, Bank, Depositenkasse P Berlin, Postscheckkonto: Berlin 16—692
1058 495 2219 638 BERLIN W 57, BÜLowSTRASSE 90
1249 571 2019 717 Fernruf: Lützow 1662, 6162 und 9292
2076 616 2925 802 z.Zt. Travenünde, 8/8. 18
1378 1063 2298 1252 Herrn Dr. Arthur Schnitzler
2256 1187 2430 1316 Wien
771 1460 1249 1606 Lieber Freund,
922 1578 2762 1707 zu den ersten Büchern, die in unserer Wiener Filiale ge¬
728 1645 2888 1834 druckt werden, gehört „Casanovas Heinfahrt". Es hat sich herausge-
1800 1755 2205 1828 m m m
731 1775 2779 1960 stellt, dass es der sehr viel höheren Kosten wegen nur möglich
1578 1772 1679 1842 ¬n
728 1837 2855 2028 sein wird, Bücher in grosser Auflage in Wien zu drucken, während
737 1952 2731 2152 alle kleineren Auflagen nach wie vor bei uns gedruckt werden
742 2053 3004 2230 müssen. Auch die Frage der Buchbinderei gibt eine arge Komplikation,
745 2177 2877 2340 da in Wien keine leistungsfähige Buchbinderei existiert. Nun ver-
759 2236 2942 2441 spreche ich mir von Ihrer Hovelle einen grossen Bucherfolg, und da
762 2377 2838 2557 kann es durch die sehr komplizierten Verhältnisse, insbesondere
762 2475 2894 2652 durch die unter Umständen langwierigen Frachtsendungen des Druck¬
776 2523 2925 2748 materials sehr leicht passieren, dass Stockungen in der Lieferung
773 2666 2852 2897 eintreten. Ich müsste also für alle Fälle eine grössere Reserve
776 2776 2832 2967 drucken, selbst auf den sehr unwahrscheinlichen Fall hin, dass
779 2900 2911 3085 nicht alles verkauft werden kann. Ich würde dann einen Modus vor¬
785 2978 2869 3184 schlagen, wie ich ihn mit Hauptmann für seine Novelle getroffen
790 3099 2967 3277 habe: nämlich wir drucken beliebig grosse Auflagen und honorieren
796 3187 2933 3375 zehntausendweise voraus. Bei „Casanovas Heimfahrt" würde sich die
796 3274 2939 3482 Sache so stellen, dass ich gleich 30 000 Exemplare drucke, 20 000
813 3389 2782 3566 voraushonorieren, so dass immer eine neue Reserve von 10 000
