3224 4088
1779 250 1950 374 934
955 437 2613 595 S. FISCHERVERLAG A.-G. BERLIN W 57
1418 579 2144 653 Theaterabteilung
763 668 2794 745 Fernsprecher: Lützow Nr. 6162—6164 / Telegramm=Adresse: Fischerverlag 6162 Berlinlützów
766 739 2792 874 Bankkonto: Deutsche Bank, Depositenkasse P in Berlin / Postscheckkonto; Berlin Nr. 16‘692
1497 795 2055 929 Bülowstraße 90
853 974 2421 1126 Bl.3. Herrn Dr.A.Schnitzler, Wien den 10.10.29.
829 1087 2779 1242 Direktoren fragen unermüdlich darnach und ich weiss nicht,
826 1226 2931 1358 ob die von mir verlangte Auskunft dahin lauten soll, dass eine
824 1345 2789 1481 Bearbeitung von Ihnen überhaupt nicht zu erwarten ist, wie
824 1424 2731 1581 ich von Ihnen hörte, oder dass Sie mit Klein in auernder
818 1550 2873 1692 Korrespondenz über diese von Ihnen tatsächlich zu erwartende
824 1652 2873 1823 Arbeit stehen, wie von Seiten des Künstlertheaters behauptet
821 1773 2931 1929 wird. Uebrigens schrieb mir Hellmer, Sie hätten ihm die Ueber-
1468 1868 1813 1944 (ommerlüste)
795 1884 1847 2079 sendung eines Buches zugesagt.
1658 2031 2431 2252 Mit herzlichen Grüssen
1787 2229 2260 2376 Ihr ergebener
2168 2334 2444 2481 Marie
