2885 4026
834 399 1406 575 Derlag/Berti
1479 417 1746 558 57
1438 528 1664 628 Berlin / Pos
1212 531 1362 628 Dankasse Pässe
1852 534 1946 616 : B=
795 540 1189 634 àutsche Bank, Deposit
1485 608 1834 710 Nr. 1662. 6162 und
1127 610 1418 716 se: Amt Lützow
678 825 1614 1018 Herrn Dr. Arthur Schnitzler
2272 904 2413 1048 G.C.P.
1928 966 2266 1118 Nien—
443 1092 1385 1283 Sehr geehrter Herr Doktor,
473 1265 2715 1418 in Beantwortung Ihres schreibens von 17/5. möchten wir auf die Frage
376 1359 2686 1485 der amerikanischen Gesamtausgabe nochmals zurückkommen. Das Angebot der
373 1470 2606 1617 Firma Boni & [L]iveright ist tatsächlich 500 Dollar Garantie und 5 xxx
376 1585 2665 1711 tantiene. Die Firma möchte sich eine dreijährige Optionsfrist auf Ihre
367 1661 2715 1799 künftigen Werke sichern und würde für diese dann 10 x Tantiene bezahlen.
387 1787 2727 1925 Wir müssen nun dem jenor Ihres Briefes entnehmen, dass diese gedingungen
390 1887 2618 2022 Ihnen unvorteilhaft scheinen, auch wir halten sie nicht eben für sehr
379 1999 2621 2131 günstig. Allein es handelt sich hier für den amerikanischen Verleger
382 2075 2574 2207 Erwägungen, die es nicht unverständlich erscheinen lassen, vonn er
379 2207 2612 2327 billig davonkommen will. Er sieht sich vor einer grossen Menge teils
387 2313 2691 2433 autorisierter, teils unautorisierter Einzelausgaben, fürchtet die Geld-
387 2427 2741 2539 ausgaben, die er bei dem ganzen oder partiellen Rüskkauf einzelner Rechte
379 2486 2313 2659 zu machen haben wird, sieht sich unter den gegenwärtigen, noch
387 2586 2219 2747 chaotischen Urheberrechtsbedingungen vor der Möglichkeit,
390 2724 1585 2835 Freibeuterausgaben geschädigt zu werd
390 2812 1359 2956 das ganze Unternehmen als ein
405 2906 1159 3064 die Firma Selzer Ihnen xxx
411 3005 986 3149 wir uns aber darin
534 3132 790 3234 gektes da
