3015 3895
1367 234 1519 371 - 626
2224 277 2665 565 Oostrasse 90
629 304 2197 507 Fischer/Verlag/Berlin M 57/Bülo
1094 474 2139 599 se: Amt Lützow Nr. 1662. 6162 und 9292 / Postscheckkonto: Berlin /
1197 541 1936 647 THEATERABTEILUNG
1149 632 2072 790 Berlin, den 16. August 1923
435 972 644 1130 Herrn
830 1039 1577 1246 Dr. Arthur Schnitzler
1708 1179 1981 1301 Wien
432 1340 1364 1462 Sehr verehrter Herr Doktor,
1340 1416 2677 1629 Ziegel in Hamburg möchte den “ Reigen „
432 1562 2668 1717 neu aufnehmen. Ich frage ergebenst an, ob Ihnen das erwünscht ist.
1340 1693 2829 1845 An Wotitzky habe ich noch nicht geschrieben,
435 1829 2550 1990 weil evtl. die Möglichkeit besteht, dass Tilla Durieux, die in
432 1924 2832 2079 Amerika deutsch und englisch spielen wird, das Stück in ihr Repertroire
428 2033 2668 2173 aufnimmt. Ich legte ihr diesen Gedanken nahe und sie nahm ihn sehr
435 2151 2741 2303 possitiv auf, konnte mir aber noch nichts Bestimmtes mitteilen, weil
422 2285 2777 2437 ihre Gastspielangelegenheit noch nicht formell abgeschlossen war. Ich
425 2446 2768 2607 möchte auf diese Kombination im übrigen keine sehr grossen Hoffnungen
425 2540 2747 2695 setzen, immerhin führte ich die Sache unter ausdrücklichem Hin-
422 2692 2820 2808 weis auf Wotitzky und es wäre vielleicht ungeschickt, gerade in diesem
428 2771 2866 2914 Moment störend dazwischen zu kommen. Ich würde also vorschlagen zunächst
428 2872 2401 3036 noch etwas abzuwarten. Sind Sie nicht auch dieser Ansicht?
851 2999 1793 3185 Mit den bestem Empfehlungen
1735 3090 2410 3261 Ihr sehr ergebener
1945 3233 2458 3340 S. FISCHER. VERLAG
1981 3294 2434 3385 AKTRENGESELISCHAFT
1942 3324 2613 3467 THEATERACTEIL
