3839 3992
1702 255 1822 370 38.
1973 298 2890 479 .VERLA
1084 340 1917 577 ISCHER
2579 453 3023 605 Amt Lützow Nr. 1662 und 6162
1770 652 1909 738 s
177 748 1659 937 1/2 L 2/2 C. mv/12L
191 976 1675 1066 T(qOO).1W â¢" oi.a.Bg.i. nouv, rue nouvel aogez omaa
589 1034 1263 1116 V.A.W.K.S.
1961 1040 3415 1191 dass derartige einzelne Aufführungen weiterhin
292 1066 1748 1215 schenspiel " und "Anatol" in Prag hat ihren
1963 1144 3160 1273 von uns nicht gestattet werden können.
296 1165 1796 1283 Grund-nicht in den Kriegsverhältnissen, sondern
2208 1275 3110 1428 Mit vorzüglicher Hochachtung
292 1285 1792 1398 basiert auf alten Verträgen, die noch zu Recht
225 1384 1820 1492 bestehen. Das Deutsche Landestheater hat daher die
2357 1390 2933 1502 S. FISCHER, VerlaG
2361 1474 2937 1579 THEATERALTEILUNG
298 1488 1764 1627 beiden Werke zu dem seinerzeit vertraglich ab-
2808 1531 3087 1673 Glein
302 1615 1661 1714 gemachten Tantiemensatz wieder aufgenommen.
521 1686 1814 1806 Was das Bremer Schauspielhaus anbetrifft,
298 1816 1774 1915 so haben wir allerdings nur für eine Wohltätig-
302 1917 1818 2017 keitsaufführung auf 1½% der Tantième verzichtet.
304 1999 1770 2120 Ein Abkommen über weitere Aufführungen bestand
308 2110 1820 2249 nicht, trotzdem hat das Theater. Die Grosse Szene
308 2200 1756 2333 noch zweimal gespielt, sie aber zum Normaltan-
314 2295 1810 2442 tiemensatz von 36 verrechnet. Da wir von Auffüh-
308 2420 1792 2516 rungen erst erfahren, wenn sie bereits stattge-
304 2506 1806 2617 funden haben, mussten wir diese Tatsache als ge-
308 2631 1754 2729 schehen hinnehmen. Offenbar war dem sonst sehr
304 2711 1724 2826 korrekten Theater von unserer Bedingung, dass
326 2810 1780 2957 „ Komödie der Worte“ nur im abendfüllenden Zu-
320 2933 1873 3063 sammenhang gespielt werden dürfte, nichts bekannt.
298 3041 1780 3186 Wir verständigen aber gleichzeitig das Theater,
259 3108 442 3222 Sr. Wm.
700 3138 851 3222 G.C.H.F.S.
