3065 3640
758 169 1516 365 R.VERLAO, BERLIN,
2351 232 2561 363 Blatt
2553 352 2670 521 1879
739 447 2728 666 "Griechische Tänzerin" M. 3100.- bekommen, und ich zweifle nicht
709 592 2774 818 daran, dass noch viele Neudrucke für dieser beiden Bücher notwendig
704 696 1099 818 sein werden.
824 810 2695 960 Ein höheres Honorar wie 10 % ist für diese ausserordentlich
698 876 2728 1072 billige Sammlung, die den Sortimentsbuchhandlungen mit 55-60 Pfg.
701 1042 2714 1165 geliefert wird, überhaupt nicht möglich, und Ihre Bemerkung übe¬
1563 1110 1724 1173 G.H.F.P.
696 1099 2627 1263 diesen Punkt fällt gerade in eine Zeit, wo die ganze Existenz
698 1208 2774 1356 der Sammlung durch die ungeheure Steigerung der Herstellungskosten
693 1342 2673 1486 in Frage gestellt ist. Ich glaube nicht, ob irgend ein Verleger
687 1429 2684 1574 Ihnen mehr wie 10 % für eine solche Sammlung bezahlen kann. Vom
687 1525 2733 1697 Verlag Ullstein, der meine Bibliothek nachgemacht hat und der die
682 1634 2700 1781 trivialste Unterhaltungsliteratur in grosseren Auflagen absetzen
671 1721 2736 1939 kann, ist mir erzählt worden, dass er nur eine Tantieme von 6-7 %
676 1822 1110 1958 bezahlt.
835 1934 2708 2092 Es ist überhaupt fraglich, ob bei vielen Büchern die alten
666 2046 2689 2190 Preise aufrecht zu erhalten sind. Die Gesamtausgehmer Werke
663 2141 2697 2302 gehören zu den billigsten Büchern meines Verlages, ich bezweifle,
666 2228 2747 2411 ob es möglich sein wird, den alten Preis während der jetzigen Zeit
660 2362 2760 2507 beim Neudruck beizubehalten. Ich will Sie mit den Schwierigkeiten,
655 2471 2812 2621 die nicht nur in der Teuerung, sondern auch in dem Mangel an Arbeits-
652 2569 2738 2695 kräften und Materialien liegen, nicht langweilen, es ist ja gewiss
649 2673 2845 2842 nicht das Schlimmste, was jetzt während des Krieges zu überwinden ist.
810 2823 2749 2957 Bezüglich des Theatervertriebs habe ich mich davon überzeugt.
646 2921 2752 3071 dass wir uns im Prinzip an Ihre Vorschriften halten. Ich weiss aber
644 3017 2785 3142 nicht, ob Sie gut tun, den Standpunkt, unter 10 % nichts fortzugeben
646 3126 2616 3268 in allen Fällen aufrecht zu erhalten. Es gibt in der Tat Theate
