3224 3879
1484 120 1585 238 717
1068 212 2401 366 FISCHER / VerLAG
629 316 2703 430 Bankkonto: Deutsche Bank, Depositenkasse P Berlin / Postscheckkonto. Berlin 1662
1065 402 2225 528 BERLIN W 57 / BULowSTRASSE 90
1263 464 2043 632 Ferneuf: Lützow 1662, 6162 und 9292
2110 495 2502 662 25/11. 1918
696 838 1149 989 Lieber Freund.
752 981 2826 1118 auf Ihren Wunsch lasse ich "Casanovas Heimfahrt" jetzt erscheinen.
632 1101 2711 1216 Hoffentlich setzt sich das Buch trotz aller Schwierigkeiten durch.
623 1191 2764 1308 Freilich, die Länderstrecken, die bei Ihnen und uns unzugänglich ge-
634 1280 2882 1400 worden sind, die werden jedenfalls ein starkes Loch in die Verbreitungs-
632 1384 2180 1504 möglichkeiten, die in Ihrem Buch liegen, reissen.
755 1507 2854 1632 Ich lege die Honorargutschrift für die ersten 20 000 Exemplare bei,
629 1582 2840 1766 die zu Ihren Gunsten M. 22500.- ergibt; bitte verfügen Sie über diesen
629 1719 866 1834 Betrag.
875 1758 1602 1926 Mit herzlichen Grüssen
1996 1982 2722 2225 F fischer
514 2311 1515 2485 L. R. S.U. 12,000 in N.Y. B.M..
593 2457 1532 2616 si veut 19,500 pour il 20 à 25
595 2591 1526 2770 le plaest auf einmal hérin
654 2694 1361 2868 dans un jusqu'à la
662 2817 1316 2921 in A der wolle Z.
679 2882 1311 3013 recembre
696 2968 1249 3119 et au soi d'après
