3096 3960
1327 242 1461 396 127
587 538 785 728 Bl. L.
1132 677 2843 854 M. 1. Januar 1923 wurde im allgemeinen in Deutschland
1842 792 1929 851 G.C.F.P
813 790 2686 947 bei Lieferungen ins Ausland in fremder Währung fakturiert.
810 880 2832 1075 Fischer behauptet, dazu erst im März oder April übergegangen zu
1405 998 1598 1062 G.C.H.F.P
828 990 2822 1163 sein. Jedenfalls wird sich bei Prüfung der Bücher jeder Betrag
1258 1109 1502 1173 G.C.H.F.FF.P
815 1109 2876 1245 feststellen lassen und selbstverständlich muss er Ihnen die ent-
944 1209 1654 1268 Beträge
831 1194 2827 1369 sprechenden/zur Verfügung stellen oder gegen die gezahlten Be-
836 1330 1801 1469 träge entsprechend aufrechnen,
1384 1402 1525 1484 G.C.H.F.P.
1137 1376 2891 1520 Über diese Dinge, die in der Vergangenheit liegen, kann
826 1482 2884 1628 ich erst klar berichten, wenn ich Ihnen mit Ziffern kommen kann.
831 1631 2804 1783 Viel wichtiger erscheint mir die Regelung der Zahlung für die
2591 1682 2753 1767 M rn
833 1700 2699 1855 Zukunft. Dazu ist folgende allgemeine Bemerkung zu machen:
1145 1829 2804 1953 Wir hoffen in Deutschland eine Goldmark-Rechnung zu
833 1917 2830 2043 bekommen. Dann würden alle Schwierigkeiten, die sich durch die
844 2053 2830 2151 Entwortung ergeben, wegfallen und somit auch alle Differenzen.
846 2138 2840 2272 Vorläufig aber schlug ich folgendes vor und glaube, Ihnen dazu
836 2246 1397 2385 raten zu dürfen:
1456 2246 1631 2374 G.H.F.P.P
839 2351 1693 2503 Zu 1) Inlands-Absatz:
1163 2436 2904 2567 Es wird Ihnen monatlich -wie er übrigens vorgeschlagen
844 2547 2825 2670 hat- eine bestimmte Anzahl Exemplare nach Grundzahl berechnet
1680 2632 1811 2691 ###
851 2663 2822 2776 à Conto zur Schlüsselzahl des Zahlungstages gezahlt (nebenbei
844 2745 2909 2871 bemerkt könnte die Summe nach der letzten Abrechnung von Fischer
862 2855 2819 2976 etwa 30 Billionen erreichen! Denn es sind 3500 Grundzahlmark).
849 2966 2843 3066 Das ist vollkommen einwandfrei und durchaus acceptabel, sofern
864 3046 2845 3187 er diese Zahlung eben auch so pünktlich leistet, dass Sie den
857 3133 2827 3272 effektiven Wert des Zahlungetages erhalten. Ich habe ihm aus-
870 3223 2861 3383 einandergesetzt, dass da der wesentliche Punkt liegt. Anderer-
1052 3344 1327 3414 für den Verlag
1358 3347 2915 3519 schnisch sehr schwer, diese Bedingung zu erfüllen,
908 3355 1250 3514 eits ist en
2853 3465 2948 3640 an
