3147 3914
409 991 2613 1254 S. Fischer/Verlag/Berlin W 57/Bülowstraße 90
612 1200 2416 1326 Bankkonto: Deutsche Bank. Depositenkasse P in Berlin / Postscheckkonto; Berlin Nr. 16692
988 1274 2042 1425 Fernsprechanschlüsse: Amt Lützow Nr. 6162 bis 6164
2133 1337 2503 1493 1. Okt. 23
662 1383 791 1493 Si.
856 1502 1792 1683 Herrn Dr. Arthur Schnitzler
2092 1592 2295 1754 Wien
653 1729 1521 1891 Sehr geehrter Herr Doktor,
684 1812 2586 1954 in Abwesenheit von Herrn Greiner, erlauben wir uns, Ihnen
662 1894 2849 2083 inliegendes Schreiben zur Henntnis zu bringen. Wir sind seinerzeit
664 2026 2753 2163 auf die Sache nicht eingegangen, da wir ihr kein Vertrauen ent-
697 2141 2816 2284 gegenbrachten. Sollten Sie es aber doch für Erwägungswert halten,
211 2108 620 2292 you
664 2243 2830 2388 so haben Sie vielleicht die Güte, die Angelegenheit persönlich zu
673 2363 1032 2495 behandeln.
2281 2341 2811 2498 S FISCHER, VERLAG
1345 2331 2215 2542 Mit vorküglicher Hochacht
2331 2462 2772 2531 ʒTIENGESELISCHAFT.
1570 2473 1998 2597 fischer
2259 2487 2841 2624 AUISLANDSABTEILUNG
228 2481 873 2621 et Ehr des Theatokentiums,
2333 2572 2797 2712 il hiemit le
181 2536 1024 2687 überwären im 850 Militäre an.
187 2643 1007 2761 die Bank für Abwürdigkeit
313 2709 576 2830 k 10080. 10. 22.
1919 3423 2742 3549 In oesterreichxx
