3203 3794
1313 279 1671 442 SCHER /
1746 282 1953 391 ERLA
2617 703 2789 829 entend.
571 805 1935 959 und dementsprechend wird auch Ihr Honorar
1995 790 2446 938 teil steigen.
1677 892 1818 956 G.C.H.P
697 938 2804 1049 Das gibt mir gleich Veranlassung auf Ihre Beschwerde, die durch
556 992 2921 1142 den Brief von Herrn wantoch in Teplitz gestützt wird, einzugehen. Neben
562 1139 2831 1247 den Schwierigkeiten der Produktion, die besonders durch die Buchbin-
319 1109 535 1271 G.C.F.P.
574 1214 2891 1376 dereien hervorgerufen waren, hatten wir uns zu schützen gegen die Ham-
225 1226 379 1325 G.C.H.F.P.
1635 1346 2852 1469 dern, die darauf gerichtet waren, sich
382 1349 475 1469 G.C.F.P.
1208 1343 1373 1424 von S
574 1340 1187 1421 sterei einer Reihe
1367 1343 1584 1466 rartime
983 1394 1376 1472 G.C.H.F.P.S.
568 1388 2984 1563 reichliche Vorräte von Büchern hinzulegen, um in den genuss der kommenden
385 1439 478 1536 G.F.P.
562 1536 2846 1668 Preiserhöhungen zu treten. Würden wir solchen Spekulationen hemmungs-
562 1623 2828 1782 los nachgeben, so würde die Folge davon sein, dass die Bücher in den
571 1728 2852 1857 Vorratslagern einiger Sortimenter aufgehäuft sind, sodass wir von der
1490 1827 1617 1887 G.C.F.P.
2055 1824 2206 1884 G.F.P.
556 1833 2852 1968 notwendigen Preiserhöhung, um überhaupt weiter produzieren zu können,
568 1926 2885 2064 nichts hätten; dass solche Preiserhöhungen also nur gemacht würden, um
565 2028 2867 2155 dem Sortiment neben den regulären hohen Rabatt, auch noch einen hohen
574 2134 2792 2260 Gewinn an den inzwischen erfolgten Preiserhöhungen in den Schoss zu
568 2269 2792 2374 legen. Sie werden das zu würdigen wissen, wenn Sie einen Ueberblick
2398 2338 2954 2473 Preiserhöhungen
574 2347 2119 2461 bekommen werden, über die Tantiemen, die Ihnen
2377 2443 2819 2584 elfaches ver-
577 2455 2061 2599 zufallen. Ihre ursprünglichen Honorare werden
2650 2572 2786 2683 ent-
577 2554 2004 2692 grössert und Sie werden auf diese Weise für
454 2674 544 2771 G.C.F.P
580 2674 1860 2783 schädigt. Nur so ist es überhaupt möglich,
2644 2647 2726 2786 aig
580 2771 1845 2912 Ertrag aus dem Verkauf von Büchern, Am
580 2870 1475 3017 Dabei wird nach dem Grunds
583 3005 1100 3113 Sortiments imme-
589 3089 983 3209 stattgegeben
