3053 3783
1163 159 1281 304 56.
318 332 2487 606 S. Fischer/Verlag/Berlin W 57/Bülowstraße go-
946 532 2167 639 we: Amt Lützow Nr. 1662. 6162 und 9292 / Postschsekkonto; Berlin Nr.. 1669.
1034 595 1788 719 THEATERABTEILUNG
1059 680 1936 850 Berlin, den 17. Juni 1922
387 930 617 1102 Herrn
639 976 1369 1220 Dr. Arthur Schnitzler
1478 1127 1741 1251 Wien
417 1297 1303 1481 Sehr geehrter Herr Doktor,
1289 1382 2570 1560 ich stehe in Unterhandlung wegen evtl.
417 1492 2559 1662 Errichtung einer belgischen Vertretung unseres Bühnenvertriebes.
420 1629 2597 1780 Da es mir für die Verhandlungen von Wichtigkeit wäre, zu wissen
428 1700 2630 1873 ob ich gegebenenfalls auf die Einbeziehung Ihrer Werke, wenigstens
439 1813 2570 2005 im grossen und ganzen rechnen kann, so bitte ich um baldige Mit-
439 1931 2564 2120 teilung Ihrer Stellungnahme. In erster Linie dürfte wohl "Prof.
428 2043 2024 2230 Bernhardi “ in Frage kommen,
1262 2082 2515 2306 Unser Amsterdamer Vertreter fragt bei
442 2257 2614 2438 mir an, ob es wahr sei, dass Karozag Ihre Werke für Holland über-
444 2402 2526 2520 nommen habe. Ich zweifle nicht daran, dass es sich da um eine
455 2509 2592 2649 jener Enten handelt, die Krazag der von Zeit zu Zeit auffliegen
455 2641 666 2789 lässt,
1102 2701 2175 2858 Mit den besten Empfehlungen Ihr
1464 2822 1890 2962 sehr ergebene
2038 2817 2199 3019 seem
2103 3083 2611 3247 mit Frau Zucker
485 3055 1665 3269 P. S. Ich habe mich lebhaft über die
2136 3211 2438 3382 den ziemlich
1297 3253 1396 3373 Iohn
488 3222 1267 3376 kandel gefreut, mit der
499 3327 1451 3494 führliches Gespräch über francs
2317 3327 2441 3494 1st
1163 3447 1393 3584 ich se
913 3442 1064 3582 sern können.
