2909 3975
827 309 1523 468 mais en lisant ai-
1723 303 2478 490 “LISix D'A.L.M.V. xx’n
1990 409 2274 498 Votre très-dite d'
429 448 2433 624 Wege stehe, provisorisch und unter ausdrücklichem Vorbehalt
437 599 1834 782 Ihres Einverständnisses angeknüpft haben,
871 693 2525 835 Aus Polen ist bezügl. „Reigen “ keine Anfrage an
431 821 2547 994 uns gelangt. Dagegen hat unser polnischer Vertreter in Warschau
440 952 2656 1061 über "Liebelei" mit 4 % Tantieme abgeschlossen. Es ist uns unan-
1200 1030 1358 1102 ouvrage de la riviere de
891 1027 1069 1114 ou le dernier
431 1016 2617 1197 genehm, dass eine vorhergehende Anfrage (in diesem Falle bei Ihnen
434 1183 2603 1292 nicht möglich war, doch musste unser Vertreter angesichts der in
434 1244 2608 1403 Polen herrschenden Rechtlosigkeit, natürlich möglichst sogleich
440 1367 2611 1542 zugreifen.1912 xxxxxxx. Wir hoffen, dass
434 1517 2603 1654 Sie unter den gegebenen Verhältnissen mit diesem Vertrage einver-
434 1576 1130 1718 standen sein werden!
832 1681 2514 1879 Was Jugoslavien anbetrifft, so lässt sich erst aus
966 1804 1425 1904 le reste de ses autres ouvrages ou de
437 1807 2452 1993 der Praxis feststellen, ob wir Ihnen in dieser Angelegenheit
431 1960 2586 2102 etwas nützen können oder nicht. Wir haben daher Herrn Dr. Eirich
426 2085 2511 2210 mitgeteilt, dass er in den Jugoslavien betreffenden Fragen nur
429 2191 2347 2322 an Sie, unter Ausschluss des Verlages gewiesen sein soll.
866 2280 2542 2430 Der Abschluss mit "Professor Bernhardi", den wir
431 2361 2578 2536 s. Zt. mit einer Stelle in Zagreb vorhatten, ist nicht zustande-
429 2517 749 2661 gekommen
880 2608 2631 2750 „Reigen“ ist inzwischen in Hamburg gespielt worden.
1882 2684 2099 2753 ou les prieurs ont eu leur contre les
434 2723 2672 2870 Wir übersenden Ihnen anbei die uns zur Verfügung stehenden Kritiken
434 2812 2631 2981 zur Einsicht, mit der Bitte, uns dieselben wieder zurückzustellen
1325 3073 2277 3199 Mit vorzüglicher Zochachtung
1757 3123 1929 3176 G.C.H.F.
1617 3129 1729 3182 G.H.F.P
1626 3123 2188 3243 S. FISCHER, VG.
1648 3210 2196 3371 THEATERABTEIL UNG
