3153 3991
1551 136 1775 324 1478 a.
693 316 2848 489 S. Fischer/Verlag/Berlin W 57/Bülowstraße 9o
955 431 2636 563 onkkonto: Deutsche Bank. Depositenkasse P in Berlin / Postscheckkonto: Berlin Nr. 16892
1177 489 2347 631 Fernsprechanschlüsse: Amt Lützow Nr. 1662, 6162 und 9292
2241 678 2636 832 1. Dez. 20
702 675 938 808 Gr/Si.
1197 826 2105 970 Herrn Dr. Arthur Schnitzler
2238 882 2456 1091 Wien
908 1044 1793 1197 Sehr geehrter Herr Doktor,
914 1147 2928 1315 in Beantwortung Ihrer an Herrn Fischer gerichteten Briefe vom
714 1292 2958 1421 11.und 20. v. M. teilen wir Ihnen, soweit diese Briefe auf Auslands-
719 1407 2949 1533 Angelegenheiten Bezug nehmen, ergebenst folgendes mit: Wie bereits
722 1492 3081 1640 einmal angemerkt, wird der Verkauf von „ Der Weg ins Freie „ für Italien
719 1625 3037 1734 nicht zustande kommen und zwar weil die von uns gestellten Bedingungen
722 1728 2905 1822 nicht akzeptiert wurden, dann aber auch wegen anderer unsachlicher
728 1784 3087 1952 Bedenken der betreffenden Firma. Die Leiterin der italienischen general-
734 1920 3005 2041 Vertretung ist Frau Margit Veszi, die in Italien eine sehr energische
734 2029 2907 2144 und weitverzweigte Tätigkeit für deutsche Bücher entfaltet. Unsere
725 2126 3093 2265 Beziehung zu ihr hab sich aber nicht so günstig entwickelt, wie ursprüng
722 2194 3067 2327 lich anzunehmen war, da Frau veszi auf gewissen drückenden Nebenbedingun-
722 2297 3081 2483 gen beharrt, auf die wir nicht eingehen können. Dies ist auch der Grund,
734 2415 2952 2583 Dies ist auch der grund, weshalb Sie hinsichtlich der italienischen
764 2518 2899 2645 Theaterangelegenheiten noch nichts weiteres von uns gehört haben.
737 2648 3005 2754 Sollte Frau Veszi von Ihren Bedingungen nicht noch abgehen, so dürfte
728 2704 3014 2875 die ganze Verbindung, zu mindest in der von uns früher beabsichtigten
728 2851 3093 2955 generellen Form, kaum zustande kommen. Wir müssen Sie diesbezüglich noch
740 2961 3008 3058 um einige Geduld bitten, bis diese ganze Angelegenheit sich endgültig
731 3064 1150 3191 geklärt hat.
864 3084 3049 3300 Wegen der spanischen Ausgabe von "Weg ins Freie " unter den Ihnen
725 3252 2993 3418 mitgeteilten und von Ihnen genehmigten Bedingungen haben wir bereits
722 3406 2984 3547 nach Madrid geschrieben. - Querido, Amsterdam hat „Dr.Gräsler" ab-
563 3565 858 3739 R. 24. 10000. 5. 20.
