3160 3785
1233 291 1813 494 Abschrift
665 582 1536 734 Sehr geehrter Herr Greiner,
1510 600 2781 782 gestützt auf unsere langjährige gute Ge-
674 748 2858 905 schäftsverbindung möchte ich an die Vornehmheit Ihres Verlags appelie-
677 862 2747 1016 ren. Ich habe heute „Fink und „Fliederbusch“ gelesen und möchte das
671 971 2898 1093 stück unbedingt spielen. Ich kann aber als Geschäftsmann nicht die Ver-
679 1034 2952 1216 antwortung übernehmen, für dieses reizvolle Stück, dass aber alles eher,
682 1173 2866 1308 als für das grosse Publikum bestimmt zu sein scheint eine derartig ho-
677 1262 2846 1422 he Garantie zu zahlen. Nach meinem gestrigen Telegramm müsste ich nun
682 1362 2929 1525 auf das Stück verzichten. Ich möchte Sie nun, sehr geehrter Herr Greiner
682 1470 2846 1619 herzlich bitten, Sie wissen ja wie nahe mir Schnitzler stehg, mir das
688 1605 2846 1724 Stück mit M. 1000.- Garantie zu überlassen. Irre ich mich und gibt es
688 1690 2849 1841 einen wirklich grossen Publikum Erfolg, so werden Sie sicherlich mehr
694 1767 2881 1927 als diese M 1000.- erhalten. Habe ich aber recht, so wird mein Verlust
699 1890 2915 2024 auch in diesem Falle noch gross genug sein. Ich glaube nicht, dass dies
702 2007 2881 2130 im Sinne Ihres Verlages und Dr. Schnitzlers ist. Wir haben seinerzeit
699 2110 2846 2233 für „Berhardi“ M. 1500.- bezahlt und sind weit über die Garantie ge-
694 2193 2866 2333 kommen, während wir bei „Komödie der Worte“ bei 2000.- Carantie,einen
708 2298 2921 2424 Verlust von ca M 750.- hatten. Es wäre für mich sehr unerfreulich, wenn
708 2404 2886 2544 ich auch bei dem neuen Stück mit einem grossen Verlust rechnen müsste.
1522 2452 2983 2615 Ich bin überzeugt, dass Sie meinen Grund gelten
717 2609 2875 2744 lassen werden und habe in diesem Sinne den Vertrag unterzeichnet, den
1673 2692 1930 2766 si hher
725 2689 2838 2864 Sie beiliegend finden. Ich glaube, dass Dr. Schnitzler; wenn sie ihm
711 2804 2932 2929 meinen Grund mitteilen werden sicherlich damit einverstanden sein wird.
719 2918 2906 3052 Soll ich an ihn direkt schreiben? Ich hoffe eine befriedigende Antwort
725 3015 2444 3206 von Ihnen und bin mit besten Grüssen Ihr sehr ergebener
731 3263 2986 3386 P.S. (handschriftlich) Werter Herr Greiner, ich rechne bestimmt auf Er-
737 3320 3035 3446 ledigung in meinem Sinne. Ich habe das für die Pflege der Schnitzlerischen
737 3432 1519 3566 Stücke wirklich verdient.
1736 3415 2304 3606 Nochmals der Ihr
