3141 4216
1213 275 1432 438 445
1458 393 1668 525 M3
1017 494 2368 694 Fischer. Verlag. Berlin
812 522 1000 699 B. S.
2340 643 2494 750 —...annittu.
668 607 812 761 —
652 733 2511 829 Amt Lützow 1662 u. 6162 Theaterabteilung postscheckkonto Nr. 16892
1168 815 2011 935 Berlin W 57, Bülowstraße Nr. 90
1281 941 1977 1076 Den... 5. Januar. 191 20
635 952 831 1070 G/sch
1107 1250 1230 1402 G.C.P
640 1317 837 1418 Herrn
947 1376 1638 1531 Dr.. Arthur Schnitzler
1823 1449 2076 1590 w i en
1733 1576 2188 1680 naassa uuudestoimis
671 1713 1511 1831 Sehr geehrter Herr Doktor,
1545 1775 2609 1932 in Beantwortung des Teiles Ihres
677 1918 2739 2011 Schreibens vom 19. 12. der sich auf Theaterangelegenheiten beziet
685 2022 2609 2123 teilen wir Ihnen ergebenst mit, dass wir bei Abschlüssen über
677 2140 2680 2213 Ihre dramatischen Werke mit Linden (Schweden), von diesem bis -
674 2233 2722 2328 her Garantien niemals verlangt haben. Fast Ihre sämtlichen Stücke
677 2348 2713 2421 wurden in dieser Weise abgeschlossen und der Vertrag schematisch
677 2441 2696 2525 in immer gleicher Art formuliert. Wir fragen an, ob Sie im Falle
683 2514 2379 2668 Schwester### hiervon eine Ausnahme gemacht wünschen.
1579 2629 2772 2747 Aus Holland erhielten wir für „ Bern
677 2733 2598 2845 hardi " für Aufführungen im Oktober Fl. 334.12 = Mk. 6ordi.20
674 2848 2649 2949 Für November traf ein Scheck über Fl. 573.11 ein,, der von der
677 2952 2713 3042 Bank demnächst eingelöst werden wird.. Detaillierung erfolgt mit
683 3059 2598 3151 unserer diesmonatlichen am 10. beginnenden Gesamtabrechnung.
683 3132 2834 3264 Unser Holländischer Vertreter ist nicht nur sehr aktiv, sondern auch
1135 3230 1491 3297 dans les mêmes ou trois ouvriers.
685 3238 2831 3359 durchaus zuverlässig. Sollte Ihre Anfrage, ob eine Kontrolle bestehe
663 3348 2915 3466 durch eine Zeitungsnotiz veranlasst worden sein, wonach das International-
685 3480 2834 3573 nale Bureau für Aufführungsrecht boykottiert worden sei,, so bemerken
1873 3587 2666 3674 Sollten wir an diesem Tag noch keine
534 3576 1640 3682 Die oben genannten Bedingungen haben Gültigkeit bis zum
548 3668 2674 3769 entscheidende Antwort erhalten haben, so nehmen wir an, daß wir aber das in Frage stehende Werk anderweitig verfügen können
433 3677 528 3842 9.m
517 3842 615 3910 F. 220.
