3193 3879
1354 224 2102 390 SISCHER /VERLAG
703 534 1923 719 Serie und M. 4,25 für die zweite Serie.
954 636 2848 807 Es wäre mir ausserordentlich lieb, wenn Sie sich einmal über
705 748 2850 898 unsere Honorarabrechnungen an der Hand realer Tatsachen orientierten.
695 847 2682 1026 Ich habe das Gefühl, dass Sie mit sehr vagen Vorstellungen über
703 951 2829 1074 "unberechtigte Verlegergewinne" operieren. Sie werden zugeben, dass
697 1055 2826 1218 es im beiderseitigen Interesse läge, wenn Sie sich einmal ein klares
692 1167 2834 1312 Urteil über unsere Honorarberechnungen schaffen könnten. Sie würden
705 1242 2741 1413 sich und mir die ewigen Urgenzen und manche Verstimmung ersparen.
1074 1376 1662 1555 Mit besten Grüssen
2046 1437 2158 1576 Ihr
1728 1589 2380 1811 G. Fische
