3052 4071
1734 288 1934 400 voor
2309 307 2451 407 yr
1621 319 1753 465 4
1276 360 1453 479 my
1004 430 1972 532 sept de juillet et serviteur
1493 486 1876 607 G. H. P.
2265 512 2483 709 Cance d'Ondine
1646 586 1816 663 1777
663 618 2065 793 M nilzell: oder k. das Stadtvoll m. I. gezändnissigellt, dass
546 614 2144 867 die in unverm Herzen habeit. Eben wiederall
670 763 2067 974 desselt, daß ich nicht da temps, we¬
1111 797 2334 1032 lich dachmäßigung, daß
844 902 977 977 0 7
851 942 1079 1067 your
628 932 795 1056 in the
686 972 2048 1153 it ete us thu, de me noch wie en
2109 953 2553 1095 Cave Aussiil
744 1056 2399 1258 ebil cloht; tot theilis ergiele, als ich, - obfahren,
804 1151 2420 1365 Dersel verlagte, Ihm Ihm schritt, bei demnach
804 1253 2488 1423 it ist be telden in all aufs abgelehr habe, —
900 1402 2413 1525 Seit anz. B. J. eben zu ürzlichen; —
1581 1451 2127 1532 de même russeur.
986 1442 2520 1630 them Tef6. it hebben je V / in d h. F.F. I
1993 1548 2172 1611 G.C.H.F.P.
1632 1567 1951 1648 G.C.H.F.P.S.
1274 1593 1425 1679 G.H.F:P:
2023 1579 2458 1723 me Bois alors
1004 1623 1890 1739 ten e feis toon. erhält...
1881 1609 2006 1744 ƒ
1741 1681 1888 1751 G.F.P.
890 1683 2551 1867 Monsieur B. 20% in Lercupin & Cen. General.
2062 1758 2202 1837 G.H.F.P.
1139 1779 2506 1934 +trtubied (A 1.Othirm gehedue)
951 1827 1102 1934 Pr
1755 1872 1995 1946 G.C.F.P. 'J.
1014 1867 2416 2037 Vil entziffert,... Te de Tina
1032 1925 2576 2125 ing at a in, where in a bele aller
1058 2037 2525 2204 Herrn; - u  in kein Wiese aufrichtet, -
1070 2137 2602 2295 et de Célat ait de Burhan, j'ubal; -
981 2239 2674 2411 nécessaire, a précédé a lui d'après
1718 2355 1886 2430 parlem.
918 2327 2790 2564 Herr Vorschlage derselben sehr auszusuchen.
2227 2439 2627 2534 an, so lange
1156 2471 2646 2660 ist hat alle Gründangierwein, daß wir in
1088 2560 2755 2730 wil jegen wäre). Obend til ich folg in ihr
1267 2664 2781 2818 abretur nicht u. die Verh. eine aufzugung
1160 2762 2885 2946 konnte  ich in lebt. Ein brennt¬
1188 2862 2632 3027 mit er mit von dem; — ab beide gegen
1404 2960 2876 3113 belangt, daß ja nicht der Entheur kein
1246 3006 1379 3146 de
1439 3076 2850 3250 Fassel bei Vereins nicht aus, —
1672 3195 2941 3355 ienerlirt und Imposar ab, aber schickt
1676 3304 2771 3450 his... I do it at he still day.
1769 3388 2874 3536 - weil bekommt wacht - u ist
