3272 3994
1469 176 1681 320 '427
1141 256 2490 405 FISCHER / VerLAG
726 398 2799 527 Bankkonto: Deutsche Bank, Depositenkasse P. Berlin / Postscheckkonte: Berlin 16692
1167 475 2327 602 BERene W57 BÜLÖWSTRASSE 90
1361 555 2154 700 Fernruf: Lützow 1662, 6162 und 9292
2301 586 2663 785 23/5. 1919
963 847 1888 1051 Herrn Dr. Arthur Schnitzler
1831 1007 2012 1121 Wien
842 1162 1309 1284 Lieber Freund,
904 1278 2675 1446 auf diesem Weg können wir hier nichts erfahren. Ich kann
850 1407 2792 1529 Feststellungen dieser Art nicht machen lassen. Aber es ist ja
850 1503 2681 1632 auch garnicht nötig; verlangen Sie von Harz, dass er Ihnen
855 1619 2673 1720 darüber eine Erklärung gibt, wieso die Auflagenzahl fehlt,
844 1702 2688 1836 dass er von den Buchdruckereien schriftliche Bestätigungen
850 1818 2694 1968 beibringt, wieviel jedesmal gedruckt wurde. Natürlich muss
850 1947 2787 2040 die Auflagenzahl jedesmal mitgedruckt werden. Für die Richtig-
850 2035 2306 2143 keit der Angaben ist auch der Drucker haftbar.
940 2125 2892 2255 Mit dem Prager Landestheater ist der Vertrag wegen "Bernhardi"
2774 2203 2939 2288 (4)
855 2260 2848 2360 bör-Vertrag nicht zustande gekommen, weil wir nicht unter 10 %
847 2358 1524 2464 abschliessen wollten.
984 2422 2838 2554 Von Ihrem Konto bei der Deutschen Bank in Berlin können Sie
1565 2526 2053 2580 3 1/2 1/4 ^ rt rt 't :t,t
857 2526 2779 2673 jederzeit beliebige Summen abrufen, ohne vorherige Kündigung.
984 2675 2828 2779 Wir haben das Uebersetzungsrecht für "Frau Beate" in die un-
850 2763 1870 2879 garische Sprache nicht vergeben.
971 2841 2874 2983 Der Dramaturg und Regisseur des Landestheaters in Prag, Herr
855 2960 2898 3078 Hans Dometz, bewirbt sich darum, unsere Vertretung für das Gebiet
1123 3053 1413 3117 G.C.H.F.P.M
855 3073 2846 3179 der tschecho-elowakischen Republik zu bekommen. Ich glaube, wir
860 3171 2898 3290 werden darum nicht herum kommen, da Deutsch-Oesterreich jetzt für
844 3249 2910 3440 alle slavischen Staaten Ausland geworden ist. Herr Demetz ist der
