3129 3895
1383 329 1502 477 635
507 376 2702 608 S. Fischer/Verlag/Berlin W. 57/Bülowstraße 90.
833 553 2509 710 conto: Deutsche Bank, Depositenkasse P in Berlin / Portecheckkonto: Berlin Nr. 16692
1249 629 1753 731 Geschlüsse: Amt Lützow Nr.
1013 646 1112 769 Fern
1843 672 2192 798 6162-6164
1953 754 2378 926 23. Okt. 23
2408 713 2492 897 G.C.F.P:
792 806 981 949 G.C.F.P.
646 786 751 943 G.H.F.P
908 929 1840 1100 Herrn Dr. Arthur Schnitzler
2253 984 2475 1124 Wien
728 1063 1598 1252 Sehr geehrter Herr Doktor,
769 1188 2812 1368 wir überwiesen Ihrem Konto bei der Bank für Auswärtigen Handel
664 1325 2876 1508 400 Milliarden. Wegen der 8 Millionen vom 30. Juli sind Sie von der
664 1453 2827 1572 Bank für Auswärtigen Handel doch nicht gut informiert. Diese Bank
661 1531 2882 1659 zeichnet sich, wie wir glauben bemerkt zu haben, nicht gerade durch
678 1665 2853 1799 eine sorgfältige Buchführung aus. Es ist übrigens bei allen Banken
670 1764 2853 1889 jetzt dasselbe, sie sind mit buchhalte erischen Arbeiten überlastet
672 1852 2920 1988 und es dauert erstens eine ganze Weile, bis Ueberweiseungen gemeldet
667 1953 2836 2108 werden und zweitens kommen doch auch Versehen vor, die erst durch
678 2079 2862 2195 eine Reihe von Recherchen aufgeklärt werden. - Wir haben Ihnen von
678 2137 2833 2294 der Deutschen Bank eine Information über die Überweisungen der in
681 2288 2827 2416 Frage stehenden Beträge zugeschickt, eine definitive Beantwortung
675 2361 2862 2556 der Frage haben wir von der Bank für Auswärtigen Handel noch nicht
684 2504 1229 2635 bekommen können.
780 2509 2967 2745 Die 160 norw. Kronen über die Herr Greiner Ihnen schrieb, sind bei
384 2632 521 2748 cuit
687 2667 2868 2798 uns eingetroffen; wir wollten sie abzuglich der Provision auf Ihr
355 2710 594 2888 dictacle
684 2757 3019 2940 Konterbei der Bank für Ausw. Handel einzahlen; die Herren wünschen aber
690 2888 2949 3022 da es sich um auswärtiges Geld handelt, eine Bestätigung des Finanz-
690 2984 3004 3127 Amtes, resp. eine Kapitalfluchtserklärung. Beides wäre ja schliesslich
681 3109 2996 3237 zu machen, obgleich es etwas umständlich ist. Treffen Sie keine andere
702 3220 3042 3351 Verfügung, so bitten wir um Nachricht, damit wir das weitere veranlassen
696 3316 2911 3496 können.- In der Angelegenheit des Gastspiels Reusch hat sich bisher
710 3406 1913 3566 etwas Definitives noch nicht ergeben.
1948 3438 2815 3563 .t vorzüglicher Hochachtung.
1834 3552 2815 3662 ppa. S. FISCHERVERLAG, A.-G.
1881 3598 2542 3753 Roventum
2786 3622 2990 3767 -b.w.
