3073 4103
1127 366 1318 521 863
721 480 2208 658 S. Fischer / Verlag / A.-G. Berlin W 57
460 629 2457 795 Bankkonto: Deutsche Bank, Depositenkasse P in Berlin / Postscheckkento: Berlin Nr. 1669.
887 701 2045 781 Fernsprechanschlüsse: Amt Lützow Nr. 6162 bis 6164
1278 766 1665 844 Bülowstraße 90
892 829 2053 927 Telegramm=Adresse: Fischerverlag 6162 Berlinlützow
1287 895 1642 1021 Puis
1942 961 2302 1107 7. Mai 28
1793 995 1922 1110 bien
389 995 572 1124 F/Si.
1321 992 1756 1221 Ey B. Jg
1364 1161 1853 1347 Ces Hs
518 1256 1004 1416 Lieber Freund,
632 1387 2680 1519 das Honorar für 25 Auflagen "Therese " ist laut anliegender
529 1476 2448 1604 Aufstellung, Ihren Wünschen entsprechend, bezahlt worden.
601 1602 2688 1727 Den „ Ergänzungsband „ Ihrer Gesammelten Werke wollen wir noch
546 1710 2663 1822 in diesem Jahr herausgeben; er wird gleichzeitig den 6.Band der
984 1805 1210 1859 tauvaa myöntä
543 1788 2786 1939 neuen Auflage der Gesammelten Werke darstellen, während "Therese "
2085 1873 2351 1953 3. Bano
549 1908 2594 2042 den 5. Band bilden wird. Vom »Weg ins Freie »haben wir noch
555 2002 2849 2148 etwa 600 Exemplare vorrätig. Diesen Band wollten wir erst im nächsten
552 2119 2823 2257 Jahr bringen, um den alten Bestand zu räumen. Es bleiben dann somit
555 2219 2703 2354 noch 3 Bände ( der 1., 2. und 4. Band ) übrig, die wir in diesem
549 2348 2754 2448 Jahr zwar herstellen, aber doch erst in den Handel bringen können,
566 2422 2674 2557 wenn die Restexemplare der ersten Reihe verkauft sind; das wird
561 2517 2405 2657 vermutlich ebenfalls noch in diesem Jahr der Fall sein.
661 2608 2734 2751 „ Casanovas Heimfahrt" möchten wir gern erst im nächsten Jahr
569 2754 2774 2871 drucken, um mit den im Handel befindlichen verranschten Exemplaren
566 2800 2746 2980 nicht zu kollidieren. Ich denke bis Frühjahr nächsten Jahres wird
566 2960 2683 3100 der Weg für "Casanovas Heimfahrt" wieder frei sein. Liegt Ihnen
569 3043 2780 3172 aber viel daran, dass das Buch noch in diesem Jahr herauskommt, so
569 3160 2654 3292 will ich es tun, obgleich es für den Verkauf der neuen Ausgabe
566 3295 1356 3412 nicht zweckmässig wäre.
1524 3418 2168 3572 Mit besten Grüssen
1853 3509 2088 3629 The
1916 3578 2646 3804 T fische
