3191 4007
2212 393 2304 582 L
867 588 2502 702 Deponitenhame P in Berlin / Postesheckkontor Berlin Nr. 1652 / Perasprach-Anschlässen: Amt Lützow Nc. 1662. b
560 596 744 738 Dertach
906 652 2254 794 ERLIN W 57. BÜLowSTRASSE 90
1797 733 2037 894 22/7. 20
652 1092 1527 1304 Herrn Dr. Arthur Schnitzler
1527 1193 1680 1393 Wien
1764 1273 1872 1388 G.C.F.P.
761 1315 858 1413 G.C.F.P.
660 1404 1126 1569 Lieber Freund,
858 1530 2912 1714 es tut mir leid, dass sich in meine Briefe einige Unstimmigkeiten
674 1638 2870 1792 eingeschlichen haben. Ich bitte Sie, das dem Umstand zugute zu halten,
674 1719 2725 1928 dass ich in einer äusserst erregten und gespannten Situation mir
674 1825 2783 2001 unberschtigt scheinenden Widerständen gegenüber leicht aus der Ruhe
666 1950 2708 2148 gerate. In der Korrespondenz mit Ihnen hat sich seit Jahren ein
683 2037 2853 2235 gewisser gereizter Ton, verzeihen Sie, wenn ich sage von Ihrer Seite,
674 2176 2783 2313 ausgebildet. Die Angelegenheiten Schnitzler sind in meinem Büro in
688 2271 2750 2396 dieser Hinsicht ein schwieriges Kapitel; alle Faktoren, die daran
688 2366 2764 2505 beteiligt sind, vermissen das Mass von Vertrauen und Einsicht, das
680 2463 2722 2644 notwendig ist, um einen Geschäftsverkehr erspriesslich zu machen.
847 2583 2714 2700 Ich kann heute nicht auf Ihre ausländischen Angelegenheiten
697 2655 2831 2806 des Näheren eingehen; diese Sache besorgt Herr Greiner, ein äusserst
1758 2761 1911 2820 r. F.
705 2775 2848 2912 gewissenhafter und gerecht denkender Mann. Er ist augenblicklich auf
1357 2875 1477 2939 G.C.P.
694 2864 2937 3006 Urlaub und wird nach seiner Rückkehr auf Ihre argumente, denen ich mich
699 2998 2722 3137 nicht ganz verschliessen kann, zurückkommen. Ich möchte nur sovi
713 3104 2611 3252 sagen: dass wir weit davon entfernt sind, Ihnen eine "Steuer"
741 3210 2625 3357 ihre ausländischen Angelegenheiten aufzuerlegen, dass aber die
724 3321 2257 3494 Schwierigkeiten eines mit Ausnahmefällen belastet
