3252 4007
1270 246 2120 412 S. FISCHER /VERLAG
518 317 717 409 2. Blatt
657 560 2730 723 haben, dass Sie Bloch für Ihre russischen Geschäfte interessieren.
649 690 2760 805 Unser Vertreter Neldner in Riga ist gleichzeitig auch der vertreter
637 785 2801 954 Blochs; wir haben aber seit Ausbruch des Krieges nichts mehr von ihm
654 891 2742 1033 gehört. Mein russischer Gewährsmann meint übrigens, dass die guten
643 977 2864 1149 Bühnen die Tantiemen nach dem Krieg bezahlen werden. Ich möchte keinen
646 1108 2807 1247 Eid darauf leisten, aber kommen einigermassen geordnete Zustände, so
663 1184 2869 1336 wird der Tantiemenverkehr mit Russland sicher auf viel soliderer Basis
657 1330 1827 1442 stehen wie unter der alten Regierung.
844 1401 2775 1531 Es tut mir leid, dass ich Sie mit der Angelegenheit Rosenbaum
2221 1484 2446 1534 S'Ouvre avec les mêmes
2511 1487 2713 1561 G.C.H.T
666 1498 2650 1641 bemühen muss; Sie werden ja aus den Akten alles Nähere ersehen.
811 1578 2837 1738 Ich glaube nicht, ob sich unsere Filiale in Wien in Zukunft auch
663 1709 2804 1863 noch noch mit dem Druck von Büchern beschäftigen wird; die österrei-
663 1806 2875 1969 chischen Verhältnisse lassen das nicht als vorteilhaft erscheinen. Wir
669 1919 2816 2076 werden also für unsere Filiale einen Vertreter in Wien brauchen, der
663 2052 2855 2144 ein lebendigeres Verhältnis zum geistigen Leben Oesterreichs hat, als
666 2094 3047 2277 es unserm bisherigen Vertreter seiner Natur nach möglich ist. (Unter uns
2656 2165 3056 2295 gesagt,
832 2227 2778 2360 Wenn ich von den täglichen Schwierigkeiten und dem Gefühl all-
675 2348 2887 2484 gemeiner Unsicherheit absehe, geht das Leben bei uns relativ ruhig sei-
669 2437 2943 2573 nen gewohnten Weg. Gern würden wir im Sommer wieder mal nach Oesterreich
675 2529 2884 2671 kommen, aber in diesem Sommer werden die österreichischen Verhältnisse
678 2656 1410 2798 das wohl kaum zulassen.
1202 2721 1957 2893 Mit herzlichen Grüssen
2191 2810 2322 2961 Ihr
2251 2840 2890 3068 F fische
773 3020 2938 3240 Die Abschriften der Gutachten für den "Reigen" gehen gleichzeitig an
678 3213 2943 3408 Sie ab, leider nicht eingeschrieben, da das zur Zeit nicht zulässig ist.
