3160 3879
450 336 643 430 3 Blatt
1187 304 2046 503 S. FISCHER /VERLAG
696 605 2870 804 Dass wir Friese hauptsächlich gebundene Exemplare geliefert haben,
590 722 2145 897 liegt daran, dass das Lager doppelt so gross se
2136 774 2733 909 ein müsste, wenn er
584 862 2817 988 gebundene und broschierte Exemplare bekommen sollte. Es kommt hinzu,
596 976 2765 1061 dass die Auslieferung von Friese uns mindestens 12 ¾ Extraspesen
590 1043 2905 1204 kostet. Einen Teil dieser Spesen muss uns der Gewinn am Einband herein-
593 1169 2829 1303 bringen. Die Einbände sind teurer geworden, Sie vergessen aber, dass
596 1236 2887 1400 auch die Herstellung der Einbände um das Zwei- und Dreifache gestiegen
584 1371 2756 1517 ist, und das, was uns am Einband bleibt, ist in den meisten Fällen
593 1473 2788 1581 der einzige Gewinn, den wir haben. Die Herstellungskosten sind auch
590 1590 2697 1689 in den letzten Wochen wieder bedeutend gestiegen, die Erhöhungen
584 1683 2803 1789 unserer Ladenpreise sind geringer als die der allermeisten Verleger,
576 1777 2706 1905 und sie reichen zur Deckung der Selbstkosten nicht annähernd aus.
573 1894 2782 2014 Geradezu katastrophal gestalten sich auch die Vertriebsspesen durch
579 1993 2870 2095 ungeheure Steigerung der Löhne und sonstigen Unkosten. Es ist mir ganz
576 2087 2832 2206 angenehm, dass ich Gelegenheit habe, auf diese Frage hier einzugehen;
576 2189 2768 2315 ich habe offen gestanden bei Ihnen für diese Schwierigkeiten bisher
582 2303 2338 2396 immer nur eine durchaus unberechtigte Skepsis gespürt.
1949 2379 2069 2432 G.C.P.
704 2385 2852 2528 Es ist anzunehmen, dass die Verkehrsverhältnisse durch die Wieder-
570 2478 2806 2639 einführung des direkten Verkehrs über Böhmen annähernd auf den alten
567 2604 2852 2730 regulären Weg kommen. Aber selbst wenn das nicht der Fall sein sollte,
567 2689 2768 2826 so ist die Versorgung des ganzen österreichischen Buchhändels nicht
2081 2803 2204 2858 Gouvernement
561 2823 2712 2952 durch Friese notwendig. Wir haben ja auch während des Krieges und
564 2908 2867 3025 während der schlimmsten Verkehrsnot mit dem österreichischen Sortiment
564 3013 2738 3136 gut gearbeitet, und es kommt dann nur darauf an, dass Friese nicht
567 3115 2800 3270 versagt und sein eigenes Lager so beobachtet, dass er immer genügend
555 3197 2233 3361 Exemplare für den vorkommenden Bedarf vorrätig hat.
690 3340 2665 3463 Von "Weiten Land» haben wir noch 350 Exemplare vorrätig, von
564 3399 2914 3565 «Bernhardi» ist eine neue Auflage gedruckt worden. Wir haben reichlichen
