3149 3977
970 385 2538 570 Kreisämtl. golt9 & p.p.
844 502 1007 619 auch
2516 539 2670 641 w. rn.
847 604 2692 755 2)Öd! ait’o)bach! ottulisidorsinodl. 20t’J’ gfO! nogöf. mnft
1349 696 2193 792 00 à 3 à 0 1/2 0/0 rt à 0/2 rue à 1/16.
767 755 2735 862 Verhandlungen über " Grosse Szene " ( Skandinvien) mit 6%
1420 838 2054 942 (3)3
2507 838 2612 918 1o5
770 841 1263 998 abgeschlossen
1173 983 2824 1115 3. Die Direktion des Deutschen Landestheaters hat
2495 1060 2677 1127 G.H.F.P.
776 1084 2794 1214 auf unsere Depesche " Reigen " betreffend die im Sinne Ihrer
1765 1158 2270 1241 Von 'nndo rindor/
2316 1167 2409 1238 .T
770 1180 2923 1318 Anweisung an sie abging, nicht reagiert. Wir haben die Direktion
767 1303 2920 1423 prinzipiell daven verständigt, dass auf Sie entfallende Beträge
770 1426 2944 1531 an die Zivnostenska Banka, Prag zu Gunsten der Bodenkreditanstalt,
758 1531 2787 1651 Wien auf Ihr Konto zu überweisen sind. Allerdings lassen wir
675 1620 3018 1756 die auf uns entfallende Provision der Einfachheit halber nicht erst
767 1759 2923 1851 von diesen Beträgen abziehen, sondern werden Ihnen dieselben von
742 1857 1808 1996 Fall zu Fall hier in Rechnung
1866 1863 2365 1987 llen.
533 1925 2871 2104 4. Der an Sie gerichtete Brief von Dr. Eirich be-
607 2061 696 2202 P.S.
748 2079 2886 2205 treffend Jugo-Slavien war bereits vorher auch an uns gelangt. Da
582 2193 2806 2319 wir gleich Ihnen ein solches Abkommen für vorteilhaft halten,
557 2298 3037 2433 haben wir dieses zunächst für ein Jahramit Dr. Eirich abgeschlossen.
554 2402 2954 2516 Wird fragen ergebenst an, ob die sich hieraus ergebenden Geschäfte
721 2519 2938 2680 unserem Wirkungsbereich angehören sollen oder ob Sie es vorziehen
570 2624 2670 2781 ein diesen Fragen direkt mit Dr. Eirich zu verhandeln.
554 2747 2911 2871 In der Angelegenheit Bartsch haben wir nun end-
524 2831 2957 2951 - ich sich eine Auskunft erhalten, die wir Ihnen abschriftlich beilegen.
530 2957 2824 3092 gönne Wir ersuchen um gefällige Meinungsäusserung. Wir unsererseits,
598 3055 2806 3185 obwohl sich ja bei der herrschenden Rechtlosigkeit nicht sehr
752 3166 2954 3302 viel machen lassen wird, werden Herrn Bartschegegenüber betonen,
570 3293 2892 3434 xxx dass xxx in seiner Darstellung vollkommen unaufgeklärt bleibt,
745 3403 2932 3520 wo das Geld sich während der Zeit von 1916 bis 1919 befunden hat.
681 3471 1309 3551 manis! Mon goI mais il nou n»llo£
1823 3499 2790 3567 nur sid xxx nadod ugnugmihs& ustnnen» uado slt
678 3536 1962 3668 nennöt xxx
2036 3545 2125 3622 adm Ia
2150 3551 2248 3631 Grunde
2341 3542 2787 3665 adw noortaff abasbischkeit
