3037 4184
1160 261 2315 431 936 Gratulaten Fich
1009 386 2438 532 b. Fischer Verlag / Berlin W57 Bülowstratze 90.
1373 484 2025 609 AKTIENGESBLISCHAFT
708 583 2688 681 Bankkonto: Deutsche Bank, Depositenkasse P in Berlin / Postscheckkonto Berlin Nr. 16692
1139 657 2267 729 Fernsprechanschlüsse: Amt Lützow Nr. 6162 bis 6164
1136 713 2254 825 Telegramm-Adresse: Fischerverlag 6162 Berlinlützom
2265 721 2366 828 26
2459 689 2864 878 November 1929.
495 852 1067 1019 zurück zu übergermeisten.
474 971 1147 1115 Herrn
1727 977 2230 1096 und xxx
1402 990 1498 1080 G.F.P.
1075 1064 2257 1211 Dr. Arthur Schnitzler
482 1072 998 1227 resuA teselh di
2196 1150 2353 1256 G.C.H.F:
1176 1182 1283 1272 G.F.P.
2262 1240 2528 1325 Wien 13
2166 1331 2749 1477 Sternwartestr. 71
796 1544 1985 1730 Sehr verehrter Herr Dr. Schnitzler,
979 1674 2914 1804 Herr Fischer wird am 24. Dezember 70 Jahre alt. Wir glauben,
806 1802 2866 1900 daß wir Herrn Fischer eine Freude bereiten würden, wenn wir ihm
806 1866 2893 1996 die Glückwünsche der Autoren des Verlages gesammelt überreichen.
809 1972 2885 2062 Wir werden zu diesem Zweck die Photographien der Autoren gleich-
790 2044 2930 2174 mäsig vergrößern lassen und planen, diese einzeln auf Büttenkanton
801 2140 2919 2259 aufzuziehen, so, daß unterhalb des Bildes ein Raum für einen hand-
806 2233 2792 2347 schriftlichen Glückwunsch des betreffenden Autors freibleibt.
990 2326 2864 2459 Wir laden Sie hierdurch ergebenst ein, sich an dieser ge-
798 2419 2869 2560 meinsamen Form der Gratulation zu beteiligen und schicken Ihnen
809 2547 2890 2643 gleichzeitig zwei Exemplare des Büttenkartons (eines als Reserve
806 2616 2893 2720 für den Fall, daß die erste Niederschrift nicht zu Ihrer Zufrie-
809 2688 2858 2805 denheit ausfällt). Im oberen Teil dieses Blattes wird, wie be-
801 2792 2808 2911 reits erwähnt, die Photographie später eingeklebt, während im
801 2882 2935 3010 unteren Teil mit Bleistiftwinkel der Raum für die handschriftliche
796 2983 1637 3103 Eintragung angegeben ist.
993 3068 2866 3178 Falls Ihnen unser Vorschlag angenehm ist, bitten wir Sie,
801 3151 2914 3316 uns das eine Blatt möglichst bald wieder zurückzuschicken, da die
