3296 4151
1241 497 2225 738 S. Fischer. Verlag. Berlin
2797 638 3062 771 vom 4/6
1705 669 2659 818 Schnitzler Blatt II
1492 696 1595 774 ern.
1490 755 1592 818 adresse
799 688 1506 862 Fortsetzung Brief an Ho:
1711 995 2158 1117 auf xxx
1564 981 1653 1119 G.F.P.
575 989 1503 1161 unsegnnet xxx xxx
862 1042 3046 1238 soweit rückwirken, dass man auch die Rotter'schen Abrechnungen noch
1899 1139 2261 1213 G.C.H.F.P
2479 1128 2617 1197 G.M
865 1158 2985 1349 nachprüfen kann, denn die dürften wohl überhaupt nicht mehr vor-
2114 1235 2626 1307 sa dola etä aasb.
860 1260 3082 1426 handen sein; im allgemeinen besteht ja die Pflicht zur Aufbewahrung
625 1246 796 1387 G.F.P
2006 1349 2200 1415 31sdo3
658 1335 746 1468 19
862 1410 2330 1553 von Büchern nur für die Dauer von 10 Jahren.
2280 1387 2631 1509 Wm:r ei3 fol
1937 1451 2272 1520 pev hiefe
1161 1473 2838 1633 Ueber die verlegerischen Fragen habe ich mit Herrn
1901 1559 2073 1625 G.A.F.P
904 1564 1053 1655 G.H.F.D.
882 1570 3040 1755 Fischer gesprochen. Er meint, dass jetzt, wo zwei neue Bücher von
2092 1655 2269 1727 G.F.P.
2349 1655 2435 1708 G.H.F.P
1896 1669 2034 1727 G.H.F.P.
887 1658 3012 1846 Ihnen herausgebracht wurden, die Neuauflage eines älteren Werkes
807 1678 934 1758 G.H.F.P.
2504 1747 2623 1813 V.S.
890 1774 2985 1954 wie "Casanovam nicht vorteilhaft wäre, natürlich sowohl für die
644 1774 790 1888 schef.
506 1780 602 1871 Bn:
2377 1852 2628 1918 ntbrieff.
2142 1866 2286 1921 doue
1888 1868 1979 1926 15.
884 1868 3073 2059 Neuauflage selbst wie selbstverständlich insbesondere für die noch
448 1868 749 1982 erdo :en
2509 1959 2601 2015 .
1982 1973 2147 2040 G.C.F.P.
898 1959 2985 2161 vorhandenen Vorräte der teueren Ausgabe. Wir haben noch ca. 1200
489 1954 696 2076 G.H.F.P
2181 2056 2595 2131 G.I.F.H.V.S.
893 2078 3046 2236 Exemplare davon, sodass er vorschlagen würde, die Neuauflage ohne
492 2089 605 2178 fait
514 2156 611 2214 V.
2062 2158 2642 2239 sichsraO-nemeldos
1606 2181 2009 2255 G.C.H.F.G.S.
895 2189 2990 2330 Illustration erst zu Anfang des nächsten Jahres zu bringen. Der
901 2286 3021 2435 Erlös für die Vorräte der alten Ausgabe betrug ca. 1600.- M. und
818 2396 970 2487 nous avons
901 2393 3024 2556 Ihr 20%iger Anteil etwa M.320.-, eine Erleichterung für den Ver-
901 2471 3035 2639 kauf der neuen Auflage würde sich aus Ihrem freundlichen Angebot
907 2617 1841 2775 somit ohnehin nicht ergeben.
1233 2645 3123 2836 Was den „Reigen" betrifft, so scheint die Situation jetzt
915 2811 3104 2935 seit dem I-krafttreten des Schund- und Schmutzgesetz für die Ueber-
915 2902 3048 3065 nahme des Buches recht ungünstig zu liegen. Es ist mir nicht be-
912 3032 3046 3176 kannt, wie es mit der rechtlichen Seite der Angelegenheit steht,
923 3115 2979 3267 es scheint ja, dass das Verbot noch nicht aufgehoben ist, denn
926 3231 2988 3358 mir ist niemals eine Anzeige von Harz zu Gesicht gekommen. Der
929 3286 2993 3485 Verlagswechsel hätte natürlich nur einen Sinn, wenn damit eine
923 3399 2966 3604 Propaganda verbunden sein könnte und dies scheint jetzt nicht
926 3571 1487 3717 möglich zu sein.
