2899 4007
1201 293 1445 400 1499
2023 359 2489 491 Blatt 2....
332 321 2001 485 S. FISCHER, VERLAG, BERLIN, Sohnitzler 6. April
625 447 888 554 Theaterabteilung
970 532 1124 652 G.H.F.P
480 515 795 647 recht, wenn es von seiner Vortragung ge¬
469 556 2612 721 stellt es sich nun heraus, dass die Tantiemen teilweise bei den
485 683 1332 757 xxx sch xxx Noaldnebi Ja
469 683 2552 853 einzelnen skandinarischen Theatern liegen gelassen wurden, mit
458 792 715 874 dssgen
1044 798 1160 866 F.J.
1190 795 1384 872 G. A.P.F.
1467 789 1700 874 G.C.H.P.
466 789 2492 943 dem bisher im allgemeinen nicht ausgeführten Auftrag, sie an
1656 913 1763 984 se ds
466 910 2615 1050 uns direkt zur Auszahlung zu bringen, teilweise wieder geschieht
200 1017 1171 1110 Liteslewnos eril aasb.nemmons
1291 1020 1387 1088 D.F.P.
469 1039 2634 1165 die Auszahlung durch das Deutsche Theater selbst. Es ist nunmehr
408 1121 1077 1206 Kamte xxx nachstaaöne
466 1124 2421 1286 in Kopenhagen, Christiania, Stockholm und Gothenburg alles
463 1236 2601 1376 nötige veranlasst worden, um eine rasche Erledigung zu erzielen.
1236 1351 1351 1420 G.C.F.P
482 1357 795 1464 mendl zw
869 1343 2486 1469 In Rumänien haben wir keinen Vertreter, Anfragen
458 1458 965 1530 Gesammel maios.
302 1467 422 1538 se de
471 1450 2585 1587 die von dort in Theater=und Uebersetzungsangelegenheiten an uns
466 1573 625 1642 G.H.F. N. P.
307 1584 422 1645 .Td
466 1560 2667 1691 gerichtet worden sind, mussten wir zunächst dilatorisch behandeln,
521 1683 888 1760 beinahe ik
474 1686 2519 1812 da uns die Personen unbekannt waren. Sobald wir jemand wissen
1198 1798 1332 1864 door
471 1790 929 1864 neb. mezellnog
466 1787 2385 1933 der wir Ihnen empfehlen können, werden wir dies gern tun.
729 1908 902 2018 re de
872 1897 2588 2029 Was Ihre italienischen Angelegenheiten betrifft, so
1382 2007 2086 2078 vrai tätäjttättävärjttttttärttttt.
543 2007 1316 2086 sich xxx anlhrefft xxx
477 2009 2593 2144 entwickeln diese sich wenig günstig. Wenn wir von Levy, Florenz
1143 2124 1554 2212 Votre très obéissant serviteur et à
1711 2116 1938 2190 . Heaei
238 2089 329 2226 as:
529 2130 822 2209 it ae f oe r
471 2111 2656 2251 absehen, sind unsere gesamten Zuschriften bis jetzt unbeantwortet
2105 2226 2193 2294 P.S.
1746 2226 2034 2300 es leerend
1075 2234 1458 2314 siitseis tes
499 2242 798 2311 dans la fois de ses
477 2218 2533 2363 geblieben. Wir glauben, dass dies daran liegt, das die Ueber
1634 2344 1752 2423 aa e e
1135 2355 1338 2418 dans la faveur
510 2355 633 2423 1938.
853 2352 951 2418 B.S.P.
485 2327 2654 2478 setzer im allgemeinen nicht in der finanziellen Lage sind, selbst
1450 2453 1647 2527 abnad
310 2448 469 2569 G.H.F.
584 2462 724 2533 a eet
809 2462 976 2541 a été d
488 2451 2558 2580 Garantien zu leisten, und daher von Ihrer Uebersetzungsabsicht
776 2569 891 2637 G.F.P.
1042 2569 1231 2648 G.F.P.
480 2552 2495 2689 zurückkommen. Wenn wir hier wie im Falle Dr. Levy mit etwas
510 2678 746 2749 "T" ami i
376 2654 458 2755 Jb
485 2681 2495 2815 grösserer Freiheit verfahren könnten, so wären die Resultate
488 2774 2599 2944 entschieden besser. Wenn wir auf dem Grundsatz bestehen bleiben
482 2919 2527 3046 dass die von den Uebersetzern gewonnenen Verlage oder Theater
482 3035 2489 3150 Garantien bezahlen müssen, so wäre ja wohl keine allzugrosse
488 3120 2467 3243 Gefahr dabei, wenn wir in einzelnen Fällen an Personen, die
491 3235 2525 3350 durch ihre Stellung oder andere Momente vertrauenswürdig er-
482 3339 2475 3473 scheinen, Uebersetzungsrechte auch ohne Vorgarantie unter
496 3446 2198 3583 entsprechenden Vorsichtemassregeln vergeben würden.
921 3531 2604 3660 Was "Reigen " in Zürich anbetrifft, so werden wir
518 3640 2530 3777 mit Herrn Direktor Wensler in dem von Ihnen gewünschten Sinne
