3068 3993
1262 308 1466 470 his
595 338 2579 573 Fischer/Verlag/Berlin M 57/Bülowstraße 90.
1948 530 2381 637 Oto: Berlin Nr. 16892
744 540 1741 662 to: Deutsche Bank. Depositenkasse P in Berlin / P.
884 631 1652 771 Fernsprechenschlüsse: Amt Lützow Nr.
1707 613 2067 765 6162-6164
2067 704 2500 841 25. April 23
305 756 488 905 F/Si.
695 838 1610 1091 Herrn Dr. Arthur Schnitzler
2009 930 2171 1143 Wien
1851 1027 2006 1189 G.F.P.
1738 1040 1835 1140 P.S.
1274 1073 1366 1165 G.F.P.
2067 1116 2570 1250 G.C.H.F.P.
1878 1162 1969 1274 G.C.P.
942 1149 1384 1314 G.C.H.F.P.
415 1186 909 1323 Lieber Freund,
579 1210 2707 1396 wir werden also die Schlussabrechnung für die Gesamtausgaben bis
418 1329 2817 1497 zum 31. Dezember nach dem alten Modus und für die Einzelausgaben bis zum
131 1387 223 1503 G.F.P.
421 1433 2841 1610 31. Dezember nach dem neuen Modus anfertigen und Ihnen sobald wie möglich
2213 1567 2369 1671 G.C.F.P
433 1598 814 1735 zuschicken.
552 1622 2790 1817 Auf den anderen Teil Ihres Briefes komme ich am besten gelegentlich
436 1759 2869 1945 Ihres Besuches in Berlin zurück; erlauben Sie mir aber nur soviel heute zu
439 1884 2857 2000 sagen, dass für die Honorierung lediglich die Kalkualtion massgebend sein
442 1960 2762 2159 müsste; sie ist es unserm Falle nicht.
445 2079 2713 2235 geringen Ausnahmen können wir von Ihren Büchern grosse Auflagen nicht
1957 2085 2878 2250 wirkt aber so verfenernd
445 2198 2851 2366 drucken; xxx die Herstellung kleiner Auflagen xxx dass sich in
448 2299 2860 2442 den Preisen Ihrer Bücher nicht der ### notwendige Ladenpreis ausdrücken
1329 2384 1588 2457 schwer
445 2354 2777 2549 kann, wenn die Bücher nicht xxxverkäuflich bleiben sollen. Es ist über-
890 2405 1079 2476 sie
460 2506 2872 2659 flüssig zu sagen, dass kein Verlagsbetrieb nach einem anderen Prinzip kal-
454 2601 2784 2744 kulieren dürfte, wenn er seine Existenz nicht völlig aufs Spiel setzen
463 2716 2915 2832 will. Würde ich nach dem Rang des Autors zu kalkplieren haben, dann brauch-
473 2777 2884 2942 ten wir doch kein Wort darüber zu verlieren, dass Sie an erster Stelle zu
470 2902 2790 3052 stehen hätten, aber dieses Vergnügen können wir uns leider heute nicht
1140 3018 1253 3088 dare
473 3034 2820 3162 leisten. Wiederholt xxx ich aber daran hinweisen, dass Ihr Honorarsatz
1344 3104 1884 3180 Rechnung trag,
1723 3085 2887 3250 denn sonst wäre es ganz unmöglich,
479 3162 1546 3274 dennoch Ihrem Rang als Autor a###
1741 3204 1933 3317 auch
2094 3207 2887 3360 gebundenen Exemplar anzu-
488 3226 1604 3393 Ihnen 15 % auch vom gebundenen und
1058 3378 1174 3454 G.H.F.P
473 3338 991 3479 bieten.
637 3454 2930 3598 Sie schreiben, dass neuerdings wieder beglaubigte Klagen über schwieri-
1896 3543 2915 3698 bestehen. Mir ist bekannt, dass
491 3537 1515 3750 ge Beschaffung der Bücher meine
