2898 4053
1001 312 1747 566 FISCHER/VERLAGE
157 374 349 566 8. Blatt
294 540 1155 740 Dr.A. Schnitzler 20/3. 22
343 740 2530 932 Teil der Journalisten und Schriftsteller, sowie Zeitungen und Zeit-
337 875 2621 1018 schriften werden wir doch auch feststellen müssen, ob auf die damalige
343 963 2573 1126 Zusendung irgend eine Reaktion erfolgt ist. - Von »Dr.Gräsler» lasse
349 1049 2601 1249 ich Ihnen drei gebundene Exemplare zugehen, "Komödie der Worte " wird
343 1221 792 1352 neu gedruckt.
440 1255 2619 1424 Es ist nicht ausgeschlossen, dass ich Anfang April auf drei Wochen
352 1375 2650 1541 zu meiner Erhlung von der winterlichen Grippe verreisen muss. Wenn Sie
354 1501 2584 1635 Ende April nach Berlin kommen, so werden Sie mich mit viel grösserer
357 1627 1684 1770 Wahrscheinlichkeit antreffen als früher.
1241 1724 2001 1872 Mit herzlichen Grüssen
1535 1847 1667 1967 Ihr
1592 1918 2284 2164 fisilie.
