3140 4056
741 468 2675 659 1. Sämtliche Zahlungen haben direkt von den Fabriken an ein
556 556 2667 730 besonders zu errichtendes Konto zu  erfolgen, über das dem Verlage
550 722 1794 847 das alleinige Verfügungsrecht zusteht.
736 794 2654 929 2. Für Abschlüsse ist nur ein besonders dazu hergestelltes,
553 857 2646 1016 vom Verlage genehmigtes Vertragsformular zu verwenden. Die Ver-
550 982 2538 1143 letzung dieses Punktes ist unter eine hohe Konventionalstrafe
556 1069 1709 1228 (gegenwärtig Mk. 20.000) zu setzen.
746 1122 2588 1265 3. Für alle Ansprüche, die dem Verlage aus irgendwelchen
564 1225 2649 1360 Vertragsverletzungen seitens des mitbeteiligten Dritten oder sei-
556 1315 2630 1458 ner Bevollmächtigten entstehen könnten, sind entsprechende Bürg-
564 1408 2636 1551 schaften zu schaffen (gegenwärtig die selbstschuldnerische Bürg-
566 1508 2665 1683 schaft des Geschäftsführer der Geschaftsstelle des Verbandes deut-
566 1646 1188 1773 scher Filmautoren).
765 1683 2667 1831 4. Es ist Vorsorge zu treffen, daß dem mitbeteiligten Drit-
564 1786 2675 1905 ten übertragene Teilrechte am einzelnen Werk, falls kein Abschluß
566 1858 2659 2043 zustandekommt, spätestens innerhalb eines Jahres zuzüglich einer
564 1953 2683 2091 angemessenen Kündigungsfrist wieder zurückgenommen werden können.
762 2077 2646 2178 5. Es ist Vorsorge zu treffen, daß von evtl. sich ergeben-
569 2133 2691 2292 den Sondereinnahmen (aus Bearbeitungen der Bücher u. dgl.) die dem
572 2244 2599 2376 mitbeteiligten Dritten über den ihm zustehenden Provisionssatz
561 2334 2577 2458 hinaus zufließen sollten, dem Verlage Mitteilung gemacht wird.
569 2437 2593 2556 Der Verlag verpflichtet sich, hierüber eine entsprechende Kon-
582 2543 1143 2681 trolle auszuüben.
1532 2622 1686 2718 § 4.
765 2707 2607 2821 Der Verlag bemüht sich grundsätzlich als Honorar für die
587 2781 2654 2908 Verfilmung eine prozentuale Beteiligung am Umsatz des Films usw.
580 2898 2607 3011 bezw. am Reingewinn zu erzielen, andernfalls aber einen festen
569 2988 2572 3088 Preis. Unter allen Umständen ist die sofortige Zahlung einer
580 3062 2704 3197 nicht rückzahlbaren Garantie durchzusetzen, von deren Erlegung der
572 3168 2411 3329 Uebergang des Verfilmungsrechtes abhängig zu machen ist.
1551 3310 1707 3432 § 5.
765 3334 2686 3498 Feste Honorare und Garantien werden bis spätestens 14 Tage
585 3467 2681 3615 nach Einzahlung seitens der Fabriken, Beträge, die sich aus pro-
585 3549 2704 3739 zentualer Beteiligung am Umsatz oder Reingewinn ergeben, an jedem
2773 1950 2916 2091 semme.
2768 2051 2908 2188 er —
2771 2355 2903 2501 den
