3150 3991
910 666 2159 820 setzt freilich voraus, dass Sie besser
885 784 2668 946 über unser Lager ständig so führen, dass Sie Nachbeste
832 916 2604 1047 spät an uns gelangen lassen. Darüber sind Klagen immer
781 1005 2576 1126 gelangt, und besonders jetzt, wo Transportschwierigkeit
2013 1084 2248 1151 G.C.H.F.P.
829 1117 2324 1246 es notwendig, dass Sie lange vorher bestellen
2360 1123 2604 1235 damit w
1837 1190 2332 1268 a le 2e de 2e à 3e decembre ses huit.
594 1215 2514 1316 nichst in Sammelladung die best Iiten Bücher liefern können.
2548 1240 2629 1341 Die
1980 1291 2164 1350 G.C.F.P.
529 1299 2167 1450 nutzung des Wiener Bücherwagens ist zu kostspielich
2232 1294 2582 1442 und könnte
526 1422 1884 1551 die Dauer von uns nicht getragen werden.
655 1518 2682 1644 Wir nehmen an, dass Sie früher zu unsern Originalpreisen, ohne
526 1599 2775 1730 Partieexemplare, aber auch ohne Berechnung von irgend welchen Spesen
521 1714 2736 1837 dem Sortiment unsere Bücher geliefert haben. So muss es auch weiter
524 1837 2674 1952 bleiben. Es sind Klagen zu uns gelangt, dass Sie Fakturen über ge-
512 1924 2702 2064 ferte Bücher nicht jedesmal mitschicken und erst nach einiger Zeit
2080 2008 2310 2075 G.C.F.P.
512 2022 2741 2176 im Interesse eines Valutagewinns, zum Nachteil des Sortimenters fak-
504 2136 2758 2251 turieren. Eine Auslieferung, die in dieser Weise verführt, schädigt
515 2248 2764 2360 unser Interesse, wir müssten also darauf halten, dass Sie zu dem je-
1915 2318 2066 2383 G.C.H.F.P
2369 2318 2716 2397 G.C.H.F.P.S.
512 2358 2741 2439 weils von der Buchhändlerkorporation festfesetzten Kurs fakturieren.
1991 2422 2103 2486 G.C.F.P.
507 2433 2696 2540 Wir haben von einer Firma ein sehr krasses Exempel gehört, wonach
1772 2520 1910 2579 G.C.F.P.
2428 2534 2654 2598 G.H.F.P.
515 2514 2677 2674 eine Sendung von M 49,50 mit 103 Kronen 95 Heller berechnet haben,
1840 2618 1940 2685 G.C.F.P
507 2615 2618 2783 während dieser Betrag die Firma nur 80 Kronen gekostet hätte und
1638 2722 1820 2792 G.C.F.P.S
1865 2730 2192 2800 G.C.F.P.
496 2744 2262 2895 nur 64 Kr. 38 H. gekostet hat. Sie werden zugeben, da
507 2850 1100 2960 Verhältnisse sind.
899 2915 1106 2985 G.C.H.F.P.S.
1179 2867 1534 2988 G.C.H.F.P.S.
767 2887 1725 3080 wollen also das alte Verhältnung
871 3027 1585 3091 3F.S.C.M.F.K.V.S
672 3066 1644 3133 Ihre zwischen uns bestanden hat
882 3125 1456 3192 3 actes de la nouvelle ses aveaux.
568 3111 680 3234 votre
840 3170 1554 3290 mit einem ausgedehnte
930 3223 1221 3290 G.C.F.P.
521 3259 692 3338 önne
851 3273 1330 3388 nicht verewigen
1086 3332 1218 3382 G.F.P.
384 3590 473 3679 O. 2###8
871 3713 955 3825 P.
