<?xml version="1.0" encoding="UTF-8" standalone="yes"?>
<PcGts xmlns="http://schema.primaresearch.org/PAGE/gts/pagecontent/2013-07-15" xmlns:xsi="http://www.w3.org/2001/XMLSchema-instance" xsi:schemaLocation="http://schema.primaresearch.org/PAGE/gts/pagecontent/2013-07-15 http://schema.primaresearch.org/PAGE/gts/pagecontent/2013-07-15/pagecontent.xsd">
    <Metadata>
        <Creator>prov=READ-COOP:name=TrHtr:version=2.1.0:model_id=51170:date=27_07_2023_22:32</Creator>
        <Created>2023-05-02T08:11:48.100+02:00</Created>
        <LastChange>2023-07-27T22:32:48.360+02:00</LastChange>
        <TranskribusMetadata docId="1416743" pageId="54955044" pageNr="590" tsid="131306263" status="IN_PROGRESS" userId="64420" imgUrl="https://files.transkribus.eu/Get?id=OSDHIMIXCMHJVBQEHSBWEGLY&amp;fileType=view" xmlUrl="https://files.transkribus.eu/Get?id=OBNRNFRMUODTZMCUMPEHOBPJ" imageId="44458769"/>
    </Metadata>
    <Page imageFilename="1416743_0590.jpg" imageWidth="3041" imageHeight="3880">
        <ReadingOrder>
            <OrderedGroup id="ro_1711826561849" caption="Regions reading order">
                <RegionRefIndexed index="0" regionRef="tr_1"/>
                <RegionRefIndexed index="1" regionRef="tr_2"/>
            </OrderedGroup>
        </ReadingOrder>
        <TextRegion id="tr_1" custom="readingOrder {index:0;}">
            <Coords points="462,415 2695,415 2695,2194 462,2194"/>
            <TextLine id="tr_1_tl_1" custom="readingOrder {index:0;}">
                <Coords points="1904,483 1924,492 1961,486 1978,503 2041,495 2058,509 2070,503 2078,517 2118,517 2130,337 2081,317 2058,320 1967,272 1935,286 1915,283"/>
                <Baseline points="1919,480 1948,474 1993,471 2038,474 2083,465 2128,468"/>
                <TextEquiv>
                    <Unicode>1</Unicode>
                </TextEquiv>
            </TextLine>
            <TextLine id="tr_1_tl_2" custom="readingOrder {index:1;}">
                <Coords points="1724,575 1778,592 1830,572 1881,592 1933,577 1964,600 2058,600 2061,500 2041,492 1955,520 1901,512 1872,489 1844,492 1787,529 1727,509"/>
                <Baseline points="1740,561 1754,561 1799,558 1844,558 1889,555 1934,552 1978,549 2023,549 2068,546"/>
                <TextEquiv>
                    <Unicode>reich nur vermildenden</Unicode>
                </TextEquiv>
            </TextLine>
            <TextLine id="tr_1_tl_3" custom="readingOrder {index:2;}">
                <Coords points="678,626 780,658 803,640 860,646 912,620 955,620 958,346 895,369 872,346 846,349 823,332 792,346 740,317 683,329"/>
                <Baseline points="692,605 737,602 781,605 826,605 871,602 916,602 961,599"/>
                <TextEquiv>
                    <Unicode>Décembre</Unicode>
                </TextEquiv>
            </TextLine>
            <TextLine id="tr_1_tl_4" custom="readingOrder {index:3;}">
                <Coords points="1063,695 1121,718 1318,675 1355,712 1564,658 1632,695 1678,669 1815,698 1821,592 1732,580 1635,609 1472,580 1352,623 1221,606 1069,629"/>
                <Baseline points="1083,677 1110,677 1155,677 1199,677 1244,674 1289,674 1334,671 1378,668 1423,665 1468,665 1513,662 1557,659 1602,656 1647,653 1692,653 1737,650 1781,644 1826,644"/>
                <TextEquiv>
                    <Unicode>OMUUISTHASSTAHT.</Unicode>
                </TextEquiv>
            </TextLine>
            <TextLine id="tr_1_tl_5" custom="readingOrder {index:4;}">
                <Coords points="443,875 1993,826 2347,726 2559,772 2690,752 2693,649 449,720"/>
                <Baseline points="462,793 492,787 537,787 582,787 626,787 671,787 716,787 761,784 805,784 850,784 895,781 940,778 984,776 1029,776 1074,776 1119,776 1164,773 1208,773 1253,773 1298,770 1343,767 1387,764 1432,764 1432,764 1441,758 1486,758 1531,755 1575,755 1620,752 1665,752 1710,749 1754,746 1799,746 1844,746 1889,740 1934,740 1978,737 2023,737 2068,737 2113,734 2157,731 2202,731 2247,728 2292,728 2336,725 2381,722 2426,722 2471,722 2516,719 2560,719 2605,716 2650,713 2695,710"/>
                <TextEquiv>
                    <Unicode>Mühewaltung anderweitig schadlos halten. Wenn Brandt &amp; Kirpatrick</Unicode>
                </TextEquiv>
            </TextLine>
            <TextLine id="tr_1_tl_6" custom="readingOrder {index:5;}">
                <Coords points="460,975 1518,886 2336,926 2361,772 463,869"/>
                <Baseline points="477,919 486,919 531,916 576,919 620,916 665,916 710,916 755,913 799,913 844,910 889,910 934,907 978,904 1023,904 1068,904 1113,904 1158,904 1202,904 1247,898 1292,895 1337,895 1381,892 1426,889 1471,886 1516,883 1560,883 1605,883 1650,880 1695,877 1740,877 1784,874 1829,874 1874,871 1919,868 1963,868 2008,865 2053,862 2098,856 2142,856 2187,856 2232,853 2277,850 2322,850 2366,853"/>
                <TextEquiv>
                    <Unicode>mir keine Mitteilung von dem Erscheinen Ihres Komans bei</Unicode>
                </TextEquiv>
            </TextLine>
            <TextLine id="tr_1_tl_7" custom="readingOrder {index:6;}">
                <Coords points="460,1126 2427,1041 2656,978 2661,869 469,969"/>
                <Baseline points="483,1044 513,1041 558,1041 602,1041 647,1041 692,1038 737,1035 781,1032 826,1035 871,1032 916,1032 961,1029 1005,1029 1050,1026 1095,1026 1140,1026 1184,1023 1229,1023 1274,1020 1319,1017 1363,1017 1408,1014 1453,1008 1498,1008 1543,1005 1587,1005 1632,1005 1677,999 1722,999 1766,996 1811,996 1856,993 1901,987 1945,987 1990,987 2035,984 2080,981 2125,978 2169,978 2214,978 2259,978 2304,975 2348,972 2393,972 2438,970 2483,967 2527,964 2572,964 2617,964 2662,970"/>
                <TextEquiv>
                    <Unicode>Knopf machten, so lag dies daran, dass sie annahmen, Sie hätten,</Unicode>
                </TextEquiv>
            </TextLine>
            <TextLine id="tr_1_tl_8" custom="readingOrder {index:7;}">
                <Coords points="469,1235 2481,1155 2521,1021 475,1123"/>
                <Baseline points="486,1166 507,1164 552,1166 596,1164 641,1164 686,1161 731,1158 776,1158 820,1155 865,1152 910,1152 955,1152 999,1152 1044,1149 1089,1146 1134,1143 1178,1143 1223,1143 1268,1140 1313,1137 1358,1137 1402,1134 1447,1134 1492,1131 1537,1128 1581,1128 1626,1125 1671,1125 1716,1122 1760,1122 1805,1122 1850,1119 1895,1116 1940,1113 1984,1110 2029,1110 2074,1107 2119,1104 2163,1104 2208,1101 2253,1098 2298,1098 2342,1095 2387,1092 2432,1092 2477,1086 2522,1086"/>
                <TextEquiv>
                    <Unicode>wie in verschiedenen anderen früheren Fällen ein direktes Ab-</Unicode>
                </TextEquiv>
            </TextLine>
            <TextLine id="tr_1_tl_9" custom="readingOrder {index:8;}">
                <Coords points="472,1329 906,1378 2321,1304 2567,1275 2570,1172 477,1235"/>
                <Baseline points="489,1295 519,1295 564,1295 608,1292 653,1292 698,1292 743,1289 787,1286 832,1286 877,1283 922,1283 967,1283 1011,1280 1056,1280 1101,1277 1146,1274 1190,1271 1235,1271 1280,1268 1325,1268 1369,1268 1414,1268 1459,1265 1504,1262 1549,1259 1593,1256 1638,1256 1683,1256 1728,1253 1772,1247 1817,1250 1862,1247 1907,1247 1951,1244 1996,1238 2041,1235 2086,1235 2131,1235 2175,1232 2220,1229 2265,1226 2310,1223 2354,1223 2399,1223 2444,1220 2489,1217 2533,1214 2578,1211"/>
                <TextEquiv>
                    <Unicode>kommen mit Knopf getroffen, in das, wie in jedes ähnliche sich</Unicode>
                </TextEquiv>
            </TextLine>
            <TextLine id="tr_1_tl_10" custom="readingOrder {index:9;}">
                <Coords points="475,1487 2393,1429 2524,1404 2527,1284 906,1378 480,1324"/>
                <Baseline points="492,1426 519,1423 564,1423 608,1420 653,1420 698,1414 743,1414 787,1417 832,1414 877,1414 922,1414 967,1411 1011,1411 1056,1408 1101,1405 1146,1405 1190,1399 1235,1399 1280,1399 1325,1396 1369,1393 1414,1390 1459,1390 1504,1387 1549,1387 1593,1384 1638,1384 1683,1384 1728,1381 1772,1378 1817,1375 1862,1375 1907,1369 1951,1366 1996,1366 2041,1363 2086,1363 2131,1360 2175,1358 2220,1358 2265,1355 2310,1352 2354,1352 2399,1349 2444,1346 2489,1346 2533,1343"/>
                <TextEquiv>
                    <Unicode>einzumengen sie von mir alle 14 Tage mit den drohendsten Be-</Unicode>
                </TextEquiv>
            </TextLine>
            <TextLine id="tr_1_tl_11" custom="readingOrder {index:10;}">
                <Coords points="486,1635 2436,1541 2559,1495 2561,1409 492,1524"/>
                <Baseline points="504,1560 507,1557 552,1554 596,1554 641,1552 686,1552 731,1552 776,1552 820,1549 865,1549 910,1549 955,1549 999,1543 1044,1543 1089,1546 1134,1540 1178,1537 1223,1534 1268,1531 1313,1531 1358,1528 1402,1528 1447,1525 1492,1522 1537,1522 1581,1522 1626,1519 1671,1516 1716,1513 1760,1513 1805,1510 1850,1510 1895,1507 1940,1504 1984,1501 2029,1501 2074,1501 2119,1498 2163,1495 2208,1492 2253,1489 2298,1486 2342,1486 2387,1486 2432,1483 2477,1483 2522,1480 2566,1474"/>
                <TextEquiv>
                    <Unicode>schwörungsformeln gewartn waren (das gleiche gilt für Haath)</Unicode>
                </TextEquiv>
            </TextLine>
            <TextLine id="tr_1_tl_12" custom="readingOrder {index:11;}">
                <Coords points="486,1741 2201,1690 2559,1635 2610,1521 492,1641"/>
                <Baseline points="504,1689 507,1689 552,1689 596,1686 641,1683 686,1683 731,1680 776,1680 820,1680 865,1680 910,1677 955,1674 999,1671 1044,1671 1089,1668 1134,1665 1178,1659 1223,1659 1268,1659 1313,1659 1358,1653 1402,1653 1447,1650 1492,1650 1537,1647 1581,1647 1626,1647 1671,1641 1716,1641 1760,1638 1805,1635 1850,1632 1895,1629 1940,1629 1984,1626 2029,1623 2074,1620 2119,1620 2163,1617 2208,1617 2253,1614 2298,1611 2342,1611 2387,1608 2432,1608 2477,1605 2522,1605 2566,1602 2611,1602"/>
                <TextEquiv>
                    <Unicode>in Londen, der ja übrigens nur gelegentlich für uns arbeitet.</Unicode>
                </TextEquiv>
            </TextLine>
            <TextLine id="tr_1_tl_13" custom="readingOrder {index:12;}">
                <Coords points="926,1810 1921,1747 2104,1812 2493,1801 2613,1784 2616,1670 929,1712"/>
                <Baseline points="943,1790 967,1787 1011,1787 1056,1787 1101,1784 1146,1781 1190,1781 1235,1781 1280,1778 1325,1778 1369,1775 1414,1772 1459,1769 1504,1769 1549,1766 1593,1763 1638,1763 1683,1760 1728,1757 1772,1754 1817,1751 1862,1748 1907,1748 1951,1746 1996,1746 2041,1746 2086,1743 2131,1740 2175,1740 2220,1737 2265,1734 2310,1734 2354,1731 2399,1728 2444,1725 2489,1725 2533,1722 2578,1719 2623,1716"/>
                <TextEquiv>
                    <Unicode>An Wotitzky habe ich geschrieben, dass wir ihm die</Unicode>
                </TextEquiv>
            </TextLine>
            <TextLine id="tr_1_tl_14" custom="readingOrder {index:13;}">
                <Coords points="500,1941 1947,1870 2490,1915 2590,1898 2596,1792 506,1818"/>
                <Baseline points="516,1937 540,1937 584,1931 629,1925 674,1922 719,1919 764,1916 808,1913 853,1913 898,1913 943,1910 987,1907 1032,1907 1077,1904 1122,1901 1166,1901 1211,1901 1256,1901 1301,1895 1346,1892 1390,1889 1435,1889 1480,1886 1525,1886 1569,1883 1614,1880 1659,1880 1704,1877 1748,1877 1793,1874 1838,1871 1883,1871 1928,1868 1972,1868 2017,1865 2062,1862 2107,1862 2151,1859 2196,1856 2241,1856 2286,1853 2330,1850 2375,1847 2420,1847 2465,1844 2510,1844 2554,1841 2599,1844"/>
                <TextEquiv>
                    <Unicode>geforderte Aufführungsgaramtie vermindern, kann aber natürlich</Unicode>
                </TextEquiv>
            </TextLine>
            <TextLine id="tr_1_tl_15" custom="readingOrder {index:14;}">
                <Coords points="500,2067 1415,2018 1547,2090 1995,2087 2533,2035 2564,1904 503,1993"/>
                <Baseline points="516,2053 555,2050 599,2047 644,2047 689,2047 734,2044 778,2044 823,2041 868,2038 913,2038 958,2035 1002,2032 1047,2029 1092,2029 1137,2029 1181,2026 1226,2023 1271,2023 1316,2020 1360,2017 1405,2014 1450,2011 1495,2011 1540,2008 1584,2008 1629,2008 1674,2005 1719,2005 1763,2002 1808,1999 1853,1996 1898,1993 1942,1990 1987,1990 2032,1987 2077,1987 2122,1984 2166,1984 2211,1981 2256,1981 2301,1978 2345,1975 2390,1975 2435,1972 2480,1969 2524,1963 2569,1966"/>
                <TextEquiv>
                    <Unicode>noch keine Antwort haben. Ich vermag jedoch in den Besuch des</Unicode>
                </TextEquiv>
            </TextLine>
            <TextLine id="tr_1_tl_16" custom="readingOrder {index:15;}">
                <Coords points="492,2261 1003,2264 1198,2161 1781,2133 2501,2190 2641,2158 2644,2027 497,2130"/>
                <Baseline points="513,2184 543,2181 587,2181 632,2181 677,2178 722,2178 767,2175 811,2172 856,2172 901,2169 946,2169 990,2166 1035,2163 1080,2163 1125,2160 1169,2157 1214,2157 1259,2154 1304,2151 1349,2148 1393,2148 1438,2142 1483,2142 1528,2139 1572,2139 1617,2139 1662,2136 1707,2134 1751,2134 1796,2131 1841,2131 1886,2128 1931,2125 1975,2122 2020,2122 2065,2119 2110,2119 2154,2116 2199,2113 2244,2113 2289,2110 2333,2110 2378,2110 2423,2110 2468,2104 2513,2104 2557,2101 2602,2095 2647,2098"/>
                <TextEquiv>
                    <Unicode>Herrn Seldes, den Sie erwarten, keinen Anlass zur Beunruhigung zu</Unicode>
                </TextEquiv>
            </TextLine>
        </TextRegion>
        <TextRegion id="tr_2" custom="readingOrder {index:1;}">
            <Coords points="525,2176 2859,2176 2859,3588 525,3588"/>
            <TextLine id="tr_2_tl_1" custom="readingOrder {index:0;}">
                <Coords points="509,2318 901,2307 1049,2390 1721,2270 2353,2327 2630,2290 2636,2155 1612,2238 1335,2153 1006,2264 512,2264"/>
                <Baseline points="525,2319 537,2316 582,2313 626,2313 671,2313 716,2313 761,2313 805,2310 850,2307 895,2304 940,2301 984,2298 1029,2298 1074,2295 1119,2295 1164,2292 1208,2292 1253,2289 1298,2286 1343,2283 1387,2280 1432,2280 1477,2277 1522,2274 1566,2274 1611,2271 1656,2271 1701,2265 1746,2265 1790,2265 1835,2265 1880,2262 1925,2259 1969,2256 2014,2256 2059,2253 2104,2250 2148,2247 2193,2247 2238,2247 2283,2244 2328,2241 2372,2238 2417,2238 2462,2238 2507,2238 2551,2232 2596,2229 2641,2226"/>
                <TextEquiv>
                    <Unicode>sehen, sondern im Gegenteil eine sehr günstige Gelegenheit, die</Unicode>
                </TextEquiv>
            </TextLine>
            <TextLine id="tr_2_tl_2" custom="readingOrder {index:1;}">
                <Coords points="512,2513 2516,2430 2587,2416 2593,2290 517,2401"/>
                <Baseline points="531,2450 537,2450 582,2447 626,2444 671,2444 716,2444 761,2441 805,2441 850,2438 895,2435 940,2435 984,2435 1029,2432 1074,2429 1119,2426 1164,2423 1208,2423 1253,2420 1298,2420 1343,2417 1387,2417 1432,2417 1477,2417 1522,2414 1566,2411 1611,2411 1656,2405 1701,2399 1746,2399 1790,2396 1835,2396 1880,2393 1925,2390 1969,2390 2014,2390 2059,2384 2104,2381 2148,2381 2193,2381 2238,2375 2283,2375 2328,2375 2372,2369 2417,2369 2462,2369 2507,2366 2551,2363 2596,2360"/>
                <TextEquiv>
                    <Unicode>Bemühung des Herrn Wottitzky xxxpersönlicher Einflussnahme zu</Unicode>
                </TextEquiv>
            </TextLine>
            <TextLine id="tr_2_tl_3" custom="readingOrder {index:2;}">
                <Coords points="526,2639 2421,2579 2719,2536 2722,2447 532,2541"/>
                <Baseline points="546,2581 579,2578 623,2575 668,2575 713,2575 758,2572 802,2569 847,2569 892,2569 937,2566 981,2566 1026,2563 1071,2560 1116,2557 1161,2557 1205,2557 1250,2554 1295,2551 1340,2548 1384,2545 1429,2542 1474,2539 1519,2536 1563,2536 1608,2533 1653,2530 1698,2530 1743,2530 1787,2524 1832,2524 1877,2524 1922,2524 1966,2524 2011,2522 2056,2516 2101,2513 2145,2513 2190,2513 2235,2513 2280,2513 2325,2510 2369,2510 2414,2507 2459,2504 2504,2504 2548,2498 2593,2495 2638,2495 2683,2492 2727,2492"/>
                <TextEquiv>
                    <Unicode>unterstützen. Im übrigen war meine Bitte,in dieser Angelegenheit</Unicode>
                </TextEquiv>
            </TextLine>
            <TextLine id="tr_2_tl_4" custom="readingOrder {index:3;}">
                <Coords points="523,2764 2370,2710 2679,2630 2682,2544 529,2639"/>
                <Baseline points="543,2704 582,2701 626,2701 671,2701 716,2698 761,2695 805,2692 850,2692 895,2689 940,2689 984,2686 1029,2683 1074,2683 1119,2683 1164,2680 1208,2677 1253,2674 1298,2674 1343,2671 1387,2671 1432,2671 1477,2665 1522,2662 1566,2659 1611,2656 1656,2656 1701,2653 1746,2653 1790,2650 1835,2650 1880,2647 1925,2647 1969,2647 2014,2647 2059,2644 2104,2641 2148,2638 2193,2635 2238,2632 2283,2632 2328,2629 2372,2629 2417,2626 2462,2623 2507,2623 2551,2620 2596,2617 2641,2614 2686,2611"/>
                <TextEquiv>
                    <Unicode>die Situation des Verlages zu berücksichtigen, vor allem von der</Unicode>
                </TextEquiv>
            </TextLine>
            <TextLine id="tr_2_tl_5" custom="readingOrder {index:4;}">
                <Coords points="523,2902 2153,2839 2619,2773 2621,2702 529,2767"/>
                <Baseline points="543,2829 570,2826 614,2823 659,2823 704,2820 749,2817 793,2817 838,2817 883,2814 928,2811 972,2808 1017,2808 1062,2805 1107,2802 1152,2802 1196,2799 1241,2799 1286,2796 1331,2793 1375,2793 1420,2790 1465,2793 1510,2787 1554,2784 1599,2784 1644,2781 1689,2781 1734,2781 1778,2781 1823,2775 1868,2772 1913,2769 1957,2769 2002,2766 2047,2766 2092,2763 2136,2763 2181,2760 2226,2763 2271,2760 2316,2757 2360,2757 2405,2754 2450,2751 2495,2751 2539,2748 2584,2742 2629,2742"/>
                <TextEquiv>
                    <Unicode>Rücksichtnahme auf Wottitzky diktiert, den ich mich, da ich ihn</Unicode>
                </TextEquiv>
            </TextLine>
            <TextLine id="tr_2_tl_6" custom="readingOrder {index:5;}">
                <Coords points="532,3042 1138,2927 2093,2896 2407,2965 2553,2945 2559,2824 537,2907"/>
                <Baseline points="552,2960 593,2954 638,2951 683,2951 728,2948 773,2945 817,2942 862,2942 907,2942 952,2942 996,2942 1041,2936 1086,2933 1131,2930 1175,2930 1220,2924 1265,2924 1310,2921 1355,2921 1399,2918 1444,2918 1489,2915 1534,2912 1578,2912 1623,2912 1668,2907 1713,2904 1757,2904 1802,2904 1847,2904 1892,2901 1937,2898 1981,2898 2026,2895 2071,2895 2116,2895 2160,2889 2205,2892 2250,2892 2295,2889 2339,2889 2384,2886 2429,2880 2474,2877 2519,2874 2563,2877"/>
                <TextEquiv>
                    <Unicode>zur Erwerbung von „Weites Land“ veranlasst hatte, irgendwie</Unicode>
                </TextEquiv>
            </TextLine>
            <TextLine id="tr_2_tl_7" custom="readingOrder {index:6;}">
                <Coords points="537,3087 1975,3065 2684,2962 537,3045"/>
                <Baseline points="552,3083 584,3080 629,3077 674,3077 719,3074 764,3074 808,3071 853,3071 898,3068 943,3065 987,3065 1032,3065 1077,3062 1122,3059 1166,3056 1211,3053 1256,3050 1301,3050 1346,3047 1390,3047 1435,3044 1480,3041 1525,3038 1569,3038 1614,3035 1659,3032 1704,3032 1748,3032 1793,3029 1838,3029 1883,3026 1928,3026 1972,3023 2017,3020 2062,3017 2107,3017 2151,3017 2196,3014 2241,3014 2286,3011 2330,3011 2375,3008 2420,3005 2465,3005 2510,3005 2554,3002 2599,3002 2644,2999 2689,2996"/>
                <TextEquiv>
                    <Unicode>moralisch verpflichtet fühlte. Ich danke Ihnen sehr für die Zu</Unicode>
                </TextEquiv>
            </TextLine>
            <TextLine id="tr_2_tl_8" custom="readingOrder {index:7;}">
                <Coords points="537,3219 2030,3153 2479,3248 2664,3222 2670,3079 540,3167"/>
                <Baseline points="552,3211 573,3211 617,3208 662,3208 707,3205 752,3205 796,3205 841,3202 886,3205 931,3202 975,3199 1020,3196 1065,3193 1110,3190 1155,3187 1199,3184 1244,3184 1289,3181 1334,3181 1378,3181 1423,3178 1468,3175 1513,3172 1557,3169 1602,3166 1647,3166 1692,3166 1737,3163 1781,3160 1826,3160 1871,3160 1916,3157 1960,3157 2005,3154 2050,3154 2095,3151 2139,3148 2184,3145 2229,3145 2274,3142 2319,3142 2363,3142 2408,3139 2453,3136 2498,3136 2542,3133 2587,3133 2632,3130 2677,3130"/>
                <TextEquiv>
                    <Unicode>sicherung, dass der Verlag sich durch alle Ungewitter hindurch</Unicode>
                </TextEquiv>
            </TextLine>
            <TextLine id="tr_2_tl_9" custom="readingOrder {index:8;}">
                <Coords points="555,3365 2550,3270 2847,3322 2850,3205 1081,3279 557,3216"/>
                <Baseline points="570,3339 573,3336 617,3339 662,3336 707,3336 752,3333 796,3330 841,3327 886,3327 931,3327 975,3324 1020,3324 1065,3321 1110,3318 1155,3315 1199,3312 1244,3309 1289,3306 1334,3303 1378,3300 1423,3300 1468,3298 1513,3298 1557,3292 1602,3292 1647,3289 1692,3289 1737,3289 1781,3286 1826,3286 1871,3286 1916,3283 1960,3283 2005,3280 2050,3280 2095,3280 2139,3277 2184,3277 2229,3274 2274,3274 2319,3271 2363,3271 2408,3271 2453,3271 2498,3268 2542,3265 2587,3262 2632,3259 2677,3262 2721,3259 2766,3256 2811,3256 2856,3256"/>
                <TextEquiv>
                    <Unicode>dieser Angelegenheit als Ihr Vertreter betrachten dürfe, wäre Ihnen</Unicode>
                </TextEquiv>
            </TextLine>
            <TextLine id="tr_2_tl_10" custom="readingOrder {index:9;}">
                <Coords points="2730,3425 2750,3419 2767,3430 2776,3425 2782,3430 2807,3428 2830,3451 2853,3456 2859,3336 2836,3339 2822,3319 2802,3336 2793,3336 2759,3316 2733,3316"/>
                <Baseline points="2745,3375 2790,3375 2835,3372 2859,3375"/>
                <TextEquiv>
                    <Unicode>ich</Unicode>
                </TextEquiv>
            </TextLine>
            <TextLine id="tr_2_tl_11" custom="readingOrder {index:10;}">
                <Coords points="1701,3433 1824,3410 2015,3439 2104,3408 2193,3451 2236,3413 2318,3439 2613,3422 2616,3288 2547,3313 1704,3302"/>
                <Baseline points="1716,3408 1722,3408 1766,3405 1811,3405 1856,3402 1901,3402 1945,3399 1990,3399 2035,3399 2080,3396 2125,3396 2169,3393 2214,3393 2259,3393 2304,3390 2348,3393 2393,3390 2438,3390 2483,3390 2527,3390 2572,3387 2617,3381"/>
                <TextEquiv>
                    <Unicode>rotzdem höchst verbunden, w</Unicode>
                </TextEquiv>
            </TextLine>
            <TextLine id="tr_2_tl_12" custom="readingOrder {index:11;}">
                <Coords points="549,3496 746,3459 826,3496 886,3456 958,3476 989,3451 1106,3451 1112,3339 998,3370 852,3339 775,3370 709,3350 632,3376 555,3362"/>
                <Baseline points="567,3462 573,3462 617,3456 662,3456 707,3456 752,3453 796,3447 841,3447 886,3444 931,3441 975,3441 1020,3438 1065,3438 1110,3435"/>
                <TextEquiv>
                    <Unicode>aber, sehr vereh</Unicode>
                </TextEquiv>
            </TextLine>
            <TextLine id="tr_2_tl_13" custom="readingOrder {index:12;}">
                <Coords points="2484,3522 2499,3522 2510,3533 2519,3528 2547,3528 2556,3536 2581,3522 2596,3522 2596,3410 2576,3410 2570,3416 2536,3416 2527,3410 2516,3422 2504,3413 2484,3413"/>
                <Baseline points="2501,3506 2545,3506 2590,3506 2599,3506"/>
                <TextEquiv>
                    <Unicode>Sack</Unicode>
                </TextEquiv>
            </TextLine>
            <TextLine id="tr_2_tl_14" custom="readingOrder {index:13;}">
                <Coords points="1864,3556 1944,3539 1990,3553 2018,3531 2107,3553 2167,3531 2201,3553 2230,3533 2273,3553 2296,3533 2459,3525 2461,3436 2427,3425 2396,3442 2253,3410 2181,3456 2081,3479 1981,3433 1870,3433"/>
                <Baseline points="1883,3527 1928,3530 1972,3530 2017,3524 2062,3524 2107,3524 2151,3521 2196,3518 2241,3515 2286,3515 2330,3515 2375,3512 2420,3515 2465,3509"/>
                <TextEquiv>
                    <Unicode>tighin in seiner</Unicode>
                </TextEquiv>
            </TextLine>
            <TextLine id="tr_2_tl_15" custom="readingOrder {index:14;}">
                <Coords points="629,3633 680,3616 718,3633 769,3608 820,3631 869,3611 889,3636 912,3628 926,3642 1001,3622 1009,3456 992,3448 955,3476 938,3468 883,3505 849,3488 749,3499 660,3468 638,3476"/>
                <Baseline points="647,3575 656,3575 701,3578 746,3575 790,3575 835,3572 880,3569 925,3563 970,3563 1014,3560"/>
                <TextEquiv>
                    <Unicode>Mitzky mitt</Unicode>
                </TextEquiv>
            </TextLine>
        </TextRegion>
    </Page>
</PcGts>
