3288 4199
1650 355 1747 493 78
1017 464 2357 662 Fischer Verlag Berlin
1343 627 1833 730 Aktien=Gesellschaft mit
673 725 2512 862 Amt Lühow Nummer 6162 Theaterabteilung postschektonio Nr. 1669.
432 790 2239 891 Theresiaeramister Bankkonto: Deutsche Bank Depositenkasse P in Berli
392 828 830 925 Fäscliche Mag 616
1057 848 2191 942 Berlin W, Bülowstraße 90, den 17. 2. 192
458 888 833 1022 B. B. v. R. P.
896 842 1114 1002 Ma/Ro.
1134 1080 2019 1254 Dr. Arthur Schnitz,
2698 1103 2795 1254 XVI
421 1283 696 1423 G.C.H.F.P.
1650 1309 1764 1409 G.C.F.P.
1097 1306 2005 1455 Sehr verehrter Herr Doktor!
387 1429 475 1544 G.F.P.
1177 1443 1283 1529 G.F.P.
1718 1452 1979 1549 G.C.F.P.
2196 1423 2500 1538 1o0 février
1031 1515 2812 1638 Für Ihre Mitteilungen danke ich Ihnen recht herzlich.
266 1612 636 1730 Le Décembre D'e
664 1621 2953 1741 Ich habe dem Filmregisseur Super von Ihren Mitteilungen Nachricht ge-
659 1715 2489 1867 geben und ihm empfohlen, sich direkt an Sie zu wenden.
272 1824 518 1924 G.C.H.F.P.
1017 1833 2861 1953 Herr Schall verfügt anscheinend über gute Verbindungen
243 1907 581 2036 G.C.H.F.P.P
664 1944 2867 2076 zur Presse und zum Theater und hat auch kürzlich einen Propaganda-
662 2016 2887 2148 Artikel über Ihre Werke in Frankreich veröffentlicht. Er hat natür-
662 2139 2878 2248 lich nicht den Einfluss, den Tristan Bernard hat und ich werde ihn
667 2237 2858 2345 jedenfalls verständigen, dass er Bernard nicht in die Quere kommt.
659 2351 2867 2474 Uebrigens habe ich auch mit Marcel Achard, einem sehr begabten und
659 2451 2861 2603 erfolgreichen jungen Autor gesprochen, der sich gern für Ihre Stük
641 2552 1346 2701 ke verwenden möchte.
1011 2626 2858 2766 Mit der Gesellschaft für Senderechte liegt der Fall folg
653 2738 2812 2907 gendermassen: Diese Gesellschaft habe ich von Anfang an bekämpft,
653 2881 2841 3004 weil sie den Autoren schlechtere Bedingungen einräumt als wir, sie
656 2955 2824 3090 hat aber seinerzeit, da sie ihre Beitrittsformulare 2 oder 3 Tage
647 3064 2841 3202 früher verschickte als ich einige unserer Autoren zur Unterschrift.
656 3173 2844 3333 verleitet. Um alle unsere Autoren einheitlich vertreten zu können
641 3276 2947 3416 musste ich damals, um jene Rechte wieder zu erlangen, die Konzession
650 3396 2798 3551 machen, dass jene Werke, die nicht in unserem Verlage erschienen
