2903 3991
204 306 2195 556 oI aa ses niiinä paIu-
1707 562 2408 695 .... -..,.. r,. m.k
976 584 1662 726 Grundsindostord
199 607 774 752 â¢â « nt :*
777 669 2309 848 Von Frau Vivanti erhielten wir eine Depesche
729 774 950 845 G.C.H.F.F:H.HF.
525 723 647 857 I
318 777 2283 930 worin sie drei Exemplare „Heigen“ einforderte und einen
306 876 2405 1038 Brief ankündigte. Die Exemplare wurden gesandt, der Brief ist
318 987 2411 1132 aber noch nicht eingetroffen. Raggichet nichts wieder von sich
318 1109 2374 1245 hören lassen, auch der versprochene Brief wegen “Anatol“ ist
1949 1191 2212 1310 0
318 1242 845 1404 nicht gekommen.
837 1308 2190 1469 Von dem Gastspiel Konstantin Holland mit
1410 1415 2036 1486 Cʼest une autre valeur avec les mêmes
391 1429 2411 1614 Abschiedssouper " erhält unser Subvertreter keine Provision.
338 1554 2397 1719 Die Angelegenheit Brannsches Marionettentheater haben wir ihm
1171 1639 1600 1705 V-V-A.V.S.
338 1634 2496 1821 zur Verfolgung übertragen. Das holländische "Heigen"- Gastspiel
1781 1724 2022 1812 G.C.H.
343 1761 2618 1906 ist vorläufig daran gescheitert, dass in den einzelnen holländischen
335 1883 2587 2056 Städten keine passenden Lokalitäten mehr zu haben waren. Wir haben
352 1974 2431 2110 unseren Amsterdamer Vertreter beauftragt diese Sache weiter zu
352 2102 2397 2263 verfolgen. Nach den Auskünften die der holländische Direktor
346 2198 2442 2343 unserem Vertreter gab, ist der Plan keineswegs fallen gelassen,
343 2292 2008 2453 nur sei ihm die Garantie von 3000 Gulden zu hoch.
1220 2408 1370 2473 Gouvernement même
752 2397 2513 2538 " Parazelsus" wurde von Moissi, wie wir von ihm
1069 2510 1191 2572 le dernier ses
360 2502 2496 2663 selbst wissen in Schweden nur in Stockholm gespielt. Ueber diese
360 2609 2536 2785 Aufführungen ist mit Ihnen bereits abgerechnet. Der Vertrag wurde
363 2720 2538 2901 seinerzeit xxx Linden abgeschlossen. Es handelt sich hier um eine
377 2842 2065 2981 schwedische Aufführung, nur Moissi spielte deutsch.
2130 2862 2297 2970 G.C.H.F:H.H:F:P:H:H
976 2927 2482 3106 Der Direktion Rotter haben wir wie wir Ihnen
814 2984 959 3117 G.H.F.P
363 3055 2476 3191 bereits vor längerer Zeit mitteilten die Sachlage auch unserer-
360 3145 2399 3287 seits energisch aufgeklärt und, da wir keine Antwort bekamen,
369 3219 2504 3406 reklamiert mit der Drohung, den Vertrag gerichtlich anzufechten.
372 3384 2360 3540 Da auch dies nichts half, setzten wir uns mit der Direktion
389 3455 2263 3656 telephonisch in Verbindung und erhielten die Zusicherung
2326 3511 2487 3622 G.C.H.F.P
