3112 3975
586 199 2511 738 ###
1189 680 2121 805 xxx. xxx
1399 744 1689 818 1 & 2 a 1/2 & 2, r, à 2,
611 713 2571 907 möchte die Druckdispositionen alle treffen bevor ich reise.
625 841 2724 990 Unsere Reisepläne haben sich vollkommen verändert; ich reise am
647 893 2873 1098 19. auf etwa drei Wochen nach Gastein und dann gehen wir zur Nachkur-
821 1070 1062 1150 G.C.H.F.P.S
647 1042 2624 1211 auf 8 - 10 Tage nach Altaussee. - Wohin führt Sie Ihr Weg?
758 1120 2834 1291 Die Abrechnung über das erste Halbjahr folgt in einigen Tagen.
2162 1244 2242 1308 G.F.P.
628 1206 2856 1413 Das gewünschte Auflagenverzeichnis, das auch in unserm Katalog ent-
628 1335 2502 1579 halten ist und dieselben Ziffern ausweist, lege ich bei.
1601 1499 2386 1667 Mit herzlichen Grüssen
1687 1631 1999 1750 Ihr
1653 1712 2173 1808 S. FISCHER, VerLAG
1665 1772 2137 1897 AKTRENGESELISCHAFT
1736 1819 2303 2005 Fische
