2921 3896
1153 109 1277 310 as
1168 287 1339 432 536
352 399 2489 606 S. Fischer/Verlag/Berlin W 57/Bülowstraße 90.
559 541 2279 656 Bankkonto: Deutsche Bank, Depositenkasse P in Berlin / Postscheckkonto; Berlin Nr. 16692
851 597 1998 707 Fernsprechanschlüsse: Amt Lützow Nr. 1662, 6162 und 9292
381 730 609 854 Gr/Si.
1927 724 2312 878 28. Dez. 21
671 908 1576 1097 Herrn Dr. Arthur Schnitzler
1942 964 2152 1177 Wien.
452 1138 1316 1321 Sehr geehrter Herr Doktor,
458 1295 2528 1416 Woticky will mit uns über " Weites Land" zunächst nur üner das
325 1381 2699 1540 Buchrecht mit 500 Dollar abschliessen. Wenn Sie damit einverstanden sind,
331 1508 2696 1620 worüber wir Ihre umgehende Nachricht erbitten, so werden wir sofort abzu-
331 1614 2652 1723 schliessen versuchen. Uebrigens erkundigt sich Wotieky Tobr die Autori-
334 1712 2678 1842 sationsfrage hinsichtlich eventl. früher bestehender Rechte absolut klar
334 1800 2649 1972 liegt; nach den Vormerkungen, die wir hier haben, besteht keine Autori-
337 1907 1366 2096 sation für England und Amerika.
1434 1960 2365 2123 Mit vorzüglicher Hochachtung
1786 2075 2324 2217 S. FISCHER. Verl 17
1777 2202 2262 2321 AUSLANDSABTEILU
2347 2188 2566 2344 I am
