2924 3879
1055 316 1193 415 cl2
202 346 2401 590 S. Fischer/Verlag/Berlin W 57/Bülowstraße 9o
2317 604 2401 670 B.3.8
205 634 925 767 Amt Lützow 1662, 6162, 9292
961 640 1678 767 Theaterabteilung
1833 653 2401 784 Postscheckkonto Nr. 16 692
313 739 2229 886 reaeid.medeisedusmie Jim exzew nedosiffemsrb rendl seieb
177 806 2403 980 nov eib saab Jnfshos aa baa megoseg gnogawtä Hi DYlw äsindos leid
1407 814 2041 914 Am 12. August 192 1
2384 894 2520 1055 le
368 941 2298 1096 somie rotwentl mob edianngadnotse nammeasxxn xxn
354 1060 2248 1174 Herrn ente,feil anu ae ebrüde Heilmütsä.nedad jeidosel
86 1160 2257 1299 genoss es gegnibe Dr. Arthur Schnitzlerlebns meine xxx gnobatdrei
158 1265 2254 1376 Teb Ton eselb saab, doch niw nehremed en nieb enönteb sich
1664 1362 1827 1415 -- — — —
180 1376 2254 1487 Tenie ied nobloö 008 nov endennleidinnsanomni Tonie ogelbnnt
365 1456 1249 1578 Sehr geehrter Herr Doktor,
617 1517 1149 1631 welche nedoo!
1260 1473 2254 1595 eo nov dieslefqe hekommonsans
1232 1553 2409 1683 wir erlauben uns Ihnen im folgenden
280 1614 1717 1689 Dajonl megeth xxx dota,Hollton nochomme ih
368 1664 2436 1797 einen Plan mit Reigen für Holland vorzulegen. Das Amsterdamer
382 1730 1916 1794 sich xxx lxxxn xxx nachl
83 1675 172 1838 P.S.
216 1683 302 1825 es
2085 1742 2226 1805 dessus
365 1769 2542 1877 Zentraltheater(ein Intimer Raum mit ca. 450 Plätzen) bewirbt sich
482 1850 645 1913 nembe
850 1847 1215 1913 Ilos sebren
1326 1844 2223 1908 Gemeister Jubros Jedoffno.
365 1888 2334 1996 um das Aufführungsrecht für September in deutscher Sprache.
1603 1944 1780 2002 G.C.H.F.P.
365 1930 2511 2124 agenten hier zusammengestellt und die Inszenierung, wenn irgend
371 2052 2478 2234 möglich durch Sladeks Regisseur Hugo Reusch besorgt werden. Das
1033 2171 1307 2240 Mais lʼhonneur avec les mêmes
360 2154 2478 2340 Ensehble soll dann unter der gleichen Direktion auch in Rotter-
194 2262 288 2351 leur
385 2268 2398 2445 dam uns im Haag in " Reigen " gasstieren. Die Direktion hofft
388 2378 2265 2558 das Stück insgesamt zwei bis 3 Monate in Holland täglich
393 2475 2425 2677 spielen zu können. 10% Tantieme werden zugesichert. Ueber die
1290 2594 1373 2666 G.F.P.
382 2583 2398 2760 Höhe der zu fordernden Garantie haben wir uns zunächst nicht
396 2694 2345 2904 geäussert. Wir glauben, dass 3000 Gulden zu erreichen sein
1240 2805 1609 2888 2.3.
407 2794 2348 2982 werden, allerdings mit dem Vorbehalt, dass ein Teil dieser
399 2935 2575 3082 Garantie für den Fall eines Verbotes rückzahlbar wäre. Wir haben
410 3029 2373 3198 der Direktion nahegelegt, sich bei den beabsichtigten Auf -
404 3134 2359 3347 führungen nicht auf "Heigen" zu beschränken, sondern ein
213 3483 410 3588 R. 1000. 8. 20.
