2903 3991
1048 254 1247 434 2525
180 409 2374 625 S. Fischer/Verlag/Berlin W 57/Bülowstraße 9o
1815 589 2393 761 Postscheckkonto Nr. 16892
952 622 1637 789 Theaterabteilung
194 677 838 832 Amt Lützow 1662, 6162, 9292
1386 712 1468 830 P.S
1386 729 2142 914 Am 26. Oktober 192 1
1048 780 1154 900 G.F.P.
619 794 715 920 G.F.P.
1635 846 2082 985 amexä leib sie
598 895 1078 1040 das oder stödtste
1555 941 2205 1092 eid. xxxxx
224 958 1381 1152 Das xxx geb.Jbssaag xxx erhie?
1681 1048 2134 1190 eis jdoim door
396 1037 1321 1250 Herrn
229 1105 374 1239 G.C.H.F.H:F.F:H:H.H
647 1132 1866 1351 Dr. Arthur Schnitzler
415 1242 628 1392 G.C.F.F:D'F.P.
1659 1184 1940 1389 Wien
1389 1375 1834 1482 G.H.F.L. L.E. nen moeV
387 1416 1280 1580 Sehr geehrter Herr Doktor,
1244 1465 2470 1640 wir wissen nicht, ob nicht der eine
592 1577 679 1645 G.F.P.
344 1580 576 1700 o!a iver
407 1583 2333 1785 oder andere unserer letzten Briefe in Verlust geraten ist
415 1705 2396 1888 da einige Ihrer Anfragen in Ihrem Schreiben vom 17. bereits
412 1806 2500 2017 früher von uns nach dem damaligen Stande der Dinge beantwortet
207 1771 303 1902 1o5
417 1910 2590 2134 worden sind. Nunmehr fassen wir Auslands - und Theaterangelegen-
423 2006 2169 2218 heiten zusammen und teilen ergebenst folgendes mit:
415 2120 2396 2325 Der Bewerber von "Weites Land "ist nicht Bartsch,
1329 2208 1877 2300 cʼest avec Mlle.
445 2240 2450 2440 sondern ein Uebersetzer, der ein persönliches literarisches
445 2330 2576 2562 Interesse an Ihrem Werke nimmt und uns kabelte, dass seinerseits
448 2409 2530 2655 alles fertig sei und die Sache nun nur noch an den Bedingungen
456 2562 2532 2770 Hänge. Allerdings müssen wir sagen, dass die Ihnen erwünschten
453 2650 2532 2862 Bedingungen entschieden höher gegriffen sind, als nach unserer
475 2764 2516 2966 Erfahrung gezahlt wird und wir können nicht dafür garantieren
475 2854 2562 3075 ob nicht daran die ganze Sache scheitern wird, zumal der lang-
491 2963 2579 3157 same Verkehr mit Amerika längere Verhandlungen nicht wünsches-
488 3062 2429 3302 wert macht. Die Verleger pflegen dann, wann eine Sache zu
417 3195 2521 3381 lange dauert, die Lust zu verlieren. Wir müssen nun abwarten,
478 3294 2423 3482 was weiter erfolgt. xxx neh.an###dord geb Jim Jneimatner
469 3362 2445 3569 sicht schafftig ist wir aus xxx werden. Tinteres sich dann xxx
1094 3468 2445 3646 netleidre xxx aasbaldzeV at dosimongele###
917 3545 1070 3659 d ei-
423 3637 535 3757 D.O.W.
