2957 3959
974 286 1143 411 cken
2236 411 2516 552 Italien
502 405 2055 569 S. Fischer. Verlag. Berlin
2272 505 2494 605 Cultivateur
347 488 499 674 r.
2322 555 2549 680 turé.
344 635 2186 760 Amt Lützow 1662 u. 6162 Theaterabteilung postscheckkonto Nr. 16692
2333 655 2527 771 Sen
852 710 1698 824 Berlin W 57, Bülowstraße Nr. 90
2266 699 2527 832 Reises
2266 824 2532 921 Hantel
968 796 1637 949 Den... 24. Januar.1921
305 829 497 1010 G/Sch
2291 896 2458 965 été
2258 926 2480 1043 Tolee
746 1026 1154 1162 G.H.F.D.
2291 1021 2491 1190 see
300 1037 499 1176 Herrn
1808 1096 1936 1229 G.F.P.
635 1134 1362 1281 Dr. Arthur Schnitzler
1467 1237 1747 1384 Wien
1312 1423 1415 1578 G.H.F.P
1462 1426 1581 1581 G.F.P.
308 1451 1198 1595 Sehr geehrter Herr Doktor,
1207 1553 2427 1659 in Theaterangelegenheiten teilen wir
322 1678 1331 1814 Ihnen ergebenst folgendes mit:
638 1745 2469 1919 1.Herr Paolo Giordani hat bisher nichts von sich hören
890 1872 1168 1939 A.M.
283 1883 2405 2011 lassen. Vielleicht haben Sie die Güte, uns seine Adresse mitzu-
325 2003 2433 2108 teilen, damit wir uns unsererseits mit ihm in Verbindung setzen
327 2086 2338 2225 können. Der von uns beabsichtigte Generalabschluss mit Frau
327 2225 2338 2352 Margit Veszi, ist aus den bereits mehrfach erwähnten Gründen
386 2313 538 2385 au même r ou le
325 2341 2308 2458 nicht zustandegekommen. Wir haben inzwischen noch mit einer
297 2424 619 2519 de mon ami a lʼhonneur avec
338 2435 2344 2555 weiteren Vermittlungsstelle in Turin angeknüpft und dieser in
926 2527 1209 2596 zunächst
336 2546 2397 2649 besonderer Weise (natürlich unverbindlich) "Komödie der Worte"
338 2635 2466 2754 und "Lebendige Stunden" empfohlen. Es bestehen jedoch hinsicht-
397 2746 1165 2832 «tM~t~t ^t~-t~.t~
338 2740 2494 2876 lich der Vergebungsmöglichkeiten in Italien gewisse Unklarheiten.
352 2882 2446 2982 Wir unterbreiten Ihnen in der beiliegenden Liste diejenigen von
1279 2954 2053 3018 über frühere Abschlüsse
344 2954 2446 3118 Ihnen selbst stammenden Vormerkungen, die sich auf Italien be-
347 3107 2385 3212 ziehen, mit der Bitte, uns soweit wie tunlich mitzuteilen, ob
352 3179 2577 3331 die in diesen Vormerkungen genannten Verpflichtungen noch bestehen!
344 3298 2413 3420 Eine Anzahl italienischer Verträge wurde auch von uns aus abge
1240 3417 1728 3512 Jasmonas Stad
261 3392 2360 3550 Die oben genannten Bedingungen haben Sältigkeit die zum Sollten wir an diesem Tag noch keine
261 3517 2360 3631 entscheidende Antwort erhalten haben, so nehmen wir an, daß wir über das in Frage stehende Werk anderweitig verfügen können
144 3509 255 3675 n
