2924 3879
1759 260 2450 412 Blatt2
296 268 1405 423 S. FISCHER,VERLAG, BERLIN,
592 384 879 481 Theaterabteilung
346 559 2436 752 allerdings, ob es sich bei den an Karozag übertragenen Rechten
1382 683 2502 843 sionsstaaten auch um die deutschen
918 724 1394 857 chischen Skzes=
1382 777 1687 849 G.C.H.F.P.
362 733 932 868 für die österreich
758 796 929 871 G.C.H.F.P.
359 807 2441 965 Aufführungen handelt. Wir glauben, dass zwischen uns nie eine
359 910 2500 1067 Unklarheit darüber bestanden hat, dass es, soweit nicht deutsche
365 1023 2544 1172 Aufführungen in welchem Lande immer in Frage stehen, unsere Tätig-
1775 1092 2038 1170 G.C.H.F.P.S.
1026 1125 1106 1172 G.H.P.
376 1142 2414 1322 keit von Fall zu Fall an Ihr Einverständnis gebunden ist. Da-
376 1244 2441 1407 gegen haben wir Ihre Vertretung bezügl. deutschsprachiger Auf-
1866 1305 2292 1374 Gouillez lʼhonneur dʼêtre eut avec
390 1338 2511 1510 führungen in ganz Oesterreich-Ungarn und der Schweiz stets ohne
904 1452 1222 1524 G.C.H.F.P.
691 1454 838 1526 "
393 1441 2533 1590 weiteres ausgeübt.
500 1559 741 1623 l'a eu le dernier ou de ses
379 1568 2527 1739 Karzcag in der Tschecho-Slovakai, Jugbslavien
379 1565 1029 1648 Wir wissen nicht, ob
393 1673 2475 1864 etc., speziell was Aufführungen in den dortigen Landessprachen
1576 1747 1739 1800 G.H.F.P.
395 1772 2594 1960 anbetrifft, vielleicht mehr erreichen kann, als wir. Dagegen würde
404 1872 2569 2063 der Umstand, dass Ihre Werke in der Originalsprache für bestimmte
1908 1960 2018 2035 G.C.H.P.
412 2007 2594 2168 Länder faktisch oder potentiell unserem Einfluss entzogen würden,
774 2088 1681 2179 lʼa prêparé lʼautre et très devenu nouveau.
415 2101 2475 2262 eine neue Praxis schaffen. Was geschähe dann insbesondere mit
418 2209 2453 2350 Prag, das wir ohne Zuhilfenahme unseres Subvertreters Eirich
857 2218 1042 2303 stets
426 2303 2505 2491 von hier aus bearbeitet haben? Bezüglich der tschechischen Auf-
420 2403 2461 2627 führungen des "Reigen" haben wir übrigens sogleich, nachdem
932 2538 1194 2610 mmmmme
431 2533 2555 2701 wir von diesen Afführungen Kenntnis erlangt hatten Erkundigungen
434 2627 2505 2801 in Prag einziehen lassen, welche Personen dafür verantwortlich
639 2654 863 2732 Laucher
437 2751 2591 2923 sind. Wir glauben nicht, dass in diesem Falle Herr Demetz dahinter
442 2865 2541 2992 steckt, zu dem wir heiläufig gesagt, keinerlei Beziehungen mehr
445 2942 2621 3158 unterhalten. Wir werden Ihnen demnächst weiteres berichten können.
749 3091 2414 3249 Was den allgemeineren Teil Ihres Schreibens vom 4.
459 3196 2439 3346 anbetrifft, so möchten wir nur kurz bemerken, dass unsere Aus-
451 3293 2646 3442 landstätigkeit und zwar sowohl die der Theater- wie der Auslandab-
459 3415 2679 3539 teilung sich natürlich keineswegs damit begnügen kann, eintreffende
1222 3503 2441 3672 Im Gegenteil bildet dieser sozusagen
462 3525 1194 3708 Anfragen zu erledigen.
