3129 3912
1446 262 1561 399 542
530 355 2731 585 S. Fischer/Verlag/Berlin M 57/Bülowstraße 90.
768 519 2529 642 Dankkonto: Deutsche Bank, Depositenkasse P in Berlin / Postscheckkonto; Berlin Nr. 16692
1061 590 1785 694 ernsprechanschlüsse: Amt Lützow Nr
1821 593 2050 771 6162—9
1987 659 2553 823 den 13. 11. 1923.
757 637 1099 826 Ma./Re.
1025 1074 1225 1247 Herrn
1304 1165 2012 1340 Dr. Arthur Schnitzler,
2100 1285 2578 1435 W i e n XVIII
2042 1405 2619 1547 Sternwartestr. 71
1121 1523 1955 1679 Sehr geehrter Herr Doktor!
1025 1673 2868 1788 Wir haben vorläufig laut beifolgender Gutschrift-Nota den
872 1780 2769 1886 Gegenwert von 300-- Buchmark xxx an die Bank für auswärtigen
864 1889 2952 1990 Handel, hier zur Auszahlung gebracht und überdies 2.000.000 Kronen
867 1971 2901 2113 an die Bodenkreditanstalt, Wien überwiesen. Ueber die verrechnung
867 2072 2873 2209 dieser Beträge werden wir im Zuge der schwebenden Verhandlungen
872 2184 2922 2346 noch Klarheit gewinnen, wir bringen Sie vorläufig zur Auszahlung,
864 2343 2613 2449 um keine Stockung in Ihren Bezügen eintreten zu lassen.
1728 2408 2649 2564 Mit vorzüglicher Hochachtung
1840 2523 2646 2641 S. Fischer / Verlag A.-G.
1911 2592 2258 2750 Dr Kaurice
2381 2589 2769 2750 H. Roserheim
