3341 4152
1343 354 1546 500 812
840 413 2321 624 S. Fischer / Verlag / A.=G. Berlin 957
1321 629 1855 739 Theaterabteilung
604 669 2571 826 Bankkonto; Deutsche Bank, Depositenkasse P in Berlin / Postscheckkonto: Berlin Nr. 16692
1043 759 2133 863 Fernsprechanschlüsse: Amt Lützow Nr. 6162 bis 6164
1003 812 2175 947 Telegramm - Adresse: Fischerverlag 6162, Berlinlützow
1419 871 1759 981 Bülowstraße 90
1886 835 2495 1020 den 13. Juni 1927.
641 896 868 1003 Ma/Ro.
854 1093 1040 1228 Herrn
1118 1068 2231 1279 Dr. Arthur Schnitzler,
2448 1113 2751 1222 Wien.
2445 1197 2574 1279 --
1096 1335 2006 1489 Sehr verehrter Herr Doktor!
964 1442 2942 1655 Ich schreibe Ihnen zunächst bezüglich des "Gang zum Weiher"
677 1588 2771 1759 Ich habe mich unterdessen an das Hamburger Schauspilehaus wegen
688 1689 2832 1863 detailierteren Vorschlägen gewandt, doch bestehen auch neuerdings
688 1790 2889 1970 in Berlin wieder Möglichkeiten. Die eine ist durch Hartung gegeben,
1571 1900 2931 2057 estens übernimmt und dem ich das Stück auf
691 1933 1543 2082 der hier das Theater des
697 1995 2852 2172 seinen Wunsch gegeben habe; sein Ensemble steht jedoch noch nicht
702 2119 2875 2256 fest, sodass ich die Möglichkeiten noch nicht überprüfen kann. Die
702 2206 2759 2355 zweite Möglichkeit wäre das allerdings kleine aber entzückende
702 2282 2804 2464 Renaissance-Theater, das Tagger leitet und mit dem Frau Kinz in
708 2377 2967 2599 Engagement-Verhandlungen steht. Hier entstehen allerdings Schwierig-
717 2526 2914 2670 keiten wegen der Regie, denn man kann sie Tagger nicht anvertrauen
722 2622 2965 2762 und andererseits seinen Ehrgeiz, selbst Regie zu führen, schwer ein-
725 2729 2816 2900 dämmen. Ich werde /Ihnen über die Entwicklung dieser Dinge noch
722 2880 1267 3010 Nachricht geben.
1023 2875 2830 3105 Auf die Beantwortung der anderen Fragen komme ich noch
1776 3060 2560 3217 Mit ergebensten Grüssen
733 3063 989 3215 zurück
2068 3215 2209 3324 Ihr
1914 3305 2425 3512 Doslvene
