3224 4088
1862 264 1997 401 34
771 450 2850 680 Mit klein in keine geme Gewalz. Nach mehrtem Wert
763 590 2222 776 machte; — het Strafen ist mit lit
773 672 2783 900 Baubert nicht (w. Klein so jetzt weit mein: Herzen
2247 799 2679 905 " Nousse"
1407 815 2809 1016 Sjemant kleine tien nach
856 861 1335 1022 betheblig. B
872 952 2700 1138 half da sich auf sehr tieferwältig selbst auf dann
897 1086 2382 1303 Igen u Aufs - erleibe nicht ertheil.
941 1216 2762 1433 M. er heißt kommt wie ich wof - in Tage wicht.
1009 1397 1598 1528 N. 14 mittheil.
1078 1451 2610 1645 Contracte oberweilen mit Kosten
1099 1609 2333 1761 Dahr v.  Nacht nicht gestattet
1239 1702 2824 1947 M. Bursere nicht v. d. Lassach; ungetragen
1097 1816 1342 1966 Rege
2708 1880 2806 1981 G.C.F.P.
1306 1903 2878 2103 Ist weit nicht; ob Sie in Merts sehr will
1236 2012 2845 2203 at a rauge. Ja dat tolt in it he
1216 2170 1772 2346 sechs Wort¬
1733 2266 1828 2366 G.C.P.
1187 2335 2754 2571 Reige.. We W. Bofehuf is, I
1324 2465 2982 2721 1 Zeitprausihete. (Herrn). Wie Zoll betrachte
1311 2653 2961 2858 gewein te 300 M zuzah — end f of jes Stribbe
1293 2778 2718 3010 Mation to the R. J. P. R.
1381 2951 2783 3186 I amt aufs.  zwischen haben wir sein
1397 3085 2860 3334 ich Ihnen von Anhalt aus, die ich meist be¬
1474 3282 1849 3463 zu begriffen.
