3085 3849
1137 208 2010 417 S. FISCHER /VERLAG
2414 248 2791 423 25. XII. 22.
521 398 723 539 Herrn
2160 374 2362 570 LEN
892 420 1624 585 Dr. Arthur Schnitzler.
536 772 2803 910 so würden die Bücher heute doppelt so teuer sein müssen, als sie
1737 864 1890 947 aber
518 904 2779 1005 in Wahrheit sind. Würden wir die Preise voll zur Auswirkung bringen, so
2172 959 2512 1017 lors fellungs
555 953 2914 1100 würde kein Mensch mehr Bücher kaufen. Nach den heutigen Preisen würden
417 1017 2874 1176 für 5000 Exempl. Ihrer Gesamtausgaben etwa 45 Millionen
2304 1085 2485 1140 G.F.P.
414 1088 2733 1232 aufzubringenen) Aus dieser Zwangslage ist die ganze Misere entstanden
536 1173 2813 1317 und sie wirkt sich für den Verleger viel schlimmer aus, wie für de Autor
558 1317 2816 1434 weil der Verleger immer neu produzieren muss und die Mittel dazu aus dem
545 1397 2828 1544 Erlöss nicht herein bringen kann. Es kommt binzu, dass jede neue Herstel
536 1498 2757 1651 lung bei den unsicheren Wirtschaftsverhältnissenfiskanter ist, als die
558 1618 2451 1762 vorhergegangene. Darum wird der Kapitalmangel immer grösser.
2227 1685 2819 1808 Aktiengesellschaft
1032 1716 2730 1841 Ich habe soeben meinen Verlag in einem Staats¬
561 1823 2751 1949 umwandeln müssen, um meinen Verlagsbetrieb leistungsfähig zu erhalten.
555 1900 2730 2062 Die Form der Aktiengesellschaft bietet leichter wie der Privatbetrieb
570 2010 2684 2154 die Möglichkeit einer breiteren finanziellen Basis. Nach innen wird
558 2142 2754 2270 sich damit nichts an dem Verlag und seinem Geschäftsprinzipien ändern,
567 2230 2684 2365 denn selbstverständlich bleibe ich mit allen meinen Mitarbeitern in
2509 2328 2604 2454 G.C.F.P.
567 2353 2099 2457 voller Unabhängigkeit und Verantwortung am Werk.
1066 2448 2708 2555 Wir haben Ihnen auf Ihr Konto bei der Deutschen Bank
983 2546 2791 2672 überwiesen. Nach der heutigen Aufstellung hätten Sie dem¬
576 2561 885 2650 A. 500.000
579 2595 965 2705 S.C.H.F.S.
576 2672 2843 2773 nach noch M sch. 712,35. zu bekommen. Ich erwarte Ihre Nachricht, ob auch
876 2742 1259 2806 A.W.A.S.
579 2745 2745 2865 diese Summe für Sie in der Deutschen Bank eingezahlt werden soll. Was
377 2776 469 2920 G.F.P
567 2874 2803 2966 nun den Verrechnungsmodus für die einzelnen Auflagen betrifft, so würde
582 2950 2779 3070 ich bitten, bei dem, aus dieser Verrechnung ersichtlichen ### einstwei-
371 2999 456 3119 G.P.
573 3042 2779 3162 len zu bleiben. Ich bin aber gerne bereit, Ihnen eine weitere à Konto-
591 3171 2816 3284 zahlung von 4. 300.000.- zu leisten und zum April Ihnen neue Abrechnung
775 3241 1222 3324 1. tuli resp.
573 3263 2800 3395 für die seit 30. November verkauften Exemplare resp. für die Zuschläge
588 3336 2825 3496 die sich zu den neuen grossen Preisen erst dann ausgewirkt haben werden
