3034 3847
1082 360 1987 516 CARL FR. FLEISCHER
1391 463 1681 605 LEIPZIG.
2188 530 2732 677 den 2. März 1917
1491 580 1592 694 3*
312 591 856 691 Telegramme: „Gestügelbörse Leipzig“.
2492 630 2592 680 geo
1904 580 2146 697 Leipzig,
318 658 750 719 Fernsprech-Anschluß Nr. 12163
1854 669 2138 769 Salomonstraße 16.
318 694 672 747 Giro-Konto: Reichsbank.
853 666 967 761 Sch
318 705 831 814 Postscheckkonto: Nr. 2517 (Leipzig).
1174 1179 1717 1313 S. Fischer
658 1193 845 1332 Herrn
1115 1249 1909 1419 in Firma S. Fischer, Verlag
301 1385 820 1625 Mit vielen
2032 1385 2408 1502 Berlin
1999 1466 2473 1583 ⊃ⵜⵈⵥⴾ�ichⵔⵓ⵿ⴹ
371 1483 870 1706 Grüssen
636 1561 870 1712 Herr
730 1550 1148 1809 I field
1059 1594 2085 1764 Sehr geehrter Herr Fischer!
1070 1706 2857 1873 Auf Ihre gestrige Anfrage nach Herrn Anton Karb Mar
2263 1815 2609 1865 lʼauteur de lʼexposées.
680 1834 2888 1940 tin in Berlin, Potsdamerstrasse 42 kann ich Ihnen erfreulicher Weise
683 1896 2813 2010 sogleich und nähere Auskunft geben. Ich schicke voraus, dass es sich meinen
677 1971 2824 2082 Erfahrungen nach weder um einernst zu nehmendes Verlagsunternehmen, noch um
691 2021 2885 2141 einen Fachmann von gutem Ruf und guten moralischen Qualitäten handelt. Der Ge-
2219 2093 2916 2194 ens “ und hat als solcher
686 2107 2333 2224 nannte ist der Herausgeber des „ Deutschen Dichtergarten
683 2199 2860 2289 die literarische und buchhändlerische Oeffentlichkeit wiederholt beschäftigt.
686 2247 2854 2361 Ich selbst kenne ihn persönlich und weiss, dass er vollständig mittellos war
686 2325 2930 2420 und es wohl heute noch ist. Er hatte es damals verstanden den Oesterreichischen
683 2375 2871 2520 Schulverein für seine Antologie zu interessieren und von Peter Rossegger eine
691 2467 2852 2581 Empfehlung zu erhalten, womit er in weidlichster Weise propaganda trieb. Wie
691 2528 2902 2645 gesagt, ist damals in der Presse auf die Angelegenheit oftmals hingewiesen wor
697 2609 2857 2721 den. Wie das Unternehmen endete, weiss ich nicht. Ich habe zufällig schon im
691 2676 2874 2779 Herbst vorigen Jahres erfahren, dass der Angefragte jetzt in Berlin wohnt und
686 2737 2877 2860 ein neues Unternehmen unter dem Titel, Bücher der Morgenröte " herauszugeben
702 2799 2882 2930 gedenkt. Vor allem dürfte es ihm darauf ankommen, dafür einen zahlungsfähigen
694 2893 2910 2997 Teilhaber zu finden, denn dass ihm irgendwelche Mittel zugekommen sein könnten
697 2966 1533 3091 halte ich für ausgeschlossen.
1098 2988 2910 3128 Jedenfalls kann ich vorstehendes dahin zusammenfassen, dass alle
702 3100 2905 3203 Vorsicht geboten ist, wenn es sich für Sie und bei Ihrer Anfrage um die Anbah¬
700 3167 2874 3317 nung irgendwelcher Beziehungen zum Genannten und seiner geschäftlichen Unter-
691 3253 1346 3381 nehmen handeln sollte.
