3070 4183
1440 291 1594 435 913
823 357 2329 564 S. Fischer Verlag / Berlin W57 Bülowstratze 90
1251 496 1899 569 AKTIENGESELISCHAFT
574 585 2570 740 Bankkonto: Deutsche Bank, Depositenkasse P in Berlin / Postscheckkonto Berlin Nr. 16692
1018 671 2148 737 Fernsprechanschlüsse: Amt Lützow Nr. 6162 bis 6164
1010 713 2150 842 Telegramm-Adresse: Fischerverlag 6162 Berlinlützow
2200 889 2573 1067 14. Mai 29
511 965 637 1083 Si.
842 1080 2090 1306 Herrn Dr. Arthur Schnitzler
2171 1217 2371 1374 Wien
682 1400 1560 1547 Sehr geehrter Herr Doktor,
884 1558 2701 1686 wir haben nun den italienischen Vertrag über „Therese“
687 1663 2615 1781 mit der "Modernissima" in Mailand, durch Vermittlung der
687 1760 2643 1888 T.I.L.A. abgeschlossen, und die Garantiezahlung, nach Abzug
692 1899 2798 1975 der 10 x für die »T.I.L.A.», im Betrage von 4 500 Lire erhalten.
2628 1928 2720 1988 G.H.
826 1954 2680 2119 Unsere Kasse wird Ihnen über die Verbuchung (laut unserm
705 2072 2738 2242 Schreiben vom 15. April ds. ) noch Mitteilung zukommen lassen.
926 2187 1705 2303 Wir empfehlen uns Ihnen
1618 2282 2554 2439 mit vorzüglicher Hochachtung
1846 2418 2358 2504 S. FISCHER, VERLAG
1883 2486 2329 2554 AKTRENGESEL LSCHAFT
1807 2510 2381 2641 AUSLANDSABTEILUNG
1922 2596 2347 2733 i. k. Lhmitt.
446 3666 561 3795 29. 5000.
