3297 4200
840 456 2169 727 Fischer / Verlag / A.=G. Berlin W
627 666 2343 793 conto: Deutsche Bank, Depositenkasse P in Berlin / Postscheckkonto: Berlin Nr.
898 751 2053 887 Fernsprechanschlüsse: Amt Lützow Nr. 6162 bis 6164
2069 765 2309 887 29.7.29
1901 804 2050 892 den.
1296 815 1669 959 Bütswstrasse so
699 840 851 959 a/Al.
1080 961 1265 1083 Herrn
1376 1003 2094 1188 Dr. Arthur Schnitt,
890 1436 1854 1622 Sehr verehrter Herr Doktor!
1235 1569 2751 1754 Ich erhielt mit bestem Dank Ihr Schreiben vom
666 1707 2804 1898 26.7. und Ihr Manuskript. Es scheint mir aus dem vorangegangenen
671 1790 2848 1975 Besprechungen mit Herrn Fischer, dass Ihr letzter Entschluss sei-
671 1928 2727 2108 nen Absichten entgegenkommt. Um diese Entscheidung zu treffen,
677 1989 2898 2213 wird es wohl notwendig sein, noch einmal seine Meinung einzuholen,
688 2113 2876 2282 was einige Tage dauern würde, da er augenblicklich in Gastein ist.
1227 2232 1323 2298 G.C.F.P
1251 2216 2707 2384 Die Meldung der Annahme, dass „ Der Gang zum
699 2315 2517 2497 Weiher xxxiel angenommen ist, ist eine Zeitungsente
2282 2401 2445 2464 a lʼa eu le moins de mauvaise
1249 2434 2887 2591 Indem ich Ihnen noch alles Gute für Ihren Ferien-
2296 2497 2572 2569 G.C.F.P.
702 2533 2807 2724 aufenthalt wünsche, wohin ich Ihnen die nächsten Nachrichten zu-
1970 2616 2094 2677 G.H.F.P.
704 2655 2547 2840 gehen lassen werde, verbleibe ich mit herzlichen Grüssen
2025 2776 2370 2898 ergebener
2108 2903 2428 3061 pomerall
