2953 3927
591 442 2528 621 fischer/Verlag/Berlin W 57/Bülowstrasse 90.
609 582 2322 681 Bankkonto: Deutsche Bank, Depositenkasse P in Berlin / Postscheckkonto; Berlin Nr. 16692
887 657 2048 782 Fernsprechanschlüsse: Amt Lützow Nr. 1662. 6162 und 9292
510 872 2755 1042 ir begreifen durchaus, dass ein Autor sich nicht gern seiner ausländi-
460 1036 2701 1149 schen Verfügungsrechte selbst nur für kurze Zeitdauer begiebt. Unser
448 1143 2713 1269 neuer Vorschlag wird daher zur volge haben, dass uns nur solche Fälle
2006 1227 2800 1376 ernsthaft erhoffen, durch
451 1230 1961 1361 zur Verhandlung übergeben werden, in denen Sie
463 1313 2684 1472 unsere Tätigkeit gefördert zu werden. Eine solche Einschränkung aber
460 1436 2803 1582 wird zweifellos klarere und gesündere Verhältnisse in allen diesen Ange-
457 1531 2860 1660 begenheiten herbeiführen als sie bisher geherrscht haben. Wollen sie daher
463 1627 2746 1779 gefälligst in Mitteilungen, die wir Ihnen bezüglich irgendwelcher Aus-
454 1734 2710 1875 landsangelegenheiten über bei uns einlaufende Anfragen oder sonst wie
460 1866 2716 1979 entstehende Pläne und Verhandlungen zugehen lassen, nicht den Ausdruck
460 1934 2845 2081 unseres Wunsches erblicken, diese Angelegenheiten uns zu übertragen. Viel-
466 2066 2621 2206 mehr würden Sie aufrichtig bitten, sich in völlig objektiver weise
472 2164 2830 2284 ein Urteil darüber zu bilden, ob und wie weit Sie sich unserer vermitteln
469 2248 2006 2430 den Tätigkeit von Fall zu Fall bedienen wollen.
1403 2382 2328 2567 Mit vorzüglicher Hochachtung
1842 2495 2415 2585 S. FISCHER, VERLAG
1839 2579 2397 2678 AUSLANDSABTEILUNG
