3112 4039
1128 474 2111 643 S. Fischer. Verlag. Berlin
1191 623 1882 737 Herrn Dr. Schnitzler
2588 634 2902 814 29/10.27.
668 680 1437 820 Fortsetzung Brief
1637 674 2334 825 Blatt.
608 988 2822 1180 die, ob das - meines Wissens noch bestehende-Verbot des „Reigen“
617 1157 2842 1254 eine Neuauflage bei uns überhaupt möglich macht. Soweit ich mich zu
1585 1231 2202 1305 lʼannée aucune même mauvaise.
617 1251 2765 1365 erinnern glaube, hat Harz den "Reigen" nur per nefas an die Buch-
608 1348 2802 1517 handlungen vertrieben. Aber darüber wird wohl Dr.Goldbaum Auskunft
606 1457 1080 1588 geben können.
937 1525 2805 1708 Ich habe Ziegel bereits gebeten, Besetzungsvorschläge zu
606 1657 2496 1759 machen und werde sie wohl in den nächsten Tagen erhalten.
934 1742 2836 1877 Die Chancen für „Gang zum Weihenz bei Saltenburg beruhten
608 1862 2902 1977 auf dem damaligen Engagement der Kinz, die jetzt bei Hartung ist. Ich
2688 1939 2816 1994 Gouvernement
606 1959 2802 2116 halte es für durchaus möglich, dass Hartung im Laufe der Spielzeit
603 2068 2865 2208 diese Uraufführung macht, im Augenblick jedoch möchte er aber lieber
606 2159 1999 2325 ein modernes Stück zur Aufführung bringen.
1811 2299 2596 2522 Mit ergebensten Grüssen
2011 2491 2136 2602 Ihr
2034 2551 2528 2768 Dr Rllverie
1785 3322 2019 3436 de Votre
