3059 4039
1255 271 1470 458 842
720 369 2237 622 S. Fischer/Verlag/A.-G.-Berlin W 57.
467 595 2460 711 Bankkonto: Deutsche Bank, Depositenkasse P in Berlin / Postscherkkonto: Berlin Nr. 16692
875 660 2050 797 Fernsprechanschlüsse: Amt Lützow Nr. 6162 bis 6164
2100 669 2594 842 den 14. II. 28
1276 726 1657 827 Bülemstraße so
461 708 675 821 He/vo
898 744 2053 928 Telegramm-Adresse: Fischerverlag 6162 Berlinlützow
1601 857 1883 1068 Seuer
476 982 684 1122 Herrn
946 988 1958 1220 Dr. Arthur Schnitzler
2202 1122 2570 1279 Wien XVIII
949 1238 1847 1452 Sehr geehrter Herr Doktor!
943 1321 2859 1511 Aus Ihren letzten Brief entnehmen wir gern, dass Sie Aen-
458 1485 2758 1609 derungen in den zuletzt übersandten Korrekturabzuge nicht mehr vorzu-
455 1618 2746 1764 nehmen haben, dass wir also die Bogen nun als druckfertig betrachten
467 1717 723 1847 können.
961 1731 2794 1928 Unser Hauskorrektor hat bei der technischen Durchsicht
464 1883 2743 2038 noch zwei Stellen eingezeichnet, die wir Ihnen zur Entscheidung vor-
476 1975 2817 2163 legen, weil wir die Stellen -besonders die auf S.267- nicht nachprüfen
467 2094 2413 2225 können, da wir die angezogene Stelle nicht gefunden haben.
973 2163 2722 2344 Bei dieser Gelegenheit gestatten wir uns darauf hin-
485 2237 2877 2472 zuweisen, dass die Numerierung der einzelnen Abschnitte an verschiedenen
485 2401 2695 2573 Stellen gestört war. Wir haben jetzt die Nummernfolge glatt durch-
479 2550 776 2675 geführt.
991 2666 2499 2847 Wir begrüssen Sie, sehr geehrter Herr Doktor,
1092 2823 2243 2954 mit ganz vorzüglicher Hochachtung
1238 2910 1999 3058 S. FISCHER/VERLAG A.-G.
1844 2966 2520 3216 Mmonn
1282 3026 1624 3159 22 Ppa.
416 3445 1827 3662 Einbendmüße folgen in kurz
