3100 4072
977 271 2291 418 W nilmäusser. D=. E. xxx nachlich.
1314 444 1894 565 Inulisidenzal I
707 434 2622 662 ###t. ###. xxx
1093 565 2173 665 Hüld sich Edlo auf wostud tm A : aazüldosundosngsass'il
791 583 2906 759 3% angeboten hat. Wir haben daraufhin auch weitere Nachzahlung
1466 688 1800 762 oo a iaMÜtii
783 707 2438 893 für "Bernhardi" verlangt, bisher ohne Ergebnis.
854 733 2948 962 7. Zum Fall Harz: Die von Herrn Fischer erwähnten Klage gegen
794 885 2780 1083 Harz hat nach meinen Erfahrungen bei dem hiesigen Schieds-
812 1019 2888 1182 gericht (sofern die Klage dort zuständig ist) dann Sicherheit
817 1143 2830 1322 auf Erfolg, wenn tatsächlich nachgewiesen werden kann, dass
815 1243 2722 1400 Harz seine Exemplare schuldhafterweise nicht verbreitet.
859 1293 1022 1366 G.C.F.P.
825 1351 2798 1521 Dann wird in Betracht gezogen werden müssen, welche Mittel
830 1445 2769 1632 ein Verlag anzuwenden hat, um ein Werk, das bereits in so
1674 1574 1971 1653 G.C.H.F.P. n
833 1566 2746 1755 hoher Auflage verkauft ist, weiter zu propagandieren. Es
1022 1619 1125 1682 .  Le
510 1603 675 1766 G.H.F.P.
838 1658 2846 1842 könnte nämlich sein, das Harz sich darauf beruft, dass die
1579 1692 1842 1763 G.C.H.F.P.
1905 1774 2859 1950 gering sind, dass er seine
796 1834 996 1913 G.H.F.P.
841 1808 1921 2005 Anforderungen nach Exemplaren so
843 1900 2730 2057 Vorräte aus diesem Grunde nicht verringert hat. Aber im
851 1997 2890 2168 allgemeinen würde das Schiedsgericht hier auf dem Standpunkt
2323 2097 2404 2165 G.F.P.
851 2081 2832 2325 stehen, dass Ihnen nicht zugemutet werden kann, im Vertrag
820 2186 2740 2391 zu bleiben, wenn der Verlag Handlungen begeht, wie etwa
857 2286 2869 2530 das dolose Zurückhalten der Exemplare, um eine neue Auflage
1164 2373 1264 2451 G.C.F.P.
1732 2441 2275 2567 gerichtsz xxx
851 2507 1361 2704 zu verhindern.
1374 2515 2567 2696 xxx dolm xxx hn Noim xxxd Hol.
1209 2601 2691 2809 Mit herzlichen Grüssen
920 2754 2294 2953 Ihr ergebener
715 2809 859 2909 M:D:
2168 2830 2564 3079 merc
1753 2890 2113 3098 D
570 2966 1101 3132 reur dei "Ihrer
