3220 3975
1408 202 1543 322 412
847 298 2341 479 S. FISCHER/VERLAG
561 402 2632 604 Bankkonto: Deutsche Bank, Depositenkasse P Berlin / Postscheckkonto. Berlin 1662
1015 506 2184 620 BERene W57, BÜLowSTRÄSSE 90
1212 577 1988 736 Fernruf: Lützow 1662, 6162 und 9292
1966 601 2709 807 Travemünde, 28/8. 1918
727 831 1623 1009 Herrn Dr. Arthur Schnitzle
1623 920 2258 1025 z.Zt. Partenkirchen
1653 1009 2172 1110 Haus Tannenberg
466 1147 969 1331 Lieber Freund!
586 1224 2951 1475 Es würde nicht in Ihrem Interesse liegen, wenn ich „Casanovas Heimfahrt,
2399 1340 2890 1442 Excellency
500 1405 2736 1534 zu einem Ladenpreis von 6 Mark für das broschierte Exemplar ansetzen
512 1469 2936 1650 würde. Dieses Büch, von dem ich mir einen grossen Erfolg verspreche, würde
506 1571 2773 1782 für die breitere Käuferschicht bei einem Umfang von etwa 11 Bogen mit
509 1712 2807 1847 6 Mark zu teuer sein. Ich habe also an einen Preis von 5 Mark gedacht,
2215 1767 2371 1847 G.C.H.F.P
518 1791 2917 1963 um die Verbreitungsfähigkeit des Buches zu steigern. Von diesem Preis bin
525 1877 2764 2098 ich ausgegangen, als ich Ihnen für den Teuerungszuschlag von 1 Mark
531 1963 2896 2153 eine Tanttene von 10-7 angeboten habe. Und Sie' haben ja auch tatsächlich
525 2120 2736 2316 den Vorteil davon, gleich für die ersten 30 000 Exemplare 2000 Mark
528 2199 2727 2396 mehr zu bekommen. Ich bin immer etwas unruhig, wenn es sich um eine
525 2298 2991 2472 Preissteigerung und eine Tantiemenveränderung handelt, weil ich am liebsten
534 2426 2874 2577 alles so liesse, wie es war. Bis Januar dieses Jahres habe ich das auch
537 2506 2788 2696 getan, alle Verteuerung auf mich genommen, in der Hoffnung, es würde
531 2604 2816 2828 bald eine Aenderung der Verhältnisse eintreten. Damit ist sobald wohl
546 2684 2917 2893 kaum zu rechnen und so muss doch Klarbeit und Ordnung auch in die heikle
540 2865 1482 3034 Honorangelegenheit kommen:
702 2908 2776 3126 Durch die letzten Preissteigerungen und insbesondere durch die
564 3055 2767 3184 bedeutende Wiener Verteuerung haben sich die Voraussetzungen meines
558 3110 2856 3285 Zirkulärs verändert. Sie müssen das billigerweise in Rücksicht ziehen,
577 3236 2899 3408 und Sie dürften, wenn Sie Ihre Honorare in Rechnung stellen, im Prinzip
1804 3313 2957 3518 tieme, sondern von den Gesamthonorar
583 3374 1816 3552 eigentlich nicht von der Höhe der Tante
1825 3436 2015 3531 G.C.H.F.P.P
