3219 4072
1477 457 1635 624 360
935 567 2418 733 S. Fischer Verlag Berlin
930 766 2401 856 Amt L6Gow 1662 n. 6162 Theaterabteilung postscheckkonto Nr. 16692
1331 827 2022 943 Berlin W 57, Bülowstraße Nr. 90
1434 908 1699 983 26. Juli
1328 950 1990 1053 Den 191
1145 1182 1987 1315 Herrn Dr. Arthur Schnitzler
2073 1305 2248 1416 Wien
1083 1456 1699 1585 Sehr geehrter Herr!
1212 1672 2438 1769 Das Deutsche Schauspielhaus in Hamburg
2305 1740 2530 1799 mauvaisestä
1099 1792 2502 1873 schickt uns heute das beiliegende Schreiben.
1090 1863 2460 1974 Wir bitten höfl., falls wir den Vertrag ab-
1103 1970 2119 2106 schliessen sollen, um Anweisung.
1189 2071 2524 2219 Herr Theaterdirektor Reucker vom Stadtthea
1112 2195 2532 2305 ter in Zürich hat die Absicht, Zwischenspiel
2296 2248 2392 2298 G.C.H.P
1108 2292 2535 2390 auf den Spielplan zu setzen. Wegen der schwie¬
1103 2392 2388 2493 rigen Lage, in der sich das Stadttheater
1099 2478 2523 2618 Zürich befindet, hat Herr Reucker den Wunsch,
1110 2572 2436 2736 das Stück mit 2 % zu erwerben. Hierzu ist
1493 2664 1624 2732 Zum
1112 2705 2451 2823 zu bemerken, dass nach den schweizerischen
1114 2788 2454 2918 Gesetzen jedes Theater berechtigt ist, ein
1114 2891 2359 3025 als Buch erschienenes Theaterstück ohne
1123 2999 2416 3171 Vertrag gegen Zahlung von 2 % Tantieme zu
886 2924 1011 3185 IIII
400 3373 495 3552 P.S
