3272 3994
1244 193 1410 313 409
822 246 2138 474 S. FISCHER / VERL
2125 318 2599 514 Danto: Gerlin vdse
824 431 1809 573 Deutsche Bank, Depositenkasse ### Bestim¬
982 490 1761 650 BERLIN W J J BULOM
2211 450 2556 688 20/6. rots
1242 559 1809 699 Graf: Dänau: xxx
757 720 950 905 P. s.
923 851 2775 1004 Mir wird erzählt, dass ein deutscher Verleger in Budapest
768 963 2914 1100 mehrere Waggons Papier gekauft hat. Wäre es möglich, festzustellen
779 1044 2781 1212 ob Ungarn Papier liefern kann und ist überhaupt in Oesterreich
771 1170 2213 1317 Papier ohne die Wirtschaftsstelle zu haben?
2015 1258 2205 1370 D. U.
650 1319 1103 1477 Lieber Freund,
2537 1343 2671 1459 G.F.P.S.
763 1352 2382 1587 von Ihren Marken befinden sich folgende Neumfingen
704 1442 2567 1678 "Der Weg ins Freie", "Liebelei". "Kakadu", "Komodie der Wart
688 1552 2497 1785 Im Laufe des nächsten Monats sind alle diese Neudrugke für
696 1638 2797 1889 Mit Ausnahme von „Sterben“ und „Dammerschulen“ wird also xxxute fer
699 1758 2853 2018 aber auch diese beiden Werke werden im Sommer gegrückt worden. xxx
717 1836 2866 2109 am 26. in Wien zu sein hoffe, wird sich ja auch über die Möglichkeit
720 1956 2708 2189 des Neudrucks der Gesammelten Werke sehr barf Klarzeit angene.
808 2063 2893 2302 ben also nach meiner Meinung nicht die geringste Veranlassung, xxx
872 2152 2823 2390 ig zu sein. Wenn Sie, sehr ungereinig Vater, darauf hinweisen
814 2259 2912 2489 es ich von "Ketzer" die 40. - 30. Nachage Brucke. es kann ich darauf
1994 2344 2864 2540 G.C.H.F.P.K.S.
757 2430 2010 2620 aufmerksam machen, dass ein neuen xxx
755 2470 2799 2732 werden karf, wenn es in seinem weiteren Lauf xxxxxx werden xxx
763 2561 2842 2829 Das wird mit Ihrer Casanova-Edvelle genau am gehalten werden, daß
822 2671 2885 2936 ird das notwendige Papier unbedingt da sein mühren, könnte ich tus
1105 2743 2979 2979 würde ich die Verantwortung nicht übernehmen, sie zu Brucken
926 2866 2976 3147 Das Rundschen-Hördrag ihr weisen wir gleichzeitig Ihrem Banakonte.
1448 2955 1544 3016 G.C.F.P.
787 2893 1153 3054 might, so I
1156 2963 1418 3030 G.C.H.F.P.
894 3051 1892 3236 mit hette.
1566 3174 1871 3254 lʼauteur de nouveau
1996 3150 2684 3385 ffischer
