3066 3799
1343 152 1545 305 keb
431 208 2645 478 S. Fischer/Verlag/Berlin M 57/Bülowstraße 9o###
707 402 1651 551 konto: Deutsche Bank. Depositenkasse P in Berli
903 490 1657 619 Fernsprechanschlüsse: Amt Lützow Nr.
1713 396 2082 595 8162-6164
1953 622 2372 789 22. Febr. 24
358 645 581 798 Gr/si.
622 839 1557 1023 Herrn Dr. Arthur Schnitzler
1968 944 2179 1082 Wien
534 1026 1446 1246 Sehr verehrter Herr Doktor,
663 1191 2847 1346 in Polen ist unautorisiert Ihre »Griechische Tänzerin» erschienen.
513 1299 2871 1457 Ich habe als ich davon Kenntnis erhielt, mit andern, auf unautorisierte
510 1425 2666 1575 Veröffentlichungen in Polen bezügliche Fragen, auch diese gleich
510 1516 2856 1663 mitbehandelt und 200 schweizer Franken verlangt. Es ist mir nach langen
513 1642 2786 1748 Schwierigkeiten gelungen, einen aus allen möglichen valuten zusammenge-
519 1718 2856 1877 setzten Betrag von ungefähr 120 Franken zu bekommen; darüber hinaus ist
513 1812 2771 1977 aber nichts weiter zu erlangen, obwohl ich auch bereits einen Anwalt
522 1968 2803 2070 deshalb in Bewegung gesetzt habe. Es liegen hier also für Sie bereit:
519 2020 2616 2170 200.000 österr. Kronen / schw. Frs. 19,30 / schwed.Kr. 44.- und
516 2158 2680 2308 norw. Kr. 30.—.  Ich bitte sie, uns mitzuteilen, wie Sie über das
522 2276 1240 2411 Geld verfügen wollen.
1302 2337 2246 2493 Mit vorzüglicher Hochachtung
1519 2466 1833 2584 ergebenst
1548 2563 2064 2701 S. FISCHER, VERLAG
1581 2648 2035 2718 AKτIEGESELISCHAFT
1525 2666 2455 2845 AUSLANDSABTEILUNO JH Les peine
