3237 3975
1189 329 2074 473 S. FISCHER / VerLAG
462 366 669 545 3. Blatt
2550 384 2744 606 1
623 661 2897 868 von mir bekommen Sie M 1,10, bei einem Ladenpreis von M 5.- also mehr
620 765 2767 978 als 20 %. Das Gleiche ist mit dem Honorar für die neuen Auflagen
632 865 2948 1091 von »Der Weg ins Freie» der Fall: vom Friedenspreis von 5 Mk. M. 1,25,
635 1001 2729 1177 jetzt bei einem Ladenpreis von M 7.- M 1,45, also mehr als 20 %.
2755 984 2839 1114 an
767 1096 2902 1264 Sie werden besser tun; daraus den Schluss zu ziehen, dass ich den
649 1220 2850 1365 jetzigen Preisen nur einen ganz minimalen Gewinn habe, als dass Sie
652 1316 2824 1492 etwa daraus folgern, ich könnte meinen Friedensgewinn ohne Schaden
666 1434 1656 1616 für mich wesentlich schmälern.
793 1503 2937 1665 Sie verweisen auf den „Ketzern und da will ich Ihnen im Vertrauen
661 1590 2813 1777 sagen, dass Hauptmann für den Aufschlag von 50 Pfg. für die neuen
672 1693 2882 1881 Auflagen des Buches überhaupt kein Honorar bekommt. Dieses Buch ist
669 1806 2908 2005 geringer im Umfang wie das Ihre und die Herstellungskosten billiger,
675 1924 2908 2129 so dass ich mich da mit einer Preiserhöhung von 50 Pfg. auf das bro¬
681 2060 1549 2224 schierte Exemplar begnüge.
845 2112 2865 2285 Und nun die Wiener Filiale, die ich eigentlich nur Ihretwegen
2504 2190 2813 2259 «
698 2245 3015 2400 eingerichtet habe. Sie droht mir ein kostspieliges Abenteuer zu werden,
2077 2311 2611 2389 m m m
701 2343 2807 2521 denn ich bin in den Händen Prinzhorns, der auch die Druckerei in
701 2423 2894 2622 seiner Gewalt hat. Ich fürchte, es gibt eine unmögliche Situation,
710 2539 2943 2718 weil zu den sehr viel höheren Preisen noch kostspielige Frachtspesen
710 2712 1114 2824 hinzukommen.
877 2723 2905 2920 Für die illustrierte Ausgabe stehe ich mit Meid in Verbindung.
710 2827 2977 3021 Er will 5-6 Illustrationen zeichnen und ich muss das Buch erst kalku-
721 2914 2928 3136 lieren, bevor ich Ihnen ein Honoraranerbieten mache. Ich will Ihren
721 3032 3026 3223 aber gleich sagen, dass die normalen Tantiemen für illustrierte Bücher
727 3136 2966 3347 auch in Friedenszeiten nicht in Frage stehen, denn es kommen ja noch
727 3254 3035 3424 Honorarkosten für den Künstler und viel höhere Papier- und Druckkosten
739 3315 3035 3575 in Betracht, weil diese Bücher ganz anders ausgestattet werden müssen,
