3143 3832
1007 301 1582 529 CHER
962 467 2659 631 cakasse P in Berlin / Posscheckkonto Berlin Nr. 16622 — — Fernsprech-Anschlüsse: Amt LützowNr. 1662 und 6162.
481 508 763 623 Dankkonto: Deutsche
1821 569 2391 733 Berlin W 57, Bülowstraße 90
645 642 975 776 Blatt III.
645 704 2780 884 zu drucken, so kann es nur durch extra Bewilligung, die die Autoren
645 817 2708 991 sich selbstverschaffen müssen, geschehen. Ich will gleichzeitig
653 927 2721 1101 hinzufügen, dass dieser Fall für Sie eintreten könnte, wenn sich
655 1048 2804 1217 der Oesterreichische Plan doch noch realisiert. Sie sind im Irrtum
653 1115 2727 1327 wenn Sie meinem, es fiele für mich nicht so uns Gewicht, wie für
661 1268 2756 1424 meine Autoren, wenn Ihre Gesamtausgaben nicht gedruckt werden. Es
669 1373 2759 1534 ist für mich ein erheblicher Ausfall, dass ich beispielsweise die
674 1453 2799 1644 Werke Jbsens, die ich mit allen Rechten erworben habe, nicht druk¬
669 1585 2689 1735 ken kann. Wie gross der Schaden dabei ist, werden Sie ermessen,
677 1641 2767 1824 wenn ich Jhnen sage, dass ich für Jhre gesammelten Werke im vori¬
680 1759 2786 1953 gen Jahre etwa 15, 000 Kilo, für Jbsens-Werke etwa 40,000 Kilo Pa¬
682 1872 2810 2036 pier verdruckt habe. Dass ich meinen Betrieb bisher auf voller Höhe
690 1956 2842 2162 für jeden Autor halten konnte, ist eine nicht gewöhnliche Leistung,
701 2106 2761 2265 dass dürfen Sie mir ohne Weiteres glauben. Ich glaube nicht, dass
733 2162 2831 2356 irgend ein Deutscher Verlag heute in der Lage ist, Gesamtausgaben
731 2267 2788 2479 und Einzelausgaben gleichzeitig zu drucken. Bei Cotta sollen die
706 2404 2753 2579 meisten Werke fehlen. Man erzählt mir, dass der Verlag Wolff die
706 2479 2834 2694 Werke von Heinrich Mann nicht drucken kann. Unter diesen Umständen
715 2616 2775 2764 darf ich annahmen, dass die Frage der Gesamtousgaben einstweilen
717 2716 2872 2888 aus unserren Berechnungen ausscheiden darf, bis sich Hilfe schaffen
723 2821 2326 2976 lässt, oder bis wieder Papier zur Verfügung steht.
881 2912 2888 3089 Jch zögere aber nicht, Jhnen die Erklärung abzugeben, dass ich
728 3017 2853 3205 Jhre neue Novelle und Jhr neues Drama drucken will. Ich werde eine
970 3135 2211 3237 und sie damit nicht in Stich lassen
736 3148 2831 3406 Papier-Reserve dafür schaffen, und ich bitte Sie, mir mitzutellen,
2286 3269 2584 3401 Blatt IV.
