2903 3991
2088 283 2448 488 Blatt...
348 330 1482 527 S. FISCHER,VERLAG, BERLIN,
646 440 931 586 Theaterabteilung
348 485 2478 696 Parités an den "Reigen " herandrängen und mit allen wenn nötig
351 646 2576 809 auch Kriminellen Mitteln das Aufführungsrecht zu erpressen oder zu
357 735 2564 937 erschwindeln suchen. Einen derartigen Fall hatten wir jetzt ge-
360 869 2460 1023 legentlich der Aufführungen in Krietern bei Breslau, deren Sie
363 967 2615 1145 Erwähnung tun. Es gelang mir, dieser Aufführungen nach den ersten
378 1086 2585 1258 Vorstellung zu sistieren, nachdem das Polizeipräsidium in Krietern
375 1187 2582 1380 das behördliche Verbot, welches von uns verlangt worden war, abge-
366 1252 2591 1455 lehnt hatte. Ein beschleunigter Schiedsgerichtsprozess führte dann
387 1374 2558 1601 dazu, die sofortige Unterbrechung der Aufführungen durchzusetzen.
904 1490 2603 1690 Ich habe, als Moissi hier durchreiste ihn nochmals
1598 1595 1806 1684 xx
390 1592 2437 1767 ausdrücklich gefragt, oh er im Vorjahre "Paracelsus " in der
393 1699 2570 1904 schwedischen Provinz gespielt habe, dies war aber nicht der Fall.
393 1800 2478 1964 Die Aufführungen in Gothenburg haben mit Moissi nichts zu tun.
1151 1880 2541 2047 ttersache ist inzwischen günstig erledigt.
1946 2005 2434 2106 lʼhonneur à lʼautre ses même.
919 1966 1449 2121 Die Roümxx
402 1993 2645 2204 Das Geld aus dem Abschluss Kopenhagen habe ich Ihren Weisungen ent-
408 2109 2532 2285 sprechend auf Ihr Konto bei der Eidgenössischen Bank in Zürich
414 2213 2561 2374 einzahlen lassen. Ich bitte mir freundlichst mitzuteilen, ob Sie
422 2323 2746 2487 von dort Verständigung über die erfolgte Beberweisung erhalten haben.
1708 2431 1913 2487 G.C.H.F.P.S
1517 2437 1621 2499 G.C.F.P.
1220 2451 1306 2505 Gouvernement
419 2404 2612 2594 Die Garantie für "Reigen" Holland habe ich mit dem Direktor aus
422 2538 2585 2728 Amsterdam persönlich hier verabredet und es schien zunächst kein
428 2636 2627 2823 Einwand dagegen zu bestehen. Wie ich Ihnen aber bereits mitteilte,
428 2740 2591 2951 liegt die Hinderung nicht darin, sondern in dem Lokalmangel, Der
431 2838 2588 3017 Plan tauchte in einer Zeit auf, in der die holländischen Theater
437 2972 2826 3148 und Säle bereits anderweitig besetzt waren. Sollte der Wiener Plan eines
443 3046 2767 3249 holländischen Gastspiels sich verwirklichen, so ersuche ich höflichst
449 3204 2758 3344 um Verständigung, damit ich meinerseits unserem Amsterdamer Vertreter
458 3246 2663 3427 der beauftragt ist, diese Sache nicht einschlafen zu lassen, davon
443 3430 1181 3597 benachrichtigen kann.
