3079 3929
410 677 2664 906 S. FISCHER.VERLAG A.-G. THEATERABTEILUNG
1197 842 1894 915 BERLIN W 57, BÜLowSTR. 90
523 877 2571 1017 Bankkonto: Deutsche Bank, Depositenkasse P in Berlin. 2 Postscheckhonto: Berlin Nr. 16692 - Fernsprechanschlüsse: Ami Litzow Nr 6162 bis 6164
1612 999 2405 1174 Berlin, den 4. Mai 1925
1240 1046 1426 1124 le feuilleur avec les
424 1086 1598 1214 Herrn Dr. Arthur Schnitzler, Wien
418 1290 1301 1435 Sehr geehrter Herr Doktor,
1333 1351 2638 1522 in der Anlage überreiche ich Ihnen ein
427 1508 2638 1606 Schreiben der Intendanz des städt. Schauspielhauses, Hannover mit
427 1609 2632 1743 der Bitte um Rückgabe nach Kenntnisnahme. Ich bitte Sie selbst zu
424 1708 2673 1845 entscheiden, ob wir den Begründungen des Theaters nachgeben
427 1836 2763 1952 oder aber auf der Erfüllung des Vertrages bestehen sollen, da es sich
421 1946 2731 2083 hier um Ihre persönliche Stellungnahme handelt, die der Verlag nicht
421 2048 1043 2164 vorwegnehmen will.
1287 2158 2016 2257 Mit ergebenen Grüssen
1836 2222 2347 2301 S. FISCHER, VERLAG
1871 2286 2312 2353 AKTRENGESELISCHAFT
1821 2341 2373 2478 THEATERABTEILUNG
1952 2402 2388 2530 SKlluere
1034 3236 2867 3515 gen zum vort schr wohl gefühlt,
863 3402 2896 3570 sollten Sie nach der Schweiz reisen
889 3530 2864 3759 würden wir uns sehr freuen Sie
