3143 3976
2055 453 2556 659 30. März 1918
528 543 692 650 F/Si.
898 746 1685 999 Herrn Dr. Paul Zifferer
2100 841 2297 1050 Wien
746 1074 1658 1232 Sehr geehrter Herr Doktor
692 1169 2786 1366 Ich verkenne keinen Augenblick, dass alle von Ihnen angebahnten
602 1277 2905 1473 Schritte lediglich unter dem Gesichtspunkt unternommen sind, das Inte-
594 1405 2878 1584 ressengebiet meines Verlages in Oesterreich auszubauen. Indessen, Sie
611 1464 2914 1691 erinnern sich, dass ich Ihrer Depesche, die eine Beteiligung öster-
1372 1521 1479 1590 auf
611 1584 2929 1766 reichischen Kapitals durch österreichische Papierfabriken in Vorschlag
617 1670 3018 1900 gebracht hat, sofort mit der grössten Skepsis geantwortet habe. Wie rechter
623 1816 2950 1980 ich damit hatte, zeigt sich schon jetzt aus der Antwort Prinzhorns, die
626 1930 2410 2079 Sie die Güte hatten, mir telegraphisch zu übermitteln.
728 2001 2941 2165 Sie werden verstehen, dass ich keinen Augenblick daran denken kann,
635 2088 3000 2308 mich den Gründungsplänen, die durch Anknüpfung der Beziehung zu Prinz-
635 2183 2878 2404 horn bei ihm erwacht sind, zu stellen. Ich bin nach wie vor der Mei-
638 2341 2839 2484 nung, dass ein Verlag wie der meine, nicht Sache eines rein kapita-
647 2425 2923 2586 listischen Betriebes sein kann und darum habe ich in meinem Brief vom
647 2499 2941 2717 20. März gebeten, meinen Verlag bei dieser Kombination so gut wie aus-
653 2616 2842 2783 zuschalten; Prinzhorn vielmehr die Gründung eines Verlages für die
659 2732 2807 2917 sozialen, politischen und kulturellen Interessen Oesterreichs auf
659 2804 2908 3015 breiter Grundlage vorzuschlagen, an dem ich natürlich nun nahe Mass-
665 2926 3012 3129 gabe meiner physischen Kräfte beratend im Aufsichtsrat mitwirken könnte
767 3054 2908 3227 Herr Prinzhorn dreht den Spiess um und fordert nunmehr alle meine
