3363 4199
382 435 892 569 Dr. BRUNO ADLE
439 518 894 613 BERLIN-HALINSEF
441 584 898 687 Paulsborner Straße 87
413 819 606 927 Herrn
316 874 1001 997 Dr. Arthur Schnitzler
413 962 573 1063 Wien
1232 1155 2111 1291 Hochverehrter Herr Doktor,
1252 1245 2923 1355 ich danke Ihnen verbindlichst für Ihre freundliche
1252 1327 2796 1403 Bereitswilligkeit, mir eine Ihrer erschienenen
1239 1377 2765 1450 Novellen für meinen Sammelband zu überlassen.
1245 1419 2785 1504 Noch dankbarer bin ich Ihnen für die Güte, mit
1252 1482 2767 1553 der Sie sich bei S. Fischer für die Erlaubnis
1256 1537 2860 1605 zum Nachdruck verwenden wollen. Vielleicht haben
1250 1570 2860 1669 Sie die Liebenswürdigkeit, schon in diesen Tagen
1254 1612 2930 1696 an ihn zu schreiben und meine Bitte um Überlassung
1256 1680 2853 1797 der "Griechtschen Tänzerin" oder des "Ehrentags"
2780 1713 2914 1803 G.C.H.P.
2374 1726 2528 1810 a-
1256 1753 1805 1838 zu unberstutzen.
1254 1805 2693 1913 Das geplante Buch soll noch im April in der
1254 1882 2855 1972 »Bücherei Der Ring» erscheinen und vorwiegend am
1256 1909 2969 2012 die Mitglieder von gewerkschaftlichen Organisationen
1261 1979 2980 2078 zum Preis von M 1.- abgegeben werden. Die Einhaltung
1254 2036 2802 2111 dieses Preises trotz der guten Ausstattung und
1254 2084 2827 2166 des Umfangs des Bandes ist nur durch erhebliche
1261 2119 2925 2216 Opfer des Verlags und durch das Entgegenkommen der
1263 2185 2892 2264 beitragenden Autoren möglich. Wollen Sie bitte so
1263 2234 2923 2308 freundlich sein, mir unter Berücksichtigung dieser
1269 2295 2925 2363 besonderen Verhälthisse Ihrer Honoraranspruche be-
2003 2343 2471 2436 erhalt
1258 2352 1768 2444 kannt zu geben.
1261 2416 2726 2508 Ich möchte in den Bandigern eine ganz knappe
1263 2460 2840 2561 Biographie jedes der mitarbeitenden Autoren auf
1263 2534 2860 2622 nehmen. Wenn Sie, wie ich hoffe, dagegen nichts
1261 2563 3024 2673 einzuwenden haben, bitte ich Sie, mir die wichtigsten
1261 2638 2941 2723 Daten Ihres Lebens und Schaffens, soweit sie nicht
1263 2688 2939 2769 bekannt und aus Handbüchern zu entnehmen sind, mit-
1265 2719 3024 2822 zuteilen, und wenn möglich, auch eine kleine Portrait
1265 2807 2045 2903 Photographie beizufügen.
1269 2875 3015 3013 Indem ich Ihnen nochmals herzlich danke, zeihhne ich
1265 2965 2051 3055 mit besten Empfehlungen
2302 3018 2636 3132 Ihr ergeben
2236 3130 2664 3264 Brunvader
