3080 3880
1365 325 1451 505 111
1684 455 2305 575 Geschätzung des Hausführungen wurde.
1309 468 1568 585 J'ai f aussi
631 505 854 614 a/d aiksaft
1704 541 1890 614 adresseur
1249 508 2597 697 Zustimmung der zu verrechnenden Summen ver-
810 571 913 734 S.
442 628 2674 794 nieden werden, so bleibt nur der Weg der Vorgushonorierung möglich.
2182 721 2322 780 G.C.H.
452 714 2740 913 Wir sind bereit, diesen Neg zu betreten, so schwierig die gegenwärti-
458 854 2657 1026 gen Verhältnisse auch sein mögen.- In der Annahme, dass Sie diesen
462 930 2787 1129 günstigsten Modus, den wir anzubieten hätten, akzeptieren, überreichen
465 1050 2667 1252 wir Ihnen in der Anlage eine Aufstellung für die Honorare, die wir
472 1186 2667 1332 Ihnen für September gutschreiben. Bei dieser Aufstellung gehen wir
465 1255 2703 1425 von dem ungefähren Absatz des Vornonats und von der heute geltenden
458 1378 2707 1548 Schlüsselzahl von 14 Millionen aus, und in gleicher Weise müsste es
163 1445 389 1594 G.C.H.F.P.
478 1431 2727 1647 auch in jeden kommenden Monate gemacht werden. - Bei dieser Honoris-
478 1548 2816 1747 rungsweise können wir, wie früher, nur von Ladenpreis des broschierten
468 1704 2753 1886 Exemplars, das Honorar voraus errechnen und zwar zu dem Tantiemensatz
495 1777 2395 1976 wie er vor der Einführung der Erlösabrechnung gültig war.
76 1843 448 1993 regarder¬
482 1880 2780 2096 Nun können - wie Sie sehen werden - bei der Errechnung zur heuti-
209 1943 458 2072 as is a
498 1973 2830 2169 gen Schlüsselzahl von 14 Millionen ganz bedeutende Ziffern heraus, die
96 2076 442 2212 geenneten.
495 2106 2836 2295 auch Licht annährend in Verhältnis zu den Ziffern des Vornonats stehen
199 2169 472 2305 G.C.F.P.S
163 2229 2830 2381 können, was aber einmal seinen Grund darin hat, dass die Schlüsselzahl
402 2312 2717 2524 des Vormonats noch verhältnissig sehr bescheiden war, dann aber
209 2418 2836 2597 xxx auch die auf dieser Basis errechneten Summen in ihrem Wert viel gerin-
485 2518 2820 2694 ger erscheinen, als sie zur Zeit waren. Die Abrechnung für den August
266 2597 428 2710 G.H.F.P.
521 2637 2335 2787 werden wir mit grösster Beschleunigung fertigstellen.
352 2687 475 2836 G.C.F.P.
389 2717 2810 2903 Nach dem heutigen Stand des Dollars müsste übrigens die Schlüssel
515 2840 2694 3016 zahl mindestens 30 Millionen sein: wir müssen also unsere Bücher
515 2959 2282 3132 dig unterwertig liefern, un weiter verkaufen zu können.
289 2946 405 3139 G.C.F.P.
1784 3049 2434 3208 Hochachtungsvoll
1956 3085 2561 3205 FISCHER. VerLAG A.-G.
382 3092 525 3255 G.H.F.P.
1700 3185 2524 3305 BERLIN W., BÜLÖW-STR. 90.
226 3218 335 3351 G.H.F
2003 3235 2348 3401 cher
