3224 4088
1766 256 1966 392 934
961 430 2606 615 S. FISCHER VERLAG A.-G. BERLIN W 57
1407 541 2163 653 Theaterabteilung
764 691 2796 767 Fernsprecher: Lützow Nr. 6162-6164 / Telegramm=Adresse: Fischerverlag 6162 Berlinlützov
767 729 2788 837 Baukkonto: Deutsche Bank, Depositenkasse P in Berlin / Postscheckkonto: Berlin Nr. 16892
1488 802 2057 941 Bülowstraße 90
903 921 2611 1133 Bl.2. Herrn Dr. A. Sohnitzler, xxx den 10.10.29.
873 1093 2811 1273 verkauft hat, mit Verlust abzustossen. Er behauptet, dass
870 1219 2616 1341 er vom "Reigen" soviel Exemplare verkaufe, als sich
880 1338 2884 1472 eben verkaufen lassen. Kein anderer Verleger könnte bessere
880 1450 2677 1579 Verkaufsresultate erzielen.Keineswegs sei er gewillt,
883 1574 2654 1690 das mit 75 Goldpfennigen pro Exemplar vorausgezahlte
870 1670 2788 1779 Honorar preiszugeben, noch die Bücher selbst unter ihrem
880 1774 2606 1928 wahren Wert zu verkaußen. Wenn man ihm freistelle,
878 1862 2854 2004 den Ladenpreis des Werkes herabzusetzen, dann könne aller-
878 1963 2879 2105 dings damit gerechnet werden, dass die Vorräte in kürzester
878 2085 2717 2231 Zeit verkauft sind, sodass einer neuen Auflage, die wir
888 2176 2887 2315 veranstalten wollten, nichts im Wege stände. Herrn Fischers
880 2315 2821 2439 Standpunkt zu dieser Angelegenheit habe ich Ihnen bereits
883 2391 2634 2543 am 26.3. mitgeteilt, wonach er als beste Lösung an¬
883 2497 2851 2692 sieht, dass Harz seine Bestände verkauft und wir dann eine
880 2624 2834 2798 neue Auflage veranstalten. Ich glaube, dass infolgedessen
888 2727 2788 2882 eine direkte Verhandlung zwischen uns und Harz im Augen-
893 2884 2656 3036 blick resultatlos bleiben müsste und somit die Ent-
880 2958 2844 3137 schliessungen in dieser Angelegenheit von Ihnen allein zu
883 3104 1351 3276 fassen wären.
1318 3200 2775 3378 Darf ich Sie noch um Auskunft bitten, wie
903 3327 2818 3517 eigentlich die Angelegenheit „Fräulein Else“ steht? Die
