3096 3657
2137 343 2711 509 nicht gut möglic
1795 369 1941 527 en.
1639 395 1768 486 wer
1865 448 2029 533 bekandts=
1663 471 1812 536 Votre 13e
1189 486 2749 629 auszuhosorieren; für Ihre Prosabücher und Gesamta:
834 521 1104 659 dich ein gebührlicher
1411 553 2717 741 ter je nach den Auflagen Vorauszahlungen
1282 641 1385 752 we.
989 615 1110 732 wir
1487 711 2848 834 dass wir bei den heutigen sehr hohen Lade
1268 729 1443 826 e Sie
989 703 1145 858 bed
837 808 2831 966 ein sehr grosses Risiko eingehen müssten, wenn wir alle Tan-
565 834 729 954 prei.
1388 869 2878 1074 Dieser Hinsicht haben sich die Verhältnisse
574 925 1344 1077 tiemen vorausbezahlten.
565 972 2892 1151 doch wesentlich verändert; es handelt sich jetzt um enorme Summen, die
744 1110 2948 1262 Verleger als Vorschüsse auf die Tantiemen (denn das sind sie doch)
2108 1197 2834 1335 dazu gehören, die auf
574 1241 1997 1361 investieren kann, es würden ganz enorme Mit-
293 1244 404 1382 G.H.F.P.
966 1300 2831 1467 Zeit festgelegt werden müssten. Wenn ich heute ein neues
603 1341 972 1481 unabsehbare
1013 1437 2872 1560 so habe ich nicht mehr Tausende, sondern Hunderttausende
594 1446 984 1581 Werk drucke,
588 1540 2775 1660 für die Herstellung aufzuwenden; kein Verleger hat soviel Kapital,
586 1619 2872 1789 um auch noch die Tantiemen vorauszubezahlen. Der Tantiemenmodus setzt
577 1745 2775 1871 im Gegensatz zum festen Honorar den Anteil am verkauften Exemplar
591 1844 2848 1964 voraus, ganz so, wie Sie Ihre Tantiemen vom Theater nur für erfolgte
404 1868 489 1982 G.F.P
1475 1941 2134 2070 admissaamis ettärkke maa-
597 1970 1490 2087 Einnahmen bekommen können.
667 2040 2925 2178 Um also zu resumieren: Auf Ihre Prosawerke und auf die Gesamtaus-
600 2155 2954 2307 gabe kann ich im Verhältnis zur Auflage Vorauszahlungen machen; auf die
905 2266 1452 2342 3 actes de la nouvelle ses aveccembres
600 2248 2749 2412 dramatischen Werke nach Absatz; eine entscheidende Rolle spielt
2207 2354 2550 2480 an Ihnen doch
609 2368 2131 2491 übrigens nicht, denn Ihre Haupteinnahmen seies
606 2485 1736 2635 Gesamtausgaben und aus den Prosawe-
1168 2567 1487 2646 Votre très avoir été entretoué
2635 2535 2910 2673 Verrech¬
1973 2576 2143 2702 nach
708 2582 1654 2714 Ich lasse also eine Abrechnung
1792 2690 2102 2784 gewöhnlich
612 2682 1402 2825 nungsmodus herstellen und
621 2793 1247 2922 Geschäftsjahres per
615 2898 1215 3021 hoffe, sie Ihnen
635 3007 1221 3138 bisher alle Preise
787 3109 1030 3226 Ihrlich
