3168 4023
1181 186 1347 332 liche
622 251 2173 484 S. Fischer Verlag, Berlin M., Bülowstrasse 9o
1347 412 1751 552 4. Nov. 1915
785 660 1658 826 Herrn Dr. Arthur Schnitzler
1862 764 2049 896 Wien
601 896 1080 1059 Lieber Freund,
769 1010 2398 1171 wir haben Ihre Abrechnung für den "Blinden Geronimo"
1585 1077 2310 1140 -. -. - -.. r...
505 1093 2383 1282 bekommen und das Konto' für die Kosten der gelieferten Stiche
500 1228 2448 1370 mit 371 Kronen 14 Heller belastet, andererseits den Betrag von
508 1318 2538 1471 360 Kronen für die verkauften 72 Stück der Vorzugsausgabe å 5 Kr.
513 1445 2486 1570 dem Konto gutgeschrieben. In die anliegende Abrechnung, die per
510 1484 2598 1673 1. Oktober abgeschlossen ist, haben wir die von Ihnen verrechneten
521 1606 2476 1779 Beträge mit eingestellt. Der Reingewinn stellt sich demnach im
518 1704 2466 1873 ganzen per 1. Oktober auf M. 2168.- Hiervon überweisen wir die
521 1823 2318 1974 Hälfte - M. 1084.- zu Gunsten der im Feld Erblindeten der
531 1950 2437 2088 österreichisch-ungarischen Armee an die Neue Freie Presse zur
534 2015 2406 2217 weiteren Verwendung. Den gleichen Betrag stellen wir für die
526 2111 2422 2297 Erblindeten der deutschen Armee der Deutscher Kriegsblinden
536 2266 1994 2406 stiftung für Landwehr und Flotte zur Verfügung.
899 2365 1614 2520 Mit herzlichen Grüssen
1652 2378 1782 2546 Ihr
1523 2562 2059 2758 S. Fischer
