3079 3784
1405 216 1551 367 1649
663 263 2564 490 fischer/Verlag/Berlin M 57/Bülowstraße
677 448 2455 582 Baukkonto: Deutsche Bank. Depositenkasse P in Berlin / Postscheckkonto: Berlin Nr. 16892
957 537 1732 677 Fernsprechanschlüsse: Amt Lützow Nr.
1808 532 2144 716 8162-6164
2029 753 2424 901 23. Jan. 24
456 786 638 943 F/Si.
842 904 1968 1083 Lieber und sehr verehrter Freund,
742 1036 2785 1234 mit der Ausrechnung der Malnten sind drei Kräfte unausgesetzt
635 1145 2790 1327 beschäftigt.; es ist eine sehr komplizierte und mühselige Arbeit
647 1265 2698 1469 und es wird vielleicht noch zwei bis drei rage dauern, bis ich
1744 1374 1870 1464 l'année en aussi a été d'une
635 1385 1822 1559 Ihnen die Abrechnung schicken kann.
694 1450 2824 1629 Die Verzögerung der Abrechnung liegt nicht an mir. Ich habe auf
641 1590 2779 1772 meine Briefe von November und Dezember von Ihnen überhaupt keine
641 1679 2788 1881 Antwort bekommen und Herr Jacob sagte mir, dass er erst von Wien
644 1791 2872 1937 aus in der Lage sein wird, mir zu schreiben; das hat er auch getan,
655 1881 2905 2057 aber ich habe auf Ihre Entscheidung bis zum Eintreffen Ihres letzten
641 1990 2785 2214 Briefes marten müssen. Also, wie gesagt, in 2 - 3 Tagen erhalten
655 2158 1299 2326 Sie die Abrechnung.
1408 2183 2158 2385 Mit herzlichen Grüssen
1587 2340 1702 2496 Ihr
1492 2477 1951 2715 fisch.
2446 3331 2547 3462 der
2606 3297 2902 3473 inzelve mich
2357 3417 2441 3524 ne
