3096 3896
2361 184 2459 306 of
1427 196 1519 352 35
755 282 2245 470 S. Fischer / Verlag / A.=G. =Berlin W 57
502 427 2485 649 Bankkonto: Deutsche Bank, Depositenkasse P in Berlin / Poitscheckkonte: Berlin Nr. 1669.
922 565 2075 703 Fernsprechanschlüsse: Amt Lützow Nr. 6162 bis 6164
1323 626 1695 755 Bülowstrast oo
2064 608 2404 770 Juli 25
329 683 502 833 y/Si.
2473 767 2568 920 ob
594 738 1508 997 Herrn Dr. Arthur Schnitzler
1205 957 1329 1104 G.F.P.
1369 971 1470 1101 G.C.P.
807 1000 899 1084 J.C.P.
530 1064 1009 1188 Lieber Freund,
634 1055 2698 1280 wir haben soeben die Lagerinventur per i. Juli fertiggestellt.
1856 1173 2280 1257 G.C.H.F.P.S.
542 1228 2701 1358 Es kommen für Sie drei Neudrucke in Frage. » Der tapfere Cassian»
539 1317 2859 1505 ist vergriffen, diese kleine Buchausgebe geht sehr schwach, wie wollen
542 1410 2707 1585 1000 Exemplare drucken. Von »Frau Berta Garlanw werden wir in der
548 1525 2842 1686 grösseren Ausgabe 3000 Exemplare drucken und nun könnten wir auch den
553 1608 2712 1807 " Leutnant Gustl» neu drucken und zwar entweder für die wohlfeile
542 1730 2707 1900 Bibliothek, in der neuen sehr guten Ausstattung; davon würden wir
559 1842 2701 1986 10 000 Exemplare drucken können. Bei diesem Buch schwebt mir vor,
568 1928 2877 2087 dass der Ahnherr von „Fräulein Eisen vielleicht auch sehr gute Chancen
559 2038 2813 2191 ausserhalb der wohlfeilen Marie haben könnte, wenn sich Ihre heutige
562 2122 2787 2297 Meisterschaft an die Revision der Textgestaltung heranwagen wollte.
1712 2220 2087 2315 für Gustl
1084 2231 2891 2355 sen gemessen haben Sie einen grossen Weg durchschritten.
568 2280 1058 2433 An »Fräulein E
1081 2343 1271 2421 de Ses
675 2323 2862 2488 Es freut mich, dass ich Ihnen wieder einmal in Verlagsangelegenhei-
582 2476 2712 2588 ten etwas schreiben kann. Es ist ja leider so, dass heute in der
574 2548 2828 2738 Hauptsache nur immer Novitäten gekauft werden; das Publikum verlangt
585 2681 2773 2842 immer Neues und es ist sehr merkwürdig, dass auf die älteren Werke
588 2767 2857 2917 nur wenig zurückgegriffen wird. Es ist auffallend wie sich das gerade
585 2848 2865 3018 aus der Erfahrung der letzten Bucherfolge dokumentiert. Wir haben von
594 2986 2816 3148 Hauptmann "Jnsel" 50 000 Exemplare gedruckt, der "Zauberberg" liegt
597 3084 2735 3254 ebenfalls in 50. Auflage vor, von Shaw „Johannaw drucken wir das
591 3162 2257 3338 60:-70 Tausend. Ueberall die gleichen Erfahrungen.
724 3217 2851 3476 Lassen Sie mich wegen "Leutnant Gustl» bald Bescheid wissen. Ich
