3077 3866
650 619 2547 827 FISCHER/VERLAG^THEATERABTEILUNG·BERLIN
1275 775 1894 927 W 57 BUL0WSTR90
387 799 1455 1028 Herrn Dr. Arthur Schnitzler,
2492 872 2687 1104 1er 23
1940 942 2339 1156 Den 7. Mai
360 1083 1281 1312 Sehr verehrter Herr Doktor,
1287 1214 2772 1400 Bezgl. der Aufführung von " Schwestern " in
354 1345 2663 1546 den Hamburger Kammerspielen teilex ich Ihnen ergebenst mit, dass der
363 1452 2809 1644 " Tapfere Casian " hinzugegeben werden soll. Da dort die Proben bereits
354 1604 2742 1745 begonnen hatten, glaubte ich dieser Absicht kein Hindernis mehr in den
363 1717 2776 1915 Weg legen zu sollen. Die Aufführung soll bereits am Mittwoch den 9. Mai
357 1882 2532 2050 stattfinden. Das Deutsche Schauspielhaus wurde vorher angefragt.
857 1998 1650 2184 Mit den besten Grüssen
1635 1989 2544 2278 Ihr ergebener Leu seinem
