3210 3943
1948 326 2096 441 P.S.
1339 323 1454 508 FJ
951 323 1184 477 G.H.F.P
696 471 2632 640 Das Publikum hat sich, wie wir alle aus Erfahrung wissen, an
483 556 2655 744 bedeutende Preiserhöhungen auf allen Gebieten des täglichen Bedarfs
497 679 2646 819 verhältnismässig leicht gewöhnt und es ist anzunehmen, dass es sich
485 741 2646 926 den neuen Preisverhältnissen auf dem Büchermarkt (die besonders für
485 856 2658 1007 kommende Bücher eine wesentliche Veränderung erfahren werden) um so
494 965 2686 1083 schneller anpassen wird, als das bedeutend eingeschränkte Papierkon-
502 1007 2742 1162 tingent einen starken Rückgang der Bücherproduktion zur Folge haben muss.
718 1131 2745 1254 Wir möchten die Verteuerung unserer Bücher so lange es geht auf
502 1184 2702 1364 das unbedingt notwendigste Mass einschränken, um die Ladenpreise wie
502 1294 2697 1437 bisher auf einem relativ niedrigen Niveau zu halten. Im allgemeinen
511 1375 2554 1541 werden wir uns mit ungefähr folgenden Freiserhöhungen begnügen:
643 1473 2686 1675 Bei einem Ladenpreis von weniger als M 3.- für das brosch. Expl.
2004 1557 2498 1678 um etwa 50 Pfg.
1355 1650 2458 1790 „ M 3.- bis M 5.- zumeist um M l. -
1355 1754 2411 1883 „ M 5.- „ M 6.- um etwa M 1.60
699 1813 2753 2018 mehrbändigen Werken je nach Umfang in angemessenem Verhältnis.
744 1919 2666 2079 Diese Preiszuschläge sind als äusserst gering zu bezeichnen;
533 2051 2714 2172 wir dürfen die Versicherung geben, dass sie nicht ausreichen, unsere
536 2107 2683 2307 Mehrkosten zu decken; falls eine weitere Erhöhung der Herstellungs-
528 2178 2756 2383 kosten eintreten sollte, werden wir gezwungen sein, auf die Angelegen-
530 2329 1572 2486 heit noch einmal zurückzukommen.
763 2374 2708 2537 Bezüglich der Honorarregelung für die Preiszuschläge möchten
544 2506 2781 2641 wir in Übereinstimmung mit anderen führenden Verlegern unsern Autoren
547 2596 2767 2711 vorschlagen, auf den Preiszuschlag eine Tantième von 10% zu verrechnen,
550 2652 2787 2820 sodass in Zukunft auf den alten Ladenpreis dasselbe Honorar wie bisher
553 2753 2747 2927 verrechnet wird, wozu noch eine Tantième von 10% für den neuen Preis-
2621 2832 2708 2938 G.H.F.P.
556 2885 1201 3011 zuschlag hinzukommt.
769 2910 2781 3126 Kommende Bücher werden von vornherein zu einem den heutigen Ver-
553 3042 2806 3182 hältnissen angemessenen Ladenpreis kalkuliert werden müssen; er wird
564 3151 2792 3295 viel höher sein wie die gegenwärtig erhöhten Freise. Für diese Bücher
