3000 3642
862 227 1442 383 VERLAG, BERLIN,
2337 219 2569 389 Blatt 2
665 506 2676 722 etwa ein Drittel ihrer Abonnenten (Ausland-Abonnentens) verloren
602 695 2671 840 hat, so möchte ich doch Ihnen ein Abdruckshonorar anbieten, das Sie
583 818 2676 947 befriedigen soll. Vielleicht schicken Sie uns also etwas von diesen
569 903 966 1034 Arbeiten zu.
791 974 2679 1146 Wird dadurch der Weg für das Novellenbuch frei, so würde ich
569 1111 2649 1226 vorschlagen, das Buch im Rahmen einer neu zu schaffenden Serie von
566 1231 2591 1349 Erzählungen, zum Preise von M. 3,50 für das broschierte Exemplar,
569 1313 2769 1417 im nächsten Jahr herauszugeben. Diese Marie steht nicht im Widerspruch
572 1412 2764 1565 zu der hier erwähnten Knappheit der Arbeitsmittel, sie ist in gewissem
569 1499 2714 1653 Sinne eine Folge davon und nötig, um die wenigen Bücher, die wir her-
566 1625 2701 1735 ausbringen können, kräftig zusammengefasst in einem wirksamen Rahmen
566 1710 2703 1841 sichtbar zu machen, was in diesen unruhigen Zeiten doppelt notwendig
566 1814 2761 1948 ist. Wir werden dabei den wenig verlockenden Weg von Zeitungsreklamen
569 1951 2747 2060 betreten müssen, um nicht überschrieen zu werden, denn Reklamen dieser
566 2033 2635 2178 Art scheinen die neueste Methode zu sein, um schnelle (und wie ich
566 2153 2583 2271 glaube schnell vorübergehende) Erfolge zu erzielen, eine Methode,
566 2236 2523 2378 die sich freilich auch bald in ihrer Wirkungsfähigkeit abnützt.
837 2318 2255 2482 Mit vielen Weihnachtsgrüssen von uns zu Ihnen
2074 2454 2189 2586 Ihr
1751 2558 2378 2818 H. Fische
