3049 3735
1559 346 1753 484 VE
636 505 1374 630 A. Schnitzler 30/1.2
2081 696 2458 812 erhalte xxx
526 720 2762 848 durch unsere vierteljährliche Lageraufnahme schnell aufzustellen ist.
1245 836 2317 899 le compte de lʼhonneur de la nouvelle ses aveaux.
523 851 2685 959 Das setzt natürlich in einem gewissen Grad die Stabilität unserer
1648 944 1765 1003 G.H.F.P.
1851 947 2380 1009 "1o IraV mocle nov
523 932 2777 1072 Währung voraus, denn sonst sind Preisschwankungen unverneidlich. Nun
1992 1042 2485 1114 am 11. xr.
523 1060 2834 1168 wir haben ja reichlich die Erfahrung gemacht, dass Preiserhöhungen zur
2040 1147 2380 1215 G.H.F.P. v.
520 1147 2840 1290 Zeit der Geldentwertung keine Wertveränderungen ursprünglich gezahlter
1837 1254 1968 1317 P.S.
1995 1257 2165 1323 G.C.F.P.
520 1272 2894 1377 Tantienen bildeten und ich teile die Zuversicht, dass wir in Deutschland
1744 1356 2491 1433 so wird xxx ausgeld
511 1371 2861 1514 eine stabilisierte Währung behalten. Das setzt uns über alle Schwierig-
1956 1463 2049 1520 G.H.F.P.
505 1466 2852 1616 keiten, mit denen wir in den letzten Monaten zu kämpfen hatten, hinweg.
1684 1568 2132 1639 G.C.H.F.S.
514 1586 2915 1717 Vielleicht werden Sie dann auch finden, dass die Goldmark die Verrechnung
2574 1669 2768 1735 ou leur ami
511 1678 2801 1795 in Originalvaluten überflüssig macht, denn die Valutenverrechnung ist
1681 1777 1953 1837 G.H.F.P.
2001 1774 2153 1846 G.H.F.P.
2270 1774 2497 1840 G.C.H.F.P.
502 1783 2768 1935 der schwierigste Punkt. Für uns hat die Valuta theoretisch aufgehört
505 1875 2822 2022 eine begehrenswerte Angelegenheit zu sein und wenn die Stabilität noch
2270 1980 2386 2043 G.H.F.P
1305 1977 1392 2040 G.H.F.P
1953 1980 2204 2046 G.C.H.S.
496 1992 2756 2111 2 - 3 Monate anhält, dann würden wir an liebsten zu der Fakutrierung
1266 2084 1520 2147 G.C.H.F.P
499 2090 2795 2240 der Auslandssendungen in deutsche Währung wieder zurückkommen, un mit
505 2192 2852 2320 einer einheitlichen Währung zu arbeiten. Wir haben der Abrechnung eine
490 2305 2879 2449 Gebrauchsanweisung beigelegt, aus der Sie sich hoffentlich zurechtfinden
499 2419 2694 2517 werden. Macht sie Ihnen Schwierigkeiten, so wäre es am besten, Sie
496 2514 2723 2616 würden kurzer Hand nach Berlin kommen, um in den Abrechnungssapparat
490 2598 2831 2726 Einblick zu nehmen und den ganzen Komplex von Fragenpersönlich mit mir
1218 2697 1711 2759 Il rtamiiitk xxx
502 2694 2144 2840 zu besprechen. Ich erlaube mir Ihnen die
2508 2723 2840 2846 der Reise
815 2804 1851 2861 am 3. Februar 1792.
2416 2762 2729 2897 toutes pour les nouvelles en vous
505 2810 1180 2924 kosten zu dieser reit
1168 2843 1914 2965 gesehüftlichen Exkurs
1030 2900 1180 2965 ###
346 2801 472 2924 G.C.H.F.P.P
1242 2912 1684 2968 Tob Schol xxx
543 2941 1989 3061 Wir haben einheitlich die Verrechnung in xxx
2508 2935 2909 3094 vorgenommen
481 3034 2010 3150 mit Ausnahme der Erlösabrechnung für Osterreich.
2464 3061 2840 3198 bis Septe
1230 3133 1412 3177 11 60 1
481 3118 2001 3234 ber 1923; nichtsdestoweniger kann die Auszahlung
2240 3162 2753 3285 Oesterreich und
1332 3210 2007 3288 baalleried geldosre.
1084 3213 1171 3282 P7.
487 3216 2135 3368 die Tschechei in der Währung dieser Länder erfolge
2380 3240 2712 3395 sielsweise
484 3357 2114 3482 würden die für Oesterreich - Oktober bis Dezenber
2341 3357 2852 3506 Schweizer Franken
591 3440 1293 3607 1424.07 verrechneten
1622 3464 2204 3613 etwa 17 ½ Million
2276 3461 2664 3604 sterr. Kronen
