2915 4173
1871 425 2374 572 Blatt
190 457 1500 655 S. FISCHER,VERLAG, BERLIN,
1719 420 1816 555 P.P.
489 580 750 718 Theaterabteilung
603 727 2351 934 Aufführungen von Schwestern " in Ungarn haben xxx
138 848 2310 1052 meines Wissens bis jetzt nicht stattgefunden. Ich kann mich aber
1377 966 1693 1035 raad eeb
1124 974 1262 1046 G.H.F.P.
957 980 1072 1043 G.C.F.P.
158 948 2446 1144 sicherheitshalber nochmals bei Merton erkundigen. Der holländischen
911 1089 1012 1150 Yah
158 1072 2417 1264 Plagiatangelegenheit "Schwestern" bin ich sofort nachgegangen und
158 1204 2388 1342 übersende Ihnen mit gleicher post die beiden Hefte der Zeitschrift
230 1313 2239 1460 Groot Næderland ", in denen  das Stück von Wagenvoort " De
167 1397 2371 1572 Fortiintjes von Casanova " enthalten ist. Ich habe einen Teil des
178 1517 2486 1675 Stückes hier durch eine holländische Uebersetzerin mit " SchwesterN"
178 1627 2402 1779 vergleichen lassen. Die Dame hat jedoch keinerlei Uebereinstimmung
181 1724 2469 1900 zwischen Ihrem und dem Werke von Wagenvoort entdecken können, sofern
175 1879 2288 1989 man von dem allgemeinen Stoffgebietetabsieht. Ob vielleicht im
195 1980 2310 2112 einzelnen Uebereinstimmungen vorhanden sind, müsste noch einer
193 2109 1486 2256 genaueren Prüfung vorbehalten bleiben.
624 2170 2302 2313 Besonders verbunden wäre ich Ihnen, wenn ich den
195 2236 2331 2431 angekündigten Brief über Amerika recht bald erhalten könnte. Da
193 2388 2489 2520 Bartsch die Beschaffung der beim Altien property Custodian liegenden
204 2506 2368 2627 Gelder abgelehnt hat, muss ich nun doch auf Brandt und Kirpatrik
213 2621 2517 2759 zurückgreifen. Wenn dies im Zusammenhange mit irgendwelchen Nachrich-
218 2721 2494 2857 ten, xxxx die ich ihm über die Vertretung Ihrer Werke in Amerika
218 2822 2506 2969 geben könnte erfolgen würde, so müsste dies den Eifer der Leute auch
218 2914 2391 3055 in der Angelegenheit des Allien property Custodian sehr fördern.
615 3026 2348 3170 Vielleicht freut es Sie zu hören, dass dieser Tage
221 3127 2443 3262 ein Rundschreiben an die deutschen Bühnen hinausgeht, mit der Auf-
230 3219 2448 3382 forderung Ihre Werke gelegentlich Ihres 60t Geburtstages auf den
224 3354 2526 3483 Spielplan zu setzen. Ich erhoffe mir davon eine Ehrung und Förderung
230 3443 2523 3655 Ihres Gesamtwerkes,an der ich für mein bescheidenes Teil wenigstens
