3153 3991
1389 140 1581 355 47.
614 312 2774 521 S. Fischer/Verlag/Berlin M 57/Bülowstrasse 9o
987 457 2556 556 to: Deutsche Bank. Depositenkasse P in Berlin / Postschockkonto: Berlin Nr. 16892
1365 512 2282 649 chlüsse: Amt Lützow Nr. 1662. 6162 und 9292
2195 696 2591 844 8. Dez. 20
568 629 751 838 p/si.
1857 774 2600 1001 Herrn Nachlänger.xxx
1051 935 1953 1106 Herrn Dr. Arthur Schnitzler
1686 1013 2169 1130 xxx xxx
2172 1004 2381 1202 Wien
678 1159 1164 1339 Lieber Freund,
888 1316 2850 1485 ich lasse Ihnen die Schlussbogen für die 125 Luxusexemplare
690 1447 2937 1575 zur Unterschrift und Numerierung zugehen und bitte Sie, die Bogen in
699 1552 2911 1706 sehr sorgfältig verpackten Kreuzbändern an mich zurückzusenden. Ich
690 1654 2783 1758 möchte nur hoffen, dass wir noch rechtzeitig zu Weihnachten die
687 1732 2885 1901 Bücher auf den Markt bringen können; ich glaube zwar es wird nicht
681 1869 2967 2003 mehr möglich sein, aber das ist auch nicht schlimm, wir verkaufen die
696 1974 1424 2111 Exemplare auch später.
815 2064 2987 2221 Da es sich zwischen uns hier um gleiche Gewinnbeteiligung handelt,
687 2183 2882 2306 haben wir beide ein Interesse daran, möglichst alle Exemplare auch
696 2274 2964 2416 wirklich zum Verkauf bereit zu halten. Ich würde deshalb vorschlagen,
1662 2387 3028 2530 an Freiexemplaren begnügen ( Sie 2 Exem-
690 2405 1671 2521 dass wir uns mit einem Minimur
1659 2425 2204 2533 aie ettämme ettreet
699 2504 2879 2597 plare, ich 1 Exemplar). Dagegen steht von der einfachen Ausgabe zu
693 2597 2961 2710 40 Mark die von Ihnen gewünschte Anzahl von Exemplaren zur Verfügung.
696 2702 2964 2804 Was Sie sonst an Freiexemplaren von Ihren Büchern brauchen, bestellen
693 2798 2964 2940 Sie dann doch am besten bei mir direkt, ich lasse sie Ihnen per Post-
687 2911 1255 3042 paket zuschicken.
809 2932 2844 3115 Ich habe davon Vermerk genommen, dass Sie mir Vollmacht geben
690 3080 2993 3223 auch für kommende Neudrucke ohne vorherige Anfrage den Verlagszuschlage
687 3197 2999 3328 von 25 % aufzuschlagen. Der Termin bis zum 1. Juli nächsten Jahres ist
678 3298 3019 3412 zwar kurz gefasst, aber ich bin auch dafür dankbar. Ein etwaiger Wider-
678 3409 2955 3584 ruf bezieht sich selbstverständlich nicht auf die bereits gedruckten
460 3549 737 3756 R. 24. 10000. 5. 20.
