2936 4005
586 390 2335 580 rischer/Verlag / Berlin W 57/Bülowstraße
633 557 2271 659 Inkkonto: Deutsche Bank, Depositenkasse P in Berlin / Postscheckkonto: Berlin Nr. 16692
853 627 2022 750 Fernsprechanschlusse: Amt Lützow Nr. 1662, 6162 und 9292
595 686 1193 832 Dr. A. Schnitzler
437 900 2731 1116 lassen, wäre es doch wohl angezeigt, Frau Paukner zu einer dezidierten
442 1093 2760 1201 Erklärung zu veranlassen. Uebrigens steht der Verlag Selzer dem Verlage
442 1187 2786 1313 Boni & Liveright nicht fern, Frau Boni ist die Tochter des Herrn Selzer.
451 1275 2646 1403 Es ist also anzunehmen, dass ohnedies zwischen den beiden Projekten
451 1401 2640 1521 irgend eine Verbindung besteht. Wir werden die Angelegenheit nun so
445 1480 2707 1612 lange dilatorisch behandeln, bis wir von Ihnen erfahren haben, ob Sie
445 1568 2660 1720 das Projekt zu den oben angegebenen Bedingungen a limine ablehnen,
451 1711 2807 1802 oder zuwarten wollen, ob ein eventueller Vorschlag Selzers Ihnen vorteil-
448 1779 2740 1922 haftere Bedingungen bringt. Freilich müsste dann ein solcher Vorschlag
451 1899 2710 2010 rascheft erfolgen. Es war uns bekannt, dass Boni Liveright einzelne
451 2022 2731 2115 Ihrer Werke scheinbar unautorisiert veröffentlicht hat; doch haben wir
457 2095 2684 2239 Mitteilung darüber, dass es sich nicht tatsächlich um unautorisierte
457 2198 2789 2347 Ausgaben handelt, sondern die Firma Boni & Liveright vielmehr bestehende
460 2277 2614 2461 Autorisationen angekauft habe. Wir wissen nicht mit Sicherheit, ob
463 2417 2792 2532 dies zutrifft und bitten um Ihren freundlichen Bescheid. Jedenfalls ver-
463 2514 2766 2652 wahrt sich Boni & Liveright dagegen, unberechtigte Ausgaben Ihrer werke
457 2599 2567 2737 herausgebracht zu haben. - In der Anlage übersenden wir Ihnen die
463 2634 2722 2822 gewünschte Liste alles dessen, was wir in amerikanisch-englischen Ango-
472 2786 2681 2951 legenheiten über Ihre Werke hier in Vormerkung haben und sehen Ihrer
492 2918 1286 3068 Gegenliste gern entgegen.
2300 2983 2628 3132 Ien » voll
2013 2965 2209 3147 Junz.
1509 2986 1620 3164 Ald
633 3021 1512 3164 In der Angelegenheit Frau
1811 3129 2605 3264 ist Ihnen vor einigen xxx
492 3100 1374 3273 wir unser Möglichstes tun.
481 3211 858 3343 zugegangen.
