3100 4072
830 274 2384 562 S. FISCHER :VERLAG A.G. : BERLIN W. 57
456 533 1286 708 Dr. Schnitzler 21/9. 28
1031 689 1707 836 Exempl. Bem.
667 737 2783 919 haben, 1000 von jedem voraushonorieren. Ich stelle das Honorar,
287 756 587 1008 frans
708 842 2464 1018 wenn Sie es wünschen, schon jetzt zu Ihrer Verfügung.
801 932 2837 1098 Dass der Aufsatz von Zuckerhandl in den „Anmerkungen“ seinen
705 1056 2869 1232 Platz fand, liegt daran, dass Herr Zuckerkandl auf Reisen war und
715 1194 2805 1305 nur einen kurzen Aufsatz schreiben konnte, der für den vorderen
708 1280 2285 1423 Teil der Zeitschrift doch zu kurz gewesen wäre.
804 1356 2872 1503 Eflauben Sie mir, Ihnen zum Schluss noch einen unerbetenen Rat
2330 1433 2971 1529 30.000 Exempl.
728 1468 2939 1612 vorzutragen. Wir haben von der "Traumnovelle"
373 1573 2942 1739 gedruckt und der materielle und ideelle EPfolg war also, wie ich annehme, zu
724 1691 2888 1816 Ihrer Zufriedenheit. Wie wäre es wenn Sie eine Novelle ähnlichen
724 1819 2977 1940 Umfangs schrieben, die wir im Frühjahr nächsten Jahres herausbringen
721 1899 2891 2058 könnten. Die Wahrscheinlichkeit spricht dafür, dass wir auf einen
728 1988 2914 2129 ähnlichen Erfolg rechnen könnten; was Ihnen nicht nur ein nennens-
721 2135 2891 2288 wertes Honorar einbringen würde, sondern auch eine Wirkung auf das
728 2192 2898 2377 Gesamtwerk ausüben könnte. Es ist leider einmal so, dass das Inter-
731 2330 3003 2460 resse der Leserschaft immer wieder nur durch neue Werke zu haben ist.
823 2409 2920 2556 Wir haben einen schönen Sommer in Pontresina gehabt, wo wir uns
744 2521 2898 2649 einmal sehen vor Jahren getroffen haben; es ist wohl der schönste
737 2646 2961 2783 und erholungsamste Ort, den es gibt. Wann kommen Sie nach Berlin?
938 2729 2700 2859 Seien Sie herzlichst gegrüsst von mir und meiner Frau
1928 2821 2170 2968 Ihr
1985 2904 2556 3089 Affische:
453 3140 1608 3354 I tell there that up gefenste work
