2926 3992
1013 321 1148 427 530
189 318 2350 648 S. Fischer/Verlag/Berlin W 57/ Bülowstrasse 9o
422 493 2134 714 Baukkonto: Deutsche Bank, Depositenkasse P in Berlin / Postscheckkonto: Berlin Nr. 16892
709 571 1868 737 Fernsprechanschlüsse: Amt Lützow Nr. 1662, 6162 und 9292
1561 703 1870 846 24/11. 21
445 1050 1322 1234 Herrn Dr. Arthur Schnitzler
1300 1090 1460 1305 Wien
462 1420 2553 1693 "Lebendige Stunden" und "Der grüne Kakadu" befinden sich bereits im
313 1417 786 1569 Lieber Freund,
341 1549 2470 1802 Druck, sie werden sehr bald fertig werde, so dass ich hoffe. Anfang
347 1647 2590 1925 Dezember die Bücher zum Binden schicken zu können. Was sonst noch fehlt,
370 1733 2490 2008 ist Ihnen ja bekannt. Ich nehme an, dass wir Anfang nächsten Jahres
1279 1816 2579 1997 man mandan dann wird alles Fehlende mit-
382 1968 1911 2120 gedruckt. Das Wesentliche ist ja immer vorhanden.
539 2005 2654 2203 Ich möchte nun gern jetzt auch die beiden neuen Bände setzen lassen.
393 2109 2639 2324 Kommt etwas Neues hinzu, so würde es ratsam sein, auch das in die Gesamt-
402 2183 2590 2430 ausgabe aufzunehmen, damit sie zum Mai nächsten Jahres vollständig vor-
1919 2309 2043 2367 Monsieur le Sr.
404 2304 2565 2539 liegt. Der Sicherheitt wegen würde ich Sie bitten, mir den Inhalt der
413 2415 2192 2631 beiden neuen Bände in chronologischer Folge aufzustellen.
611 2502 2568 2725 Specht hat versprochen, das Manuskript seines Buches bis Anfang
427 2702 1291 2852 nächsten Jahres zu liefern.
614 2717 2582 2923 Mit Harz habe ich wiederholt versucht zu sprechen, er ist immer
448 2806 2757 3078 verreist, auch jetzt eben höre ich, dass er erst in 2-3 Wochen zurückkommt.
450 2938 2634 3138 Die Buchausgabe des "Reigen" des „Reigen“ ist vorhanden, Harz hat noch
456 3044 2720 3245 Vorräte davon, der Vertrieb ist aber, wie ich höre, erschwert durch die
456 3133 2708 3362 Tatsache, dass das Buch noch immer verboten ist. Ich wollte nun von Harz
456 3247 2674 3494 gern hören, welche Schritte bereits getan sind, um in dieser Sache klar
470 3391 2218 3623 zu sehen und neue Schritte unternehmen zu können.
1251 3382 2545 3595 Mit besten Grüssen Ihr ergebener Heil.
186 3629 410 3787 R. 10000. 8. 21.
