3097 3800
2125 409 2234 507 G.C.H
649 462 2724 652 Bank in Zürich einzahlen lassen und Sie dann bitten, die auf
654 621 2813 788 uns entfallende Summe durch die Eidgenössische Bank in Original-
649 746 2760 911 währung auf unser Konto bei der Kantonalbank in Bern einzahlen
663 902 1014 1042 zu lassen.
930 886 2590 1053 bau edewdoß zeb xxx door Jai (###vonsaa###
980 989 2779 1153 8. Dass Alice Kaiser sich unberechtigterweise noch als
613 1039 941 1175 Monsieur, de
677 1122 2785 1295 unsere amerikanische Vertreterin geriert, ist mir bekannt. Vor
1395 1214 1509 1303 C.F.P.
588 1186 791 1303 .H.F. N.P.
688 1250 2760 1387 einiger Zeit erhielten wir von ihr einen Scheck über Mk. 42857.
579 1303 1518 1401 xxxredendeld xxx erler
682 1381 2785 1523 als Gegenwert für 45 Dollar, für 3 Aufführungen des "Einsamen
780 1445 2011 1535 xxx nicht xxxnäidosedxxx
685 1490 2649 1635 Weges " durch die Universisty of Californien, nachdem wir
969 1568 1507 1654 Iliw OOOS
682 1626 2718 1741 jahrelang von ihr nichts mehr gehört hatten. Natürlich muss
1986 1688 2253 1763 meldsze
1615 1688 1952 1771 of xxxreiml
1186 1690 1509 1766 mais ilo! e
771 1693 1136 1771 erfoi lber
685 1735 2916 1844 dagegen eingeschritten werden, dass Frau Kaiser ohne Ermächtigung
2161 1799 2395 1874 G.C.H.F.P.S.
688 1824 2768 1958 in unserem Namen Geschäfte abschliesst, doch würde ich raten,
682 1958 2846 2094 in dem gegenwärtigen Falle die Sache auf sich beruhen zu lassen.
677 2089 2916 2220 Zwar erleichen wir dadurch, dass Frau Kaiser die Dollar in New York
685 2147 2688 2331 in Mark umgewechselt hat einen Verlust, da Mark in Amerika
680 2312 2782 2440 teuerer verkauft werden, als man sie umgekehrt hier in Zahlung
663 2437 2743 2571 nimmt, doch stimmt die Farität, die ich hier durch die Deutsche
671 2545 2869 2660 Bank kontrollieren liess, mit dem New Yorker Markkurse des Abgang-
680 2674 2598 2793 tages überein, bezw. ist sogar etwas höher veranschlagt.
1011 2757 2637 2927 zu der weiter oben angeführten Angelegenheit des
677 2857 2743 3027 Alien Property Custodian möchte ich noch bemerken: Sind nicht
688 2997 2832 3155 die 300 Dollar von den Greenwich Players, deren Sie öfters Er-
1114 3066 1448 3141 zweyse. I
615 3055 771 3139 redi
688 3119 2749 3228 wähnung taten, identisch mit den 300 (nach Abzug von Bartschs
501 3061 808 3267 de ettus
1529 3211 2749 3392 " Komödie der Worte", die gleichfalls
1362 3231 1468 3370 re
680 3233 1306 3375 Provision 270)Doll
487 3303 632 3426 Geoge
1713 3350 2785 3504 walt worden sind? Sie behandelten
680 3353 1348 3504 von den Greenwich P.
744 3431 847 3501 Herrn
1621 3478 2779 3623 verschiedene Posten,immerhin aber
677 3467 1406 3612 diese Summen stets al
