3174 3993
1454 233 1668 389 chez
811 334 2391 537 S. Fischer. Verlag. Berlin
679 422 827 622 1
2446 438 2536 608 Äm
671 586 2536 687 Amt Lützow 1662 u. 6162 Theaterabteilung postscheckkonto Nr. 16892
583 652 2572 750 täänistä määräwän Bälömfraße Nr. 90
833 739 1460 890 ituw oa.etimor ne
1772 734 2574 874 Wegr 20 xxx gegnxxxl Jno I.
663 750 854 882 G/Sch
1490 731 1783 896 Oktober
1769 827 1890 904 191
1298 827 1457 887 Den...
548 835 2558 964 es aus doa meh elb.Bauwidlul nedosfthosevong neb enniä
518 937 2550 1090 19. Janslrev ieds Roedrad mweH nov.Jsjessghie.süden nedeg
466 1063 2558 1194 Jlnodaui agidligbne samtewA doen undewaobst denies Ross en» egöm
657 1145 854 1224 Herrn
1172 1178 1263 1271 aa
1400 1189 1525 1271 G.H.F.P.
1780 1180 2566 1334 I nebrallended heb redii
559 1172 1090 1326 soon signed aid.
1109 1202 1868 1328 Dr. Arthur Schnitzler
559 1287 1268 1443 Toblo0 nodosînsdixems.
2175 1312 2563 1446 Johannes
1293 1312 1882 1438 eidl aasb.
1882 1315 2183 1435 Wien
419 1369 2558 1545 Fiednegelegal easib dorab Jdieid,nedilos-Reutsidrev sammermä ni
649 1525 2539 1643 Sehr geehrter Herr Doktor,
572 1638 2616 1753 in Beantwortung Ihres Schreibens
567 1745 2605 1868 vom 18. ds. Mts. teilen wir Ihnen ergebenst mit, dass es,
646 1846 2799 1961 mit Bezug auf die Pollaxxxaren Umrechnung Sie reklamieren
649 1939 2681 2054 allerdings verabsäumt worden ist, Sie davon zu verständigen,
649 2040 2709 2166 dass wir auch unsererseits diesen Umrechnungsmadus nicht ohne
649 2166 2741 2276 weiteres akzeptieren mochten, jedoch so lange nichts ausdrück-
657 2273 2722 2416 lich unternehmen konnten, als der ganze Fall nicht aufgeklärt
649 2394 2659 2517 ist. Der Betrag von Mk, 158.45 wurde uns nämlich bereits im
657 2481 2813 2605 Oktober 1919 durch eine amerikanische Bank überwiesen, ohne dass
652 2585 2744 2711 wir wussten, wofür dieser Betrag verrechnet werden sollte. Wir
652 2700 2744 2824 wandten uns bereits damals an die überweisende Bank, erhielten
652 2824 2689 2939 jedoch keinen Bescheid. Erst gelegentlich eines Besuches des
649 2903 2720 3029 Herrn Bartsch in Berlin fragten wir ihn selbst, worum es sich
649 3015 2755 3136 handele. Er könnte uns ohne Einsicht in seine Bücher keine ver-
649 3119 2788 3297 lässliche Auskunft geben, meinte aber, es könne sich nur um die
646 3270 2848 3418 Dollar 47.26 handeln, die er bereits im Jahreden 6 jener amerika-
512 3412 2648 3538 Die oben genannten Bedingungen haben Sältigkeit bis zum  „ Sollten wir an diesem Tag noch keine
509 3528 2654 3645 entscheidende Antwort erhalten haben, so nehmen wir an, daß wir über das in Frage stehende Werk anderweitig verfügen können
400 3495 501 3653 B.W.
263 3621 548 3826 R.M. 10000. 2.20.
