3049 3849
362 272 2394 527 S. Fischer/Verlag/Berlin M 57/Bülowstraße
741 478 2197 628 zusprechanschlüsse: Amt Lützow Nr. 1662. 6162 und 9uss / Postscherkkonto: Berlin Nr 1669.
1051 536 1824 654 THEATERABTEILUNG
1080 625 1841 767 erlin, den 20. April 19
391 990 608 1141 Herrn
501 1068 1445 1256 Dr. Arthur Schnitzler
1485 1184 1789 1309 Wien
1268 1207 1436 1335 G.C.H.F.P.
1613 1329 1844 1442 G.H.F.P.
1190 1320 1355 1433 G.C.F.P.
411 1303 1326 1517 Sehr pershrter Herr Doktor,
1317 1421 2600 1621 von Ihren gefälligen Mitteilungen über
405 1500 530 1621 1S)
411 1615 2603 1763 Ihre Kopenhagener Reise und Ihre anderen Anmerkungen die sich auf
420 1720 2539 1873 Dänemark beziehen, habe ich Kalokar sogleich nach Empfang Ihres
414 1812 2472 2015 Briefes Mitteilung gemacht, bin aber noch ohne Bescheid. Das
431 1954 2548 2148 " Schleier der Pierrette "bei Felix Bloch ist, weiss ich wohl.
950 2093 1282 2203 G.C.H.S
417 2116 2661 2229 Auch über "Reigen " in Christiania habe ich zunächst nichts Neues
426 2229 2750 2368 mehr gehört. Es scheint doch, dass die heute dort durch die erfolgten
2105 2313 2264 2467 G.H.F.P.
426 2345 1563 2504 Angriffe ängstlich geworden sind.
1100 2438 2716 2588 Wir sind natürlich sehr gern bereit, die Rotter-
2368 2545 2713 2637 G.C.H.P.
440 2550 2588 2756 tantiemen für Sie in Empfang zu nehmen. Zufällig hatten wir seit
440 2684 2594 2881 ziemlich langer Zeit kein Stück mehr bei den Rotters, sodass die
440 2823 2629 2993 augenblicklichen Einnahmemöglichkeiten nicht unmittelbar festzu-
446 2950 2632 3063 stellen sind. Ich werde aber wohl nächster Tage in der Lage sein
449 3040 2582 3190 Ihnen trotzdem Auskunft zu geben. Ich sprach in meinem letzten
443 3184 2632 3295 Briefe von " momentanem Misstrauen". Es täte mir aufrichtig leid
460 3292 2438 3477 wenn Sie diesen, wie ich zugebe nicht sehr geschickten Aus-
912 3410 1019 3552 sve
