3079 3831
717 318 2138 519 Fischer/Verlag/Berlin M. 57/B.
2233 355 2721 558 wstrasse 9o
862 492 2517 646 nto: Deutsche Bank. Depositenkasse P in Berlin / Postscheckkonto: Berlin Nr. 16692
1006 563 1729 673 Fernsprechanschlüsse: Amt Lützow Nr.
935 600 1148 764 Ro./Re
1851 580 2701 757 3162-6164 den 14. 8. 1923.
1041 916 2258 1058 Herrn Dr. Arthur Schnitzler,
2250 1065 2809 1242 W i e n XVIII.
2277 1200 2821 1322 Sternwartstr. 71
1119 1219 1966 1393 Sehr geehrter Herr Doktor!
1048 1317 2914 1523 Wir bestätigen Ihren Brief vom 9. d. Mts. an Herrn Fischer,
928 1455 2444 1604 der inzwischen seine Sommerreise angetreten hat.
1041 1587 2819 1729 Die 8 Millionen wurden am 30. v. Mts. durch die Deutsche
913 1682 2794 1849 Bank an die Bank für auswärtigen Handel überwiesen, mit dem
911 1783 2772 1947 ausdrücklichen Bemerken, dass der Betrag Ihrem Konto gutzu-
634 1827 720 1922 P7
906 1912 2733 2042 schreiben sei. Die Deutsche Bank hat uns auch versichert,
896 1986 2865 2157 die Ueberweisung sofort ausgeführt zu haben. Auf unsere wieder
896 2096 2733 2282 holten telefonischen Anfragen bei der Bank für auswärtigen
884 2209 2694 2351 Handel wurde uns zwar der Eingang des Betrages bestätigt,
886 2339 2721 2439 aber angeblich sei man über die Verwendung des Geldes dort
879 2424 2747 2583 nicht informiert gewesen. Hoffentlich ist das jetzt infolge
884 2534 2770 2706 unserer Reklamation in Ordnung. Die Bank scheint etwas ebenfällig an
857 2576 1011 2696 arbeite.
999 2613 2598 2789 Wir haben inzwischen festgestellt, dass die bisher
852 2691 2738 2892 à conto den Honorare erfolgten Zahlungen ziemlich genau dem
862 2799 2706 2992 Anteil entsprechen, der sich für Sie aus dem Verkaufserlös
855 2916 2667 3115 für die Zeit bis Juli ergibt. Als weitere à Conto-Zahlung
855 3044 2814 3198 überweisen wir heute nochmals 8 Millionen an die Bank für aus-
852 3134 2635 3313 wärtigen Handel und gleichzeitig 2 Millionen à conto der
850 3227 2721 3418 Theater-Tantiemen, die bisher für Juli eingingen, insgesamt
850 3318 2691 3546 also M. 10.000.000.— (Zehn Millionen). Mit weiterer i H. Zehlig
818 3426 1616 3595 stehen wir auf Wienste zur Verzeigung
1704 3492 2591 3644 Mit vorzüglicher Hochachtung
1822 3583 2339 3705 Fischer Ver¬
