2885 4026
954 341 2082 548 lag/Berlin W 57/Bülowstr.
647 394 822 534 er /
2129 417 2211 545 a)
644 513 2187 636 Luto: Deutsche Bank. Deporitenkasse P in Berlin / Postscheckkonto: Berlin Nr. 1669.
892 583 980 679 brech
1032 583 1933 679 schlüsse: Amt Lützow Nr. 1662, 6162 und 9292
391 837 2619 1006 für heute, Ihnen den Brief von Brandt & Kirpatrick vorzulegen, indem
397 974 2543 1120 wir höflichst ersuchen, uns Ihre grundsätzliche Stellungnahme, wenn
397 1097 2569 1219 tunlich, recht bald mitzuteilen, damit wir gegebenenfalls die Ver-
394 1190 2549 1324 handlungen in beschleunigtem Tempo fortsetzen können. Insbesondere
402 1289 2575 1420 wäre es uns erwünscht zu erfahren, auf wieviel Bände Sie selbst eine
394 1359 2677 1540 repräsentative Auswahlausgabe berechnen und wie Ihre wünsche hinsicht-
394 1499 2700 1627 lich des aufzunehmenden, beziehungsweise dessen, was eventuell wegblei-
394 1621 2587 1732 ben könnte, beschaffen sind. Wir bemerken, dass Brandt & Kirpatrick
397 1709 2674 1837 für sich eine Provision von 15 % in Anspruch nehmen. Was die durch die
397 1826 2735 1916 Firma vorgeschlagene Herstellung der Ausgabe durch den verlag S. Fischer
402 1910 2706 2018 anbetrifft, so steht Herr Fischer dieser Frage prinzipiell sehr günstig
1201 1995 1385 2088 G.H.F.P.
402 2006 741 2135 gegenüber.
493 2056 2724 2248 Eine Frau Aldis in New-York hat aus Ihrer Novelle » per zod des Jung¬
397 2216 2633 2339 gesellen, ein kleines prama gemacht und bemüht sich nun um das Recht,
2330 2283 2698 2447 bt, mitauf-
1916 2298 2278 2426 sie herausge
400 2292 1744 2467 diese ihre Arbeit in zwei Bänden Einakten.
405 2423 1776 2569 nehmen zu dürfen. Gleichzeitig verlangt sind
402 2517 1936 2657 Bühnen. Soweit die gache bis jetzt überblickbar
405 2619 1543 2768 gungen, die sie sich vorstellt, nicht
411 2724 1341 2858 eine mehr nebensächliche und
408 2820 1082 2975 falls Sie uns zu ver
420 2910 901 3062 zuschlagen such
493 3045 668 3150 wurde
