3091 4105
1027 137 1112 250 20
1246 261 1447 439 877
799 387 2284 500 S. Fischer / Verlag / A.=G. Berlin W 57
557 563 2534 653 Bankkonto; Deutsche Bank, Depositenkasse P in Berlin / Postscheckkonto: Berlin Nr. 16692
972 618 2122 738 Fernsprechanschlüsse: Amt Lützow Nr. 6162 bis 6164
1359 678 1735 769 Bülowstratze 90
966 727 2125 865 Telegramm=Adresse: Fischerverlag 6162 Berlinlützow
1134 845 1227 969 e
2097 829 2512 994 12. Juli 28
544 845 675 972 Si.
1312 810 2064 1060 Theres Stills
834 1046 1765 1202 Herrn Dr. Arthur Schnitzler
2201 1161 2396 1287 Wien
738 1263 1617 1458 Sehr geehrter Herr Doktor,
780 1362 2580 1562 wir haben auf unsere Anfrage vom 28. v. M. betreffend:
651 1529 2734 1650 QUERIDO, "Therese " leider keinen Bescheid von Ihnen erhalten.
733 1631 2674 1746 Dürfen wir Sie bitten, uns freundlichst umgehend wissen zu
640 1740 2687 1886 lassen, ob wir auf der angegebenen Grundlage einen Vertrag ab-
645 1847 1260 1971 schliessen können.
741 1902 2646 2094 Untenstehend geben wir Ihnen Abschrift unseres Schreibens
648 2061 1087 2160 vom 28. Juni.
837 2125 1625 2303 Wir empfehlen uns Ihnen
1790 2226 2734 2394 mit vorzüglicher Hochachtung
1976 2355 2487 2443 S. FISCHER, VERLAG
2007 2429 2454 2501 AKTRENGE SEL LSCHAFT
1941 2473 2514 2589 AUSLANDSABTEILUNG
2081 2539 2481 2646 i. a. klutt
1688 2665 2020 2786 28. 6. 28
1071 2665 1452 2814 Abschrift
634 2737 2657 2882 Frau von Nahuys (Querido) bietet uns im gegenwärtigen Studium
637 2871 2794 2934 der Verhandlungen Efl. 300-- - bei Vertragsabschluss als Anzahlung
645 2918 2825 2976 auf eine Tantieme von 10 %, wobei das Resthonorar für eine Auflage
651 2962 2852 3069 von 1000 bei Erscheinen des Buches auszuzahlen ist. Wir bitten Sie,
645 3020 2704 3140 uns mitzuteilen, ob wir ungefähr auf dieser Basis abschliessen
637 3072 889 3168 können.
