3034 3847
897 920 2432 1066 Residenztheater liegt nicht gerade sehr günstig,
899 1056 2479 1160 hat aber noch von früher her ein gutes Stammpubli-
895 1146 2377 1258 kum. Da Barnowsky für Ihre älteren Stücke kein
903 1260 2426 1357 übermässig grosses Interesse zeigt, so wäre einer
903 1359 2424 1453 solchen Anregung des Residenztheaters sicher mit
910 1451 2477 1593 Vorteil für Sie Folge zu leisten. Bitte lassen Sie
897 1571 2041 1701 mich wissen, wie Sie darüber denken.
1365 1687 2086 1836 Mit herzlichen Grüssen
1447 1809 1779 1937 Jhr.
1514 1915 2110 2116 I fische
