2918 3976
2777 180 2889 317 2.
427 494 1999 679 1UilI3E. pvh 3 C
345 615 511 747 ̃ M
1996 601 2142 766 G.T.K.P
328 719 2145 839 (v. w. r.... m. m.. r. w., w. f. a. m.. m. g.
222 828 2327 980 fest entschlossen ist, die Tournee ab September zu unternehmen.
1308 918 1690 983 mMauvaU Edl. p. r.
225 926 2398 1081 Er wird uns dieser Tage die Städte mitteilen, auf die er Anspruch
236 1084 2212 1196 erhebt. In Fällen, in denen sich das Gattspiel aus äusseren
236 1168 2268 1280 Gründen nicht realisieren lässt, tritt dann eine andere Stadt
222 1275 2339 1404 an die Stelle der ausfallenden. Die Tournee soll insgesamt etwa
225 1387 2333 1522 12 bis 15 Städte umfassen und bis in den Sommer nächsten Jahres
225 1482 2468 1603 hinein andauern. Wir geben Sladek die von ihm in Betracht gezogenen
227 1614 2485 1741 Städte, soweit nicht irgendwelche Gründe dem entgegenstehen sollten,
222 1713 2285 1833 bis zum 1. Juli fest an die Hand, um ihm eine gründliche Vor-
216 1830 2322 1948 bereitung, die jetzt natürlich mit grossen Schwierigkeiten ver-
213 1929 2302 2038 knüpft ist, zu ermöglichen. Um Schädigungen unserer Interessen
225 2033 2384 2181 zu vermeiden, behalten wir jedoch das Recht, für einzelne Städte,
1463 2125 1774 2204 jederzeit
222 2131 2386 2291 falls uns daran gelegen ist, von Sladek (eine Entscheidung binnen
219 2263 2353 2372 14 Tagen zu verlangen, andernfalls wir auch schon vor dem 1. Juli
222 2375 2240 2487 frei über die betreffende Stadt verfügen können. Die übrigen
222 2462 2403 2605 Bedingungen dieses Vorabkommens halten sich im allgemeinen in dem
253 2600 2398 2718 Rahmen dessen, was wir Ihnen über diese Frage bereits mitgeteilt
3 2698 84 2791 G.H.
225 2701 2398 2810 haben. Die schriftliche Bestätigung von Seiten Sladeks steht noch
1847 2805 1960 2951 G.C.F.P.
219 2808 373 2951 aus.
539 2892 2297 3043 In der Sache Reinhardt=Gastspiel "Grosse Szene " in
213 3007 2330 3142 Skandthavien haben wir endlich einen klaren Ueberblick erlangt.
213 3116 2437 3245 Ehe wir vom Deutschen Theater wenigstens Auskunft darüber bekommen.
219 3248 2308 3383 hatten, in welcher Weise und von welchen Stellen aus die ganze
219 3352 2367 3456 Verrechnung vorgenommen werden sollte, schien es uns wenig Er¬
219 3442 2395 3605 folgversprechend, uns an die einzelnen skandinavischen Theater zu
146 3549 2240 3661 wenden, die evtl. damit garnichts zu tun hatten. Tatsächlich
160 3655 890 3779 Vonrittung og überallisesten mai
1005 3658 1117 3748 â¢ n
1567 3667 2232 3779 o).ndod uxdodn noonnfl abmabtachim
