3224 4088
1440 219 1627 352 932
896 288 2395 485 S. Fischer Verlag / Berlin W57 Bülowstratze 90
1326 413 1966 550 AETIENSESELISCHAFT
654 499 2643 643 Bankkonte: Deutsche Bank, Depositenkasse P in Berlin / Postscheckkonto Berlin Nr. 16692
1086 563 2222 656 Fernsprechanschlüsse: Amt Lützow Nr. 6162 bis 6164
1088 624 2225 760 Telegramm-Adresse: Fischerverlag 6162 Berlinlützow
2254 611 2622 731 den 9.X.29
678 638 891 806 He/Vo
694 808 896 979 Herrn
1243 942 2273 1094 Dr. Arthur Schnitzler
2438 1016 2798 1118 Wien XVIII
2710 1083 2814 1168 ----
707 1200 1598 1363 Sehr geehrter Herr Doktor!
1275 1264 2838 1480 Wir bekamen dieser Tage Ihren an Herrn Dr.Maril
720 1424 2804 1609 gerichteten Brief vom 1.X.mit den Korrekturfahnen, die wir so -
2433 1499 2617 1566 muuva
718 1504 2822 1686 fort an die Druckerei zu Korrektur und Umbruch weitergegeben ha-
1886 1627 1971 1686 mme
2131 1625 2374 1683 aie ett
723 1659 2806 1779 ben. Den Wortlaut des Titels haben wir übereinstimmend mit ver
726 1710 2870 1878 schiedenen anderen Ihrer dramatischen Werke gefasst: in drei Auf-
728 1865 2785 1998 zügen, obwohl wir des Gleichklangs mit dem Haupttitel wegen es
736 1934 2822 2081 für besser hielten, wenn wir den Wortlaut: Drei Aufzuåge beibe
1294 2089 2924 2219 Die drei Revisionsabzüge werden wir Ihnen wunsch-
736 2086 1238 2222 halten könnten.
736 2187 2873 2345 gemäss übersenden. Gleichzeitig lassen wir das Stück von unserem
734 2281 2838 2451 Hauskorrektor nach der Fahnenvorlage lesen. Diese Korrektur las-
744 2409 2166 2550 sen wir Ihnen dann zum Imprimieren zugehen.
1312 2433 2790 2643 Wir begrüssen Sie, sehr geehrter Herr Doktor,
1534 2593 2577 2734 mit ausgezeichneter Hochachtung
1707 2678 2449 2830 S. Fischer Verlag A.-G.
1729 2785 2561 2977 ppa. Immann.
1512 2796 1667 2966 r
1024 3012 1440 3201 Augy.
1681 3062 2123 3252 mors
1560 3081 1649 3260 P.
1112 3254 1520 3425 him.
499 3572 739 3686 4, 28. 8000. V.
