3163 3993
2098 467 2243 644 21
879 472 1599 694 SCHER
966 591 2678 813 unkasse P in Berlin / Polscheckkonto Berlin Nr. 1662 — — Perasprech-Anschlösse, Amt Lünzow Nr 1662 und 6162
457 581 924 818 Bankkontor, Deutsche Bank, Dep
1837 720 2407 850 Berlin W 57, Bülowstraße 90
813 876 2789 1114 und xxx Papier nicht liefern würde, wenn damit nur der Zweck
493 924 789 1085 Blatt II.
823 1026 2726 1245 verbunden sein sollte, für die Autoren meines (Berinner) Ver¬
823 1187 2085 1343 lages in Oesterreich Bücher zu drucken.
955 1280 2760 1470 Unter diesem Gesichtspunkt sind meine beiden Briefe, die
805 1335 2874 1567 diese Angelegenheit behandeln, zu verstehen.  durch musste sich
813 1478 2816 1681 bei mir der Eindruck festsetzten, dass es Prinz-Horn in erster
805 1565 2926 1757 Linie darauf ankam, einen Oesterreichischen Verlag mit mir, eventl.
821 1720 1953 1908 auch gegen mich ins Werk zu setzen.
971 1765 2776 1995 Jch möchte Sie mit dieser Sache nicht weiter langweilen
829 1879 2831 2093 und nur noch einmal versichern, dass ich sofort nach Wien kom-
829 2005 2929 2182 men will, wenn sich die Sache auf einer legalen Grundlage anrang-
873 2111 2866 2317 gieren lässt, wobei es nicht darauf ankommen soll, eine kleine
834 2277 1533 2425 Filiale zu errichten.
1011 2341 2816 2502 Was nun die Papierverteilung betrifft, so ist mein Wirt-
2734 2322 2942 2420 Gentend
2114 2370 2747 2480 gegen das Vorjahr bede
2734 2380 2945 2512 Engeschr
884 2449 2810 2620 schaftoplan darauf aufgebaut, dass ich mit meinem Papier-Con-
863 2538 2887 2710 tingent nur Neu-Auflogen und neue Bücher meines Autoren-Stammes
2137 2589 2847 2694 gezwungenermaßen
868 2649 2837 2847 drucken xxx. Sämtliche Gesamtausgaben müssen ### dabei aus-
1116 2684 1380 2747 kann.
871 2699 2934 2945 geschaltet bleiben. Würde ich alle Gesamtausgaben drucken wollen
879 2847 2810 3053 so reichte dazu mein ganzes Pater- Contingent nicht aus. Jch
881 2955 2897 3153 kann keine Ausnahme machen, und ob Sie mir Jhre Novelle und Jhr
884 3048 2821 3267 Drama anvertrauen wollen oder nicht, es ändert nichts an der
1269 3143 2314 3254 das gegebene Papier quantum
892 3124 2802 3327 Tatsache, dass die Verwendung nur zum neuen Druck von neuem xxx
892 3156 2940 3475 Büchern und Auflagen verwendet werden kann, komme ich in die La¬
910 3349 2937 3560 ge, für den einen oder den anderen Autor eine Gesamtausgabe neu
2549 3415 2895 3541 Blatt III.
