3204 3912
1241 417 2018 652 FISCHER /VERLAG
547 689 1094 827 wäre eine
564 669 2638 895 Steigerung des Risikos durch den zu hohen Verkaufspreis, aber nicht
572 768 2536 983 ein Aequivalent für die investierten Kosten und Honorare. Das
553 898 2565 1102 Risiko, ein Buch zu drucken, ist heute so gross, dass der Gewinn
561 952 2834 1170 - beim restlosen Verkauf - der Auflagen - in keinem Verhältnis dazu steht,
567 1111 2769 1284 der Absatz andererseits so unsicher, dass an den restlosen Verkauf von
567 1207 2224 1391 Auflagen bei den meisten Büchern nicht zu denken ist.
757 1306 2822 1493 Wir haben inzwischen festgestellt, dass wir ohne einen 25 prozen-
575 1386 2856 1601 tigen Verlags-Teuerungszuschlag auf den gesamten Verlag nicht auskommen,
587 1499 2848 1686 dass wir in Gefahr sind, zu scheitern, durch die einfache Tatsache, dass
589 1610 2839 1794 die Selbstkosten und ungeheuer gesteigerten Vertriebskösten nicht einzu-
589 1697 2766 1921 bringen sind. Mit Einführung dieses Teuerungszuschlags hoffen wir zu
601 1819 2769 2020 gleich die Honorarfrage für den Autor dadurch günstig zu lösen, dass
589 1913 2805 2117 wir 20 % von offiziellen Ladenpreis des gehefteten Exemplars bezahlen
609 1995 2718 2224 können. (Hoffentlich bleiben uns weitere Ueberraschungen in dieser
615 2114 2896 2332 Hinsicht erspart). Diesen Zuschlag werden wir von Mitte Juli ab erheben.
615 2222 2740 2409 Die Teuerungsammahlage bis 1. Juli werden wir, wie bisher mit 10 %.
623 2287 2854 2522 etwaige neue Teuerungszuschläge mit Einführung des Verlagszusenlags mit
844 2417 952 2477 G.C.H.
1065 2460 1661 2550 - 1 -. -'rt -. r v. r.
626 2463 2664 2655 vollen 20 % honorieren und ich darf annehmen, dass auch Sie damit
904 2573 1423 2664 1 1/2 1/4
632 2618 1462 2740 einverstanden sein werden.
791 2621 2828 2831 Da unsere Ladenpreise immer noch relativ willig sind, so bedeutet
643 2723 2743 2950 der Zuschlag keine Verteuerung im Verhältnis zu den Büchern anderer
649 2854 2763 3043 Verleger, im Gegenteil, wir bleiben noch immer unter dem vierfachen
686 2944 2834 3148 Friedensprois, während die Herstellungs- und Vertriebskosten sich um
657 3097 2103 3259 einen viel grösseren Prozentsatz erhöht haben.
856 3168 2769 3349 Ich habe zugleich mit Dank davon Notiz genommen - und muss es
674 3264 2740 3469 übrigens auch bei andern Autoren einführen - dass nicht die vollen
680 3378 2805 3639 gedruckten Auflagen voraushonordert werden, und so habe ich Ihnen ja
