3130 4008
660 853 2612 1087 S. FISCHER / VerLAG / THEATERABTEILUNG / BERLIN
2004 1014 2620 1151 W 57, BÜLÖWSTR. 90
628 1095 1957 1306 Herrn Dr. Arthur Schnitzler, Wien
2019 1268 2793 1472 Den 5. Oktober 19 24
646 1399 1548 1607 Sehr geehrter Herr Doktor,
1545 1434 2822 1642 unser Vertreter in Polen schreibt uns
640 1586 2764 1744 heute, dass dort grosses Interesse für "Komödie der Verführung
640 1721 2743 1887 herrscht und er ersucht uns um Einsendung eines Buches. Da er
643 1840 2895 1989 die Angelegenheit sehr dringlich macht, wären wir Ihnen für Ihre
649 1910 2842 2092 Mitteilungen sehr dankbar, ob Sie die Angelegenheit von dort aus
651 2048 2863 2206 erledigen wollen, oder ob wir ein Buch senden können. Bei der Ge-
651 2176 2997 2319 legenheit bitten zumrecht baldige Rücksendung der Wiesbadener Kritiken
654 2273 2766 2489 über die „erführung“, da wir diese für einen Prospekt be-
651 2407 955 2559 nötigen.
1598 2454 2568 2632 Mit vorzüglicher Hochachtung
2062 2603 2393 2743 ergebenst
2290 2632 2819 2752 S. FISCHER, VERLAG
2325 2731 2781 2796 AKTRENGESELISCHAFT
2276 2772 2839 2875 THEATERABTEILUNG
2293 2842 2810 2983 Dkmarie
538 3006 824 3137 B. 54. 2000. 8. 19.
