2966 3880
1076 424 1950 578 S. FISCHER / VerLAG
341 450 545 539 3 Blatt
362 489 1310 699 Dr. A. Schnitzler 16/1. 22
590 685 2759 848 dass diese sich mehren dürften, sobald eine wirkliche Einheitlich-
489 785 2816 940 keit hergestellt ist. Wir kennen Ihre Antipathie gegen die Zentralisie-
498 901 2638 1073 rung und bitten Sie daher, dies lediglich als einen Vorschlag zu
501 1028 2768 1188 betrachten, die Sie ja ablehnen können. Wir glauben aber nicht, dass
510 1085 2810 1248 es zurzeit einen anderen Weg gibt, Ihre amerikanischen Geschäfte regel
504 1245 1737 1354 mässiger und intensiver zu gestalten.
613 1319 2860 1449 In der Angelegenheit Wotitzki erwarten wir noch Ihre Nachricht. - Die
1568 1405 1686 1458 G.C.P.
510 1423 2884 1571 Angelegenheit naggio müssen wir als endgültig erledigt betrachten. - Hin-
513 1535 2860 1675 sichtlich "Zwischenspiel " ( Amerika ) hoffen wir im Sinne Ihres Schrei-
934 1630 1313 1704 3 1/2 rt
522 1642 2833 1763 bens vom 12. ds. M. bald weiteres veranlassen zu können. Die der Eige-
522 1743 2902 1873 nössischen Bank aus Kopenhagen überiwesenen 532,50 Kronen stellen weitere
1704 1817 1808 1879 G.C.F.P.
531 1832 2765 1974 rantiemen für „Anatol „ dar. Leider war es uns nicht möglich, einen
507 1906 2866 2069 direkten Bezug unserer Provision aus diesem Betrage buchungsmässig durch
501 2018 2552 2208 zuführen. Wegen weiterer derartiger Fälle schweben Erwägungen.
1076 2140 1245 2252 152
1434 2184 2374 2338 Mit vorzüglicher Hochachtung
1805 2285 2359 2383 S. FISCHER, VERLAG
1814 2365 2273 2454 AUSLANDSABTEILU
