3117 4119
720 119 1628 275 and also in the
1812 113 2201 278 1h
1671 136 1784 272 I
1248 230 1424 406 &c
632 369 2170 511 S. Fischer/Verlag / A.=G. Berlin W 57
440 547 2411 655 Bankkonto: Deutsche Bank, Depositenkasse P in Berlin / Postscheckkonto; Berlin Nr. 16692
842 613 1994 740 Fernsprechanschlüsse: Amt Lützow Nr. 6162 bis 6164
1239 686 1600 763 Bülowstraße 90
848 723 1994 868 Telegramm=Adresse: Fischerverlag 6162 Berlinlützow
391 888 505 987 Si.
1974 857 2371 1021 11. Jan. 29
525 1041 1435 1123 Herrn Dr. Arthur Schnitzler
1983 1112 2184 1262 Wien
462 1259 1325 1347 Sehr geehrter Herr Doktor,
686 1342 2459 1489 Frau Oberstinde Maria Schierning, Helsingöre schreibt
522 1464 2675 1577 uns heute, dass sie sich für die Unterbringung in Dänemark-Norwe-
528 1551 2652 1679 gen folgender Novellen bemüht: "Die Fremden, "Der tote Gabriel",
528 1665 2751 1781 " Die Weissagung", „Das Schicksal des Freiherrn von Leisenbogh“ und
528 1775 2714 1892 „ Die Frau des Weisen„. Sie hat über diese Novellen ja auch schon
513 1869 2686 2008 mit Ihnen direkt korrespondiert. Unsere Bedingungen, 10 % Tantieme
522 1957 2621 2090 und eine noch zu vereinbarende Garantiezahlung bei Unterschrift
522 2090 1974 2201 des Vertrages, haben wir ihr bekanntgegeben.
2354 2073 2468 2187 G.C.F.P.
652 2184 1665 2309 Weiters möchte Frau Schierning,
1693 2187 2655 2320 Therese" übersetzen und für
522 2286 2797 2405 die Unterbringung bemüht sein. Wir bitten um freundliche Mitteilung,
516 2382 2587 2487 ob dieser Roman für die dänisch-norwegische Sprache noch frei
516 2485 2584 2604 ist 6 nach unsern Notizen ist das der Fall) und ob es in Ihrem
519 2572 2507 2711 Sinne ist, wenn wir Frau Schierning mit dieser Angelegenheit
513 2717 825 2819 betrauen.
681 2734 2575 2944 Wir wären Ihnen für einen baldigen Bescheid sehr dankbar.
1254 2890 2204 3038 Mit vorzüglicher Hochachtung
1452 2995 1974 3066 S. FISCHER, VERLAG
1483 3043 1937 3111 AKTiEGESELISCHAFT
1052 3043 2014 3250 AUSLANDSABTEILUNG
1773 3213 2147 3358 sallian
1052 3171 1271 3318 G.C.H.F.P
