3079 3865
1751 314 2075 509 rechte
774 342 1100 524 milze
1174 336 1695 518 e votre
2324 459 2463 555 auch
641 481 798 586 Obligkeit
641 555 2491 694 2980 f. a. p. r. m. gnulistdorfstond. og. nouv. m
1107 620 1982 743 «a »a »* »* ̃
632 653 2765 826 bei Publikum und Presse aufgeführt worden sei. Eine Garantie wurde
2300 752 2484 814 108 0
650 771 2719 934 in diesem Falle nicht verlangt, da Erstaufführung und Vertragsab -
650 882 2552 1057 schluss fast auf einem Tag zusammenfielen. Die Direktion der
2623 940 2780 1076 Be
638 1002 2543 1137 Kgl. Bühne war der Meinung gewesen, dass das Werk nicht mehr
647 1067 2737 1288 geschützt sei. Die Schutzfrist läuft aber noch bis 1. Januar 1923.
1211 1165 2925 1347 Gleichzeitig verlangt unser holländtscher vertreterxx.
663 1298 2595 1473 der „Schwestern“ „nach denen auf Grund ölder zeitungsnotiz
866 1415 1153 1480 TIVX
650 1378 2657 1569 lebhafte-Nachfrage-Herrscht. Wir haben die Exemplare nicht ver¬
666 1504 2521 1652 weigert, jedoch gebeten, vom Abschlüggen
358 1578 2722 1769 rediendos ängereiesbesüglighen einen kennen. Wir ersuchen höflichst
478 1698 2629 1862 mente Ium die Zunächstgnung gesehenenfalls; für Hallend abschliessen zu
509 1809 2568 1945 nes Laköansmus Dages etwas Bierbei meistens immerfristige Verträge
2484 1896 2697 2050 chten.
539 1923 2454 2062 ###
367 2031 2663 2155 eilened bate ensigmexenemiis beindisser gelegenheit teilen wir innen er xxx
2420 2087 2737 2244 Arlsruher
681 2124 2395 2250 gebenst mit, dass wir mit einer Schauspielergrunge, das
2034 2195 2389 2266 er Liebele
240 2210 2663 2380 (sovotiv asso), dandestheaters für einige kleine badische Orts) Fortschliessen
225 2306 2697 2457 Auswertungs-
311 2426 2592 2562 — ed nebtew wirngssen Sie damit einverstanden xxx
382 2531 2722 2710 - 1198 rosmuen Bestimmungen xxx
478 2651 2512 2836 ni Tebeiw * tbran
1498 2777 2506 2913 mit vorzuglicher Hochachtung
367 2814 2287 3009 ### TgJtJrjTev Teb###llofl m«r«n»V s. FISCHER, VERLÄB
1702 2919 2290 3005 THEATERABTEILUNG
592 2972 2509 3119 19D as "ibtadnied rosselon". aasb.Jnoimoph eip nedeos Tiw
487 3076 2500 3215 Kloftä menestittesönde ihm ausH meitußkrevena ik, nea entilig. lst
1674 3375 2605 3499 nur eid lesipiitöS asdod asgnuguihsés nadauon###e nado
543 3382 1184 3536 xyz xxx xxx
543 3428 2654 3650 gesandt gepättert gegangen statt. Schmied wurde ich auch sein sich, daß es zum feinden zu wieder niemandl. Hausbischten
