3112 3848
562 807 2489 1115 S·FISCHER/VERLAC’ THEATERABTEILUNG’BERLIN
1400 1058 1850 1180 BUL0WSTR90
1674 1123 1845 1252 en
519 1072 1477 1237 Herrn Dr. Arthur Schnitzler
1910 1195 2655 1403 Den 17. Januar 19 23
533 1357 1428 1568 Sehr geehrter Herr Doktor,
1406 1423 2597 1620 Revding (Amsterdam) hat dieser Tage
545 1557 2720 1754 54 Gulden an Frau C. Keg - Lind (Komitée für die Wiener Kinder
550 1662 2734 1910 überwiesen. Es sind dies nach Abzug einer verminderten Provision
550 1831 2692 2022 von 10% die Tantiemen für die unautorisierten Aufführungen
559 1947 2851 2153 seitens der Direktion van der Lugt Melsert: 6 Aufführungen
2384 2044 2540 2116 G.C.H.F.P
570 2070 2783 2270 "Reigenszehen als Gulden sind 60 Guldens. Wir unsererseits werden
562 2230 1907 2386 keine Provision in Anrechnung bringen.
961 2358 1614 2509 Mit besten Grüssen
2424 2375 2578 2486 RLAG
1594 2372 2173 2580 k sehr ergeben.
2053 2355 2395 2532 S. FISCHER. V
2041 2478 2592 2635 THEATERARTEILUNG
428 3379 1993 3667 ###en bei 6 % Tantiene erreichbar sein.
