3118 4023
1731 377 2251 627 G. Berlin W.
1102 430 1273 646 cher
1354 621 1849 733 Theaterabteilung
629 663 2507 806 Bankkonto: Deutsche Bank, Depositenkasse P in Berlin / Postenheckkonto. Berlin Nr. 166.
1051 753 2175 835 Fernsprechanschlüsse: Amt Lützow Nr. 6162 bis 6164
1014 812 2181 885 Telegramm-Adresse: Fischerverlag 6162, Berlinlützow
649 792 843 916 Ma/Ro.
1883 823 2518 989 den 29. August 1927
1796 953 2273 1079 Hoszdog zu Aloisse
759 955 967 1161 Herrn
1116 1040 2085 1200 Dr. Arthur Schnitzler
643 1135 1416 1267 Besetzt xxx
1478 1211 1605 1335 G.F.P.
1054 1228 1214 1368 G.C.F.P.
1104 1295 2006 1444 Sehr verehrter Herr Doktor!
995 1436 2847 1590 Ich bin jetzt von meinem Urlaube zurückgekehrt, auf dem
669 1537 2920 1697 ich in Wien vergeblich bemüht war, Sie zu erreichen, Sie waren unter-
672 1658 2771 1787 dessen schon längst davongefahren. Ich erfahre hier auch von der
672 1756 2866 1897 Hochzeit in Ihrem Hause und bitte meine aufrichtigsten Glückwünsche
666 1888 1467 2051 hierzu entgegenzunehmen.
1031 1883 2858 2077 Ich habe unterdessen an den Ullstein-Ferlag in der Ange-
672 2040 2852 2214 legenheit der Anthologie in Ihrem Sinne geschrieben und unabhängig
677 2124 2625 2296 davon wegen der Freigabe der "Frau des Richters" angefragt.
1034 2262 2816 2405 Unterdessen hat sich hier Direktor Schädlich wegen der
2329 2335 2419 2383 G.F.P.
680 2374 2872 2537 Aufführungen von „Komödie der Verfühnung“ und „Gang zum Welher“ in-
1835 2442 2001 2512 G.C.H.S.
688 2442 2945 2599 teressiert, aber er kommt weder künstlerisch, noch was die materielle
683 2571 2821 2714 Sicherheit betrifft, in Frage, denn es ist vor ihm öffentlich ge-
688 2672 2768 2813 warnt. Etwas Aehnliches gilt von einer vorliegenden Anfrage des
700 2771 2768 2917 Trianon-Theater, Direktor Arnim. hinter dem nämlich die Rotters
697 2827 2953 3010 stehen. Diese Direktion möchte „Anatolz und „Zwischenspiel“ erwerben.
688 2959 2813 3128 Unter ausreichenden Kautelen kommt die Erteilung des Aufführungs-
705 3063 2366 3260 rechtes eher in Frage als in erstgenannten Falle.
1203 3130 2765 3333 Direktion Hartung, auf die ich wegen einer Auffte-
708 3257 2661 3420 des "Gang zum Weihern Hoffnung setzte, scheint überhaupt ni
1371 3375 2698 3541 en; offenbar hat Hartung die erforderliche
725 3417 1281 3580 Erscheinung zu trücken.
