2930 4008
1842 332 2315 473 Blatt
256 335 1372 544 S. FISCHER, VERLAG,'BERLIN.
552 473 848 611 Theaterabteilung
304 611 2402 780 dem sämtliche Korrespondenzen Brandts über uns zu leiten sind.
304 746 2414 901 Dabei handelt es sich mir nicht etwa um eine Unklarheit in den
304 865 2447 1005 Provisionsansprüchen, sondern um die Furcht, dass durch Doppel-
315 932 2549 1115 verhandlungen sich irgendwie der Fall Ziegel wieder einmal wiederd-
310 1115 774 1259 holen könnte.
749 1157 2549 1324 Mit Herrn Hermann Bernstein habe ich hier konferiert,
327 1267 2436 1445 er verlangt die Alleinvertretung für Theateraufführungen Ihrer
332 1388 2442 1535 Werke innerhalb Amerikas für ein Jahr, wobei Ihnen unbe nommen
1135 1498 1228 1555 G.C.H.
335 1448 2501 1670 bleiben würde, gelegentlich direkt, aber ohne Verwendung eines
344 1571 2470 1757 anderen amerikanischen Vertreters abzuschliessen. Bedingungen
346 1704 2484 1873 lch für Sie, 40% für ihn für Vermittlung und Uebersetzung. Ich
346 1816 2518 2000 möchte mich zu dieser Sache zunächst jeder Meinung enthalten und
352 1926 2464 2092 gebe hier lediglich wieder, was von Herrn Bernstein gefordert
358 2022 2461 2183 wird. Eine geringere Berechtigung als die genannte erklärte er
358 2138 2602 2307 für wertlos, sowohl für ihn als auch für Sie. Er bittet auchftür
369 2236 2504 2402 durch Ihn vermittelte Magazinabdrucksrechte, die gleichen Be-
1256 2354 1425 2425 G.C.H.S.
372 2388 1405 2532 dingungen ins Auge zu fassen
845 2428 2681 2611 In Polen habe ich für "Reigen 4 - 5000 reichsdeutsche
377 2577 2580 2715 Mark Garantie, alsmehr als Karczag, verlangt. Rechtleben schreibt
380 2667 2473 2828 mir jedoch, er Habe die Verhandlungen mit dem Theater bis zum
391 2768 2447 2943 Herbst vertagt um die Aufführungen in die gute Jahreszeit zu
394 2825 2543 3039 bringen. Ihre Bemerkungen über unsere Forderung bei dem Allen
400 3027 2115 3194 Property Custodian habe ich zur Kenntnis genommen
955 3112 1907 3281 Mit den besten Empfehlungen
1577 3211 2036 3351 Ihr ergebener
2031 3106 2422 3351 Le sieur
448 3309 2709 3467 P. S. an Brandt habe ich nochmals geschrieben und ihm mit aller mir
451 3399 2678 3534 möglichen Deutlichkeit den gegenwärtigen Stadus unseres übkommens
456 3453 2712 3608 umgrenzt. Im übrigen bat ich die Herrn Ihre weitere Äusserung ab-
456 3529 2650 3650 zuwarten, zumal wir nicht wissen könnten, ob der Preis den wir im
462 3585 2690 3732 Vorjahre von B. & L. verlangt Ihren heutigen Intentionen noch ent-
459 3706 729 3819 spricht
