2933 3850
1100 204 1258 336 „
344 248 2463 493 S. Fischer/Verlag/Berlin W 57/Bülowstraße 9o
534 420 2259 537 Bankkonto: Deutsche Bank. Depositenkasse P in Berlin / Postscheckkonto; Berlin Nr. 16892
1060 487 1988 616 Durchlüsse: Amt Lützow Nr. 1662, 6162 und 9292
1947 683 2376 817 31. Aug. 21
298 738 522 873 Gr/si.
946 893 1856 1127 Herrn Dr. Arthur Schnitzler
1929 1051 2145 1197 Wien
566 1109 1436 1328 Sehr geehrter Herr Doktor,
581 1255 2612 1413 wir erbitten Ihre freundliche ungehende Mitteilung darüber, ob
429 1392 2606 1518 "Reigen „ jemals in einer holländischen Ausgabe erschienen ist und
417 1503 2548 1634 bejahendenfalls in welchem Jahre. Es dürfte Ihnen nicht unbekannt
2002 1567 2207 1629 audemt
420 1588 2767 1763 sein, dass deutsche ( selbstverständliche auch alle nicht holländischen)
423 1699 2595 1856 Bücher in Holland nur rechtsmässigen Urheberschutz geniessen, wenn
432 1775 2644 1926 spätestens 10 Jahre nach Erscheinen der ersten deutschen Ausgabe das
435 1897 2656 2037 betreffende Buch in einer holländischen Uebersetzung erschienen ist.
435 1994 2744 2160 Wir richten diese Anfrage deshalb an Sie, weil, wenn es keine holfändi-
441 2075 2571 2230 sche Ausgabe vom =Reigen » gibt, auch Aufführungen des Stückes in
444 2189 2726 2353 Molland nicht geschützt werden. Sie wissen, dass wir mit einer hollän-
452 2274 2604 2428 dischen Direktion deshalb in Verbindung stehen und haben vorläufig
452 2414 2703 2525 keinen besonderen Grund anzunehmen, dass diese Direktion von dem Vor-
449 2496 2536 2665 teil, den ihr Angeventuelle Schutzlosigkeit bietet, Gebrauch
455 2560 2671 2732 machen will, allein, da sich die entscheidende Antwort dieser Direk-
464 2682 2644 2822 tion verzögert, so bestünde innerhin die Möglichkeit, dass wir dann
461 2808 1848 2974 plötzlich vor vollendeter Tatsache stehen.
595 2878 2676 3015 Sie erinnern sich, dass etwa vor Jahresfrist durch Herrn Koszto-
736 3003 1065 3073 ungarisehe
473 2983 2682 3126 lanyi eine Uebersetzung der „Schwestern“ hergestellt wurde und für
485 3111 2633 3231 die Aufführungsrechte damals eine garantie von 5000 Kronen bezahlt
479 3196 2787 3354 werden sollte. Sie korrespondierten in dieser Angelegenheit auch selbst
540 3310 2636 3485 und teilten uns gelegentlich mit, dass das Budapesten Athenäum von
