2903 3991
1144 220 1345 316 kam
1142 300 1302 431 522
287 415 2433 608 S. Fischer/Verlag/Berlin M 57/Bülowstraße ho-
592 544 2227 667 kkonto: Deutsche Bank. Depositenkasse P in Berlin / Postscheckkonto: Berlin Nr. 16692
785 611 1951 750 Fernsprechanschlüsse: Amt Lützow Nr. 1662, 6162 und 9292
161 780 383 917 Gr/si.
1908 737 2299 946 14. Okt. 21
611 1029 1520 1190 Herrn Dr. Arthur Schnitzler
1718 1126 1905 1292 Wien
426 1249 1059 1442 Sehr geehrter Herr,
466 1407 2420 1570 wir sind noch ohne Bescheid in der Angelegenheit "Reigen "
791 1570 2482 1680 obwohl Sie uns diese Angelegenheit generell gleich-
370 1562 734 1704 ( Vivanti )
359 1654 2455 1801 falls übertragen hatten, so wollten Sie doch laut Ihrer Depesche
364 1747 2474 1897 vom 2. Oktober zunächst selbst unverbindlich bei Frau Vivanti an-
2139 1844 2275 1905 G.C.F.P
364 1879 2511 2002 fragen. Wir haben daher Raggio hinhaltend behandelt und Ihnen am 2.
364 1967 2519 2117 ds. M. telegraphiert, dass wir Nachricht in dieser Sache von Ihnen
364 2066 2500 2198 erwarten. Da diese bisher nicht erfolgt ist und zu befürchten ist,
356 2155 2420 2324 dass uns damit eventl. auch Raggio verloren geht, wären wir für
356 2273 1386 2401 freundliche Erledigung dankbar.
1353 2409 2275 2530 Mit vorzüglicher Hochachtung
1637 2514 2206 2618 S. FISCHER, VERLAG
1635 2594 2190 2726 AUSLANDSABTEILUNG
2200 2669 2291 2782 1.
