3100 4072
1077 129 1246 252 ooc
1310 215 1498 391 selbe
800 326 2316 566 S. Fischer / Verlag / A.-G. Berlin W 57
594 492 2553 649 Bankkonto: Deutsche Bank, Depositenkasse P in Berlin / Postscheckkonto. Berlin Nr. 1669a
991 584 2147 708 Fernsprechanschlüsse: Amt Lützow Nr. 6162 bis 6164
1397 640 1775 748 Bülawstratze 90
1009 664 2156 846 Telegramm-Adresse: Fischerverlag 6162 Berlinlützow
2076 732 2513 889 21. Sept. 28
1424 781 1797 1006 Reige
465 858 671 1012 F/Si.
1434 960 1849 1095 Puer
1993 991 2129 1086 G.H.F.P.
735 1018 1227 1160 Lieber Freund,
880 1092 2947 1249 ich freue mich sehr, einen an Maril gerichteten Geschäftsbrief
689 1197 2929 1360 von Ihnen, vor mir liegen zu haben. Die sachlichen Angelegenheiten
689 1270 2839 1477 beantwortet Dr. Maril und das auch bezüglich der viel erörterten
695 1394 2987 1618 Frage HARZ, "Reigen", denn der Fall erfordert eine gewisse juristische
698 1477 2806 1729 Gewandtheit. Meine Meinung, die ich Sie jedenfalls wissen lassen
708 1603 2833 1833 möchte, ist die, dass sie hier Harz daraufhin verklagen müssten,
2144 1704 2839 1818 mehr zustehen kann,
1920 1726 2153 1880 ich nicht
2141 1766 2313 1858 G.C.H.F.P.
720 1738 1892 1886 dass ihm ein verlagsrecht auf das B
1689 1800 2849 1993 seit Jahren vollkommen lahm liegt.
1129 1861 1286 1926 aie ett
717 1883 1704 1981 weil der Vertrieb und verkauf
883 1950 1538 2046 lʼœuvre de lʼhonneur de liret
849 1923 2969 2080 Und nun die Abrechnung: es spiegelt sich in ihr die gegenwärtige
723 2030 2950 2196 Situation. Das Publikum interessiert sich nur noch für neue Bücher.
735 2086 3036 2298 Vergleichen Sie bitte die Absatzziffern Ihrer Novellenbücher und Roman
729 2227 2901 2412 ne mit dem Absatz von „ Theresem und Sie werden sogleich im Bilde
738 2319 2962 2516 sein. Von „ Therese „ haben wir 30 000 Exemplare gedruckt. Wir ver-
735 2452 2849 2615 kaufen etwa 300 - 350 Exemplare pro Woche und haben gegenwärtig
1474 2535 3036 2726 lare vorrätig. Von diesen 6000 Exemplaren werden
751 2587 1489 2719 noch etwa 6 200 Exempl
1474 2673 1569 2747 G.H.F.P
751 2636 3045 2839 wir einstweilen 1000 Exemplare in die Reihe der Gesammelten Schriften
757 2778 2858 2935 aufnehmen, sodass ich glaube, wir werden bis Ende dieses Jahres
754 2821 3064 3058 die Vorräte verkauft haben und dann neu drucken. Da wir die gesammelt
766 2972 3058 3156 Schriften einzeln abgeben, so ist es gleichgültig, ob wir sie einzeln
575 3052 3045 3245 oder im Rahmen der gesammelten Werke verrechnen. Die obändige Reihe wird
769 3162 3070 3362 Anfang November erscheinen. Wir haben davon je 4000 Exemplare gedruck
1280 3304 1726 3378 einstweilen.
775 3307 2950 3498 vom Ergänzungsband 5006 Exemplare. Wir werden, wie wir vereinbart
