2916 3752
1192 741 1352 873 549
497 789 845 988 d'éloire
1854 871 2220 996 27.2.1922.
509 1044 985 1171 Lieber Freund.
779 1128 2404 1235 Beifolgend ein Blatt, um dessen Unterschrift ich
1296 1212 2467 1293 Königs dringendst ersuche. Ich habe
502 1199 1118 1304 Sie auf Ersuchen
504 1263 2488 1393 nämlich bis heute eine direkte Antwort auf meine den „das
504 1339 1930 1421 sian" betreffende Anfrage nicht erhalten.
1423 1372 2541 1477 „Luxusausgabe bei Rikola etwas
789 1398 1388 1510 Ob aus der „Liebe“
514 1462 2472 1558 wird, ist noch unbestimmt. Vielleicht würden sie sich doch
519 1512 2480 1604 entschliessen, falls die Sache ernst wird, auch eine höhere
504 1561 2427 1647 Auflage als 500 zu gestatten. Natürlich nicht über 1000
512 1594 2554 1706 Die Schädigung der Normalausgabe kommt doch wahrhaftig kaum
517 1665 2483 1744 in Betracht. Das Publikum der Luxusexemplare ist bekannt-
517 1709 2495 1815 lich ein ganz anderes als das der Normalkäufer. Und jeden
504 1782 2513 1854 falls schadigt es den Verkauf von Büchern am allermeisten,
502 1828 1686 1930 wenn sie gar nicht vorhanden sind.
784 1884 2503 1994 Ich habe heute die zwei einzigen Menschen, die mit
504 1950 2546 2083 meiner Erlaubnis Werke von mir in Amerika anbieten durften,
509 2032 2554 2113 anewiesen dies weiterhin zu unterlassen. Es sind dies Frau
509 2070 2554 2218 Dr. Paukner und der Vertreter des Verlages Frisch & Co,Herr
