2938 3943
1077 480 1514 626 Vortrag / Berli
896 583 1797 672 Deutsche Bank. Depositenkasse P. in Berlin / Post
1044 658 1854 753 prechanschlüsse: Amt Lützow Nr. 1662. 616
1468 1077 1611 1177 P.S.
451 999 1301 1174 Herrn Dr. Arthur Schnitzler
1314 1144 1468 1290 Wien
2324 1303 2426 1457 P.P.
1298 1306 1422 1455 P.
451 1330 920 1501 Lieber Freund,
1865 1325 2013 1479 G.C.F.P
2448 1352 2550 1533 P.
1857 1452 1978 1511 G.F.P.
1573 1382 1703 1514 G.F.P
1163 1417 1320 1549 Lands
537 1465 2588 1652 dem Briefe der unverabteilung möchte ich meinerseits hinzufügen.
448 1592 2612 1735 dass es uns nur aus technischen Gründen notwendig scheint, die Vermit-
459 1730 2588 1841 telung Ihrer ausländischen Angelegenheiten, die Sie uns in dem einen
453 1803 2583 1948 oder andern Fall übertragen wollen, auf drei Monate fest in Händen zu
445 1903 2580 2048 haben, und dass nicht etwa die Tendenz besteht, Ihnen die Dinge zu er-
2286 2027 2650 2143 Es liegt auf
453 2048 2240 2164 schweren, um damit besondere Vorteile für uns zu erlangen.
1986 2116 2151 2259 ferhar
2189 2105 2391 2264 lungen,
453 2116 1916 2259 der Hand, dass wir die Möglichkeit haben müssen
448 2229 1814 2375 auf Ihren Wunsch einleiten, innerhalb einer
448 2329 1706 2459 Auswirkung bringen zu können; es entsteht
453 2442 1617 2591 Verstimmungen, die zu vermeiden auch
658 2534 1420 2677 Sie haben mir im vorigen
448 2647 1247 2788 neue Auflage des "Reigen".
451 2747 1298 2896 Harz. Dem habe ich natürlic
