3048 3831
1642 266 2450 449 M 57/Bülowstraße
784 287 1612 491 Herr/Verlag/Berlin.
787 422 1765 592 dato: Deutsche Bank. Depositenkasse P in Berlin
1131 512 1696 616 anschlüsse: Amt Lützow Nr.
909 529 1026 598 Fern
583 586 1217 727 2. Blatt
1017 682 1765 811 xxx sich xxx nach dem xxx
948 769 2315 912 zugslbaupt als Hoffdenom wennskeleünsk ze###
398 847 2572 984 Die in der statistischen Liste über die Valutaeignahmen
410 975 2593 1137 angeführten Erlösziffern ergeben sich also aus der Umrechnung
446 1056 2519 1232 der Schweizer Preise in die einzelnen Währungsländer unter
329 1158 2737 1295 Abzug des jeweils gewährten Rabattes. Dieser Rabatt kann in jedem
526 1247 2734 1436 einzelnen Fall aus den Fakturen nachgewiesen werden. Er schwankte
338 1394 2465 1570 zwischen 30 und 60%
574 1472 2638 1618 Die Berechnung nach Veluten erfolgte für einzelne Länder,
604 1600 2611 1720 beispielsweise wie für Oesterreich,viel später als für andere
604 1687 2683 1828 Länder, da man jenen Ländern durch längere Zeit den Vorteil der
428 1708 520 1855 G.C.F.P
598 1786 2776 1926 Markfakturierung lassen wollte. Daraus ergibt sich, dass beispiels-
607 1870 2779 2025 weise für Oesterreich im April gar keine Valutaeinnahmen vorhanden
613 2007 2656 2118 sind. Es wurden auch vielfach Durchbrechungen des Prinzips der
616 2085 2692 2217 Valutenberechnung vorgenommen, beisspielsweise wurde lange Zeit
613 2196 2728 2315 das Siebenbürgische Sachsen über Vorschrift des Börsenvereins in
622 2309 2821 2435 Mark berechnet, ebenso die deutschen Bibliotheken in der Tschec ho-
625 2396 2683 2534 slowakei. Auch gegenüber Oesterreich kam es auch noch nach April
625 2516 2638 2653 zumteil aus länger zurückliegenden Lieferungsverträgen her, zu
628 2620 1244 2770 Markverrechnungen.
775 2662 2839 2872 Das beiliegende Tableau/ erklärt die Reihenfolge der mit
628 2812 2543 2940 a b c d bezeichneten Anlagen für die einzelnen Länder. Die
634 2913 2614 3063 schraffierten Felder haben keine Anlagen. Die Abrechnung für
634 3039 2635 3162 Oesterreich Juli wurde bereits am 8.0.23 in oesterreischischen
634 3129 1161 3266 Kronen gegeben.
