3173 4081
1585 484 2112 671 rechtig
576 487 1542 680 mil1e8 ; 9 hsQ
447 717 2311 840 Todolafcoimatärijad pnulistdorstos(2) coio » 5001 rtogöf yw
959 788 1802 907 oo.1/2 og 3/m2 1/2?. Te W a iliisé.
2152 910 2336 1008 foa e
1030 870 1686 1033 OStot Tsuide I. Sl...
432 956 2492 1116 haben, diese nicht durch Umleitung am Sie direkt zu unterbrechen.
2409 1054 2538 1125 G.C.F.P.
438 1119 2495 1220 Sofern Sie sich wie im Falle Bartsch der von uns bestellten Ver-
444 1152 2529 1309 treter zur Wahrung Ihrer Interessen bedienen, besteht keine andere
785 1275 867 1352 G.C.F.P.
1652 1284 2550 1419 mit diesen Vertretern resert.
1499 1278 1624 1395 kenr
441 1290 1511 1468 Möglichkeit, als dass uns der Ver-
1499 1358 1851 1471 Ilmoa Vohj
444 1395 874 1569 viert bleibt.
938 1441 1186 1539 me f w
913 1465 2452 1624 Was die schweizerischen Tantiemen anbetrifft, so
447 1569 2526 1716 ist es nicht gut möglich, dass Herr Direktor Keucker diese Ein-
2014 1664 2191 1738 au moins de ses autres.
451 1707 2550 1833 zahlung direkt besorgt. xxx vor dieser noch eine entsprechende Ver
159 1677 447 1830 t-es rendus
444 1811 2504 1934 rechnung zwischen uns und unserem Vertreter stattfinden muss. Die
187 1784 402 1925 reffes.
444 1931 2599 2044 Einzahlung des auf Sie entfallenden Betrages, kann dann durch diesen
444 2026 2572 2130 ohne weiteres bei der von Ihnen zu nennenden Bank erfolgen. Die auf
310 2011 420 2152 G.C.P.
218 2093 2636 2244 und entfallende Provision werden wir dann bei der nächsten Abrechnung
205 2234 2351 2339 „ Jimxxun'Abzig bringen“. Nesiid riw meaum og „baie nebrow Jmifleg
254 2280 2663 2443 xxx wir sind gern bereit, Ihnen künftighin die Abrechnungen
205 2427 2633 2544 über deutsche und fremdsprächige Aufführungen getrennt zu übersenden.
285 2532 2743 2639 nem xxx Herrn Linden haben wir nun einen Vertrag über „Schwestern“
2477 2611 2630 2703 le dernier
282 2614 2550 2731 zugesandt, der nach der gleichen Form abgefasst wurde wie die bis
221 2722 2357 2857 ### herigen verträge über Ihre Stücke.
270 2814 2728 2955 noch sich auslauffen das Pölen antetrirrt, wo ersehen wir aus Ihrem Schreiben,
267 2933 2584 3056 dass Sie diesbezüglich bereits versort sind. Sollte seitens unseres
261 3053 2522 3166 von vertreters eine Anfrage bei uns erfolgen, so werden wir Sie davon
346 3135 2706 3292 verständigen. Das Pauschale für das Stück von Nansen betrug Nr. 1500.–
1300 3224 1526 3292 ted to the
261 3264 2526 3390 nil mögl. mündigt av neusdreier Tage bewarb' seine ein xxxn Theater
2467 3326 2691 3396 Mais elle est eu le même nouveau
261 3344 2648 3494 mir girekt xyz xxx und die schwester### wir wären
285 3442 2621 3592 nenno 4### der Lage durch Herrn Fortsch diese Angelegenheit wertet verfolgen
1490 3546 2458 3693 Nur eid nöthlöS usdod napnugntbaé nammenae nado etc.
331 3555 959 3696 J'aiV l'on pou malaib ne rien nvillo8
334 3663 2464 3804 anwandt nach dem päßerne Freude sämmtigkeit schmerst im auch rach nicht nur sich, um vier nemdre ei wird nachs Zusammen könnlich,
