2960 3932
1189 161 1319 319 52m
1186 300 1342 472 874.
2172 478 2628 625 Haus Schindler
1464 458 2158 644 Zeit Oberschreiberhau,
2030 586 2578 769 den 16. August 22
1094 880 2111 1092 Lieber und sehr verehrter Freund!
761 1072 2569 1253 Ich habe schon wiederholt Gelegenheit gehabt, Ihnen wegen
556 1200 2575 1394 der Tantieme zu schreiben, daß der prozentuale Anteil nicht eine
558 1305 2625 1486 Frage des Ranges, sondern der Kalkulation ist. Bin ich in der Lage
564 1400 2708 1600 größere Auflagen eines Werkes zu drucken, und sie in verhältnismäßig
564 1508 2764 1678 kurzer Zeit zu verkaufen, soo ist das ein bedeutender kalkularischer
572 1625 2728 1775 Vorteil. In Ihrem Fall liegt die Sache wirklich dadurch etwas schwie-
569 1750 2700 1880 rig, daß der weitaus größte Teil Ihrer Bücher aus dramatischen Wer-
1439 1830 1542 1900 G.C.F.P.
564 1841 2644 1972 ken besteht, die nur in kleineren Auflagen gedruckt werden können,
578 1944 2700 2086 und deren Absatz sich zum großen Teil in einem langsamen Tempo voll-
572 2022 2666 2200 zieht. Das ist ein um so schwierigeres Geschäft für uns, als diese
575 2155 1630 2314 Bücher relativ billig sein müßen.
769 2222 2769 2414 Das ist auch der Grund, weshalb ich Sie bitten mußte, beidiesen
586 2314 2814 2528 Büchern auf die Voraushonorierung zu verzichten, und die Teilabrechnung
597 2444 2764 2622 nach Maßgabe des Absatzes zu gestatten. Ein Modus, der übrigens schon
594 2558 2808 2728 durch das Prinzip der Tantieme gang und gebe ist und in fast allen Ver¬
600 2658 2833 2814 lagen, auch bei schnell absetzbaren Werken so gehandhabt wird. Sie müßen
605 2772 2775 2914 bedenken, daß bei den enormen Herstellungskosten nicht nur das Risiko
603 2869 2772 3014 sondern auch die Kapitalinvestition ständig wächst, und daß es einfach
614 2989 2808 3114 kapitalistisch nicht zu schaffen ist, hohe Summen auf lange Zeit durch
614 3069 1855 3227 Vorauszahlung von Tantiemen festzulegen.
2364 3136 2780 3272 erhöhen müßen.
855 3175 1816 3339 Wir haben inzwischen die Preise-
2480 3244 2827 3386 amen verredi-
622 3300 1375 3455 und Sie bekommen natürlich.
2303 3350 2872 3530 Werken erzählender
614 3394 1353 3564 net, was nebenbei bemerkt.
