3168 4023
2424 318 2723 478 Blatt 2
544 315 1764 508 S. FISCHER,VERLAG, BERLIN,
628 565 2688 761 Arbeiten werden nach der Reihenfolge des Eingangs geprüft und wir
617 709 2660 905 werden den Arbeiten, die Sie ankündigen, besondere Aufmerksamkeit
620 859 938 997 zuwenden.
810 889 2783 1057 Die 50 Mark, die wir vom Verlag Dürr in Leipzig bekommen haben,
633 1008 2758 1163 haben wir Ihnen inzwischen verrechnet. Wünschen Sie, dass der Betrag
633 1114 2742 1275 für Kriegsfürsorgezwecke dem Schutzverband Deutscher Schriftsteller
625 1223 2764 1438 noch nachträglich überwiesen wird, so können wir das zu Ihren Lasten
636 1394 1345 1500 noch nachträglich tun.
916 1470 2799 1625 Erlauben Sie mir Ihnen bei dieser Gelegenheit zu sagen, dass
647 1584 2796 1726 mir Ihr Verhältnis zur "Neuen Rundschau" nicht ganz verständlich ist.
1568 1674 1772 1726 Votre amitié dernier et de
649 1660 2837 1832 Sie wissen, dass wir uns immer wieder um Ihre Arbeiten bewerben, darin
647 1802 2745 1943 drückt sich doch deutlich genug die verehrungsvolle Schätzung aus,
663 1894 2639 2035 die Redaktion und Verlag Ihrer Produktion entgegenbringen. Wenn
655 1984 2696 2158 Versuche einer stärkeren kritischen Anteilnahme an Ihrem Schaffen
652 2092 2669 2258 nicht zur Realisierung gelangen konnten, so liegt das ausserhalb
660 2193 2813 2334 unserer Macht. Sie werden finden, dass der literarisch-kitische Teil
669 2291 2723 2462 unserer Zeitschrift nicht ihren stärksten Wert heute ausmacht, was
666 2389 2679 2560 daran liegt, dass wir an einem auffallenden Mangel an wertvollen
669 2533 1622 2690 kritischen Kräften laborieren.
1223 2595 1932 2761 Mit herzlichen Grüssen
1913 2777 2473 3025 Fischer
