3032 3768
1307 224 1732 425 Nr. 1662. 6163 und 9292
1407 398 1690 528 RABTEK
490 540 1286 791 Durch Eilboten zu beste
1938 844 2092 1012 G.C.F.P.
838 982 1584 1174 Dr. Arthur Schnitzler
1714 1071 1977 1186 Wien
510 1242 1419 1440 Sehr verehrter Herr Doktor,
1478 1301 2679 1507 Gestern rief Direktor Davidsohn von
510 1457 2646 1628 der Davidsohn Filmgesellschaft, Berlin, Friedrichstrasse 35 an.
522 1575 2800 1732 Die Firma beabsichtigt " Liebelei "neuerdings für den Tim herauszu-
522 1625 2891 1832 bringen. Die Rechte sind vorläufig noch bei der Nordisk-Fidmgesellschaf
528 1764 2847 1932 welche für die Ablösung Mk. 2500.— verlangt. Ich sagte pavidsohn, der
519 1903 2794 2050 ein ziemlich bekannter Fachmann in der Industrie ist, dass Sie kaum
528 1994 2744 2156 für ein Angebot, das Ihnen weniger als Mk. 10000.– bringen würde,
540 2130 2800 2266 zu haben wären. Er sagte, das käme garnicht in Betracht. Ausser der
525 2204 2705 2392 Ablösung an die Nordisk- Ges. würde er höchstens bis Mk. 5000.-
531 2292 2711 2493 gehen. Falls Sie nicht pauschal verkaufen wollten, könnte er die
546 2416 2802 2593 deutschen Rechte etwa mit Mk. 3000.— Pauschale kaufen und Ihnen an
1614 2543 1705 2617 G.H.F.P.
537 2558 2862 2711 Auslandsabschlüssen eine mit Mk. 2000.— zu garantierende Beteiligung
540 2655 2746 2814 geben. Davidsohn wird übrigens am 20. April in Wien sein, weshalb
555 2770 2826 2915 ich Sie bitte, entweder an ihn selbst oder an uns zu telegraphieren,
572 2862 2785 3033 ob Sie auf dieses Angebot prinzipiell in Verhandlung treten wollen
563 3027 2097 3162 und in welcher Weise dies vorsichgehen könnte.
1171 3053 2841 3248 Der Breslauer Rundfunk hat auf meine Mahnung sofort
2339 3192 2841 3354 ich auf die von
587 3198 1938 3369 Sie Mk. 75. — eingesandt und dabei gesagt,
