<?xml version="1.0" encoding="UTF-8" standalone="yes"?>
<PcGts xmlns="http://schema.primaresearch.org/PAGE/gts/pagecontent/2013-07-15" xmlns:xsi="http://www.w3.org/2001/XMLSchema-instance" xsi:schemaLocation="http://schema.primaresearch.org/PAGE/gts/pagecontent/2013-07-15 http://schema.primaresearch.org/PAGE/gts/pagecontent/2013-07-15/pagecontent.xsd">
    <Metadata>
        <Creator>prov=READ-COOP:name=TrHtr:version=2.1.0:model_id=51170:date=27_07_2023_22:32</Creator>
        <Created>2023-05-02T08:11:49.091+02:00</Created>
        <LastChange>2023-07-27T22:32:50.506+02:00</LastChange>
        <TranskribusMetadata docId="1416743" pageId="54955056" pageNr="597" tsid="131306270" status="IN_PROGRESS" userId="64420" imgUrl="https://files.transkribus.eu/Get?id=JDBKXEDTDNLVQWKGPJEPIXVW&amp;fileType=view" xmlUrl="https://files.transkribus.eu/Get?id=ZLAXMWYZQNTLVFXSESCLBPVQ" imageId="44458781"/>
    </Metadata>
    <Page imageFilename="1416743_0597.jpg" imageWidth="3096" imageHeight="3865">
        <ReadingOrder>
            <OrderedGroup id="ro_1711826567103" caption="Regions reading order">
                <RegionRefIndexed index="0" regionRef="tr_2"/>
                <RegionRefIndexed index="1" regionRef="tr_1"/>
            </OrderedGroup>
        </ReadingOrder>
        <TextRegion id="tr_2" custom="readingOrder {index:0;}">
            <Coords points="519,403 2814,403 2814,1224 519,1224"/>
            <TextLine id="tr_2_tl_1" custom="readingOrder {index:0;}">
                <Coords points="1401,475 1509,486 1552,466 1567,477 1647,469 1655,480 1684,463 1724,480 1730,300 1690,303 1612,360 1549,320 1498,349 1447,323 1404,337"/>
                <Baseline points="1417,462 1444,459 1489,459 1534,456 1578,456 1599,453 1644,456 1689,453 1734,456 1737,453"/>
                <TextEquiv>
                    <Unicode>1 mils 3</Unicode>
                </TextEquiv>
            </TextLine>
            <TextLine id="tr_2_tl_2" custom="readingOrder {index:1;}">
                <Coords points="2081,597 2104,603 2133,577 2147,583 2167,569 2196,572 2196,469 2176,469 2167,460 2141,472 2110,472 2104,466 2081,469"/>
                <Baseline points="2098,519 2142,519 2187,519 2202,519"/>
                <TextEquiv>
                    <Unicode>G.C.F.P</Unicode>
                </TextEquiv>
            </TextLine>
            <TextLine id="tr_2_tl_3" custom="readingOrder {index:2;}">
                <Coords points="1058,560 1375,575 1549,537 1875,566 1981,535 1981,486 1812,489 1758,449 1312,506 1061,483"/>
                <Baseline points="1077,540 1092,540 1137,540 1181,537 1226,537 1271,534 1316,534 1360,540 1405,534 1450,537 1495,534 1540,534 1584,534 1629,534 1674,531 1719,528 1763,528 1808,528 1853,525 1898,525 1942,522 1987,522"/>
                <TextEquiv>
                    <Unicode>xxx</Unicode>
                </TextEquiv>
            </TextLine>
            <TextLine id="tr_2_tl_4" custom="readingOrder {index:3;}">
                <Coords points="1161,632 1324,672 1424,638 1464,660 1527,623 1589,652 1715,620 1778,640 1901,617 1904,563 1695,543 1615,563 1547,537 1507,563 1472,543 1301,580 1164,549"/>
                <Baseline points="1175,623 1187,626 1232,623 1277,623 1322,620 1366,623 1411,623 1456,617 1501,620 1546,620 1590,617 1635,617 1680,614 1725,614 1769,614 1814,611 1859,608 1904,605"/>
                <TextEquiv>
                    <Unicode>0 M UJISTHASHTASHT</Unicode>
                </TextEquiv>
            </TextLine>
            <TextLine id="tr_2_tl_5" custom="readingOrder {index:4;}">
                <Coords points="500,786 2038,698 2341,749 2739,706 2742,612 2358,569 1404,675 1132,606 858,683 506,612"/>
                <Baseline points="519,731 552,731 596,731 641,731 686,728 731,725 775,725 820,725 865,722 910,722 955,719 999,719 1044,719 1089,719 1134,719 1178,716 1223,716 1268,716 1313,713 1357,716 1402,713 1447,713 1492,710 1537,710 1581,710 1626,710 1671,704 1716,704 1760,704 1805,704 1850,701 1895,701 1939,698 1984,698 2029,695 2074,692 2119,692 2163,692 2208,689 2253,686 2298,686 2342,686 2387,686 2432,683 2477,683 2521,680 2566,680 2611,680 2656,677 2701,677 2745,680"/>
                <TextEquiv>
                    <Unicode>gungen hin stets prompt reagiert. Ordnungshalber bemerke ich noch,</Unicode>
                </TextEquiv>
            </TextLine>
            <TextLine id="tr_2_tl_6" custom="readingOrder {index:5;}">
                <Coords points="509,872 2333,878 2564,803 2807,903 2813,746 512,775"/>
                <Baseline points="528,850 531,850 576,850 620,850 665,850 710,850 755,850 799,847 844,847 889,847 934,844 978,844 1023,844 1068,841 1113,844 1158,841 1202,841 1247,838 1292,838 1337,838 1381,835 1426,835 1471,835 1516,835 1560,835 1605,832 1650,829 1695,829 1739,829 1784,826 1829,829 1874,826 1919,826 1963,820 2008,820 2053,820 2098,820 2142,820 2187,817 2232,814 2277,814 2321,811 2366,811 2411,808 2456,805 2501,805 2545,805 2590,802 2635,799 2680,796 2724,796 2769,793 2814,793"/>
                <TextEquiv>
                    <Unicode>dass nach den Kartellbestimmungen andere als die sogenannten Sonder-</Unicode>
                </TextEquiv>
            </TextLine>
            <TextLine id="tr_2_tl_7" custom="readingOrder {index:6;}">
                <Coords points="512,1015 2599,995 2630,895 515,880"/>
                <Baseline points="528,975 534,975 579,975 623,978 668,978 713,975 758,975 802,975 847,975 892,972 937,972 981,969 1026,969 1071,969 1116,969 1160,966 1205,966 1250,966 1295,964 1340,964 1384,964 1429,964 1474,961 1519,964 1563,961 1608,961 1653,958 1698,955 1742,955 1787,952 1832,952 1877,949 1922,949 1966,949 2011,949 2056,946 2101,946 2145,946 2190,943 2235,943 2280,940 2324,940 2369,940 2414,937 2459,934 2504,934 2548,931 2593,928 2638,925"/>
                <TextEquiv>
                    <Unicode>verträge zwischen Kartellmitgliedern, zu denen Sie ja als Mit -</Unicode>
                </TextEquiv>
            </TextLine>
            <TextLine id="tr_2_tl_8" custom="readingOrder {index:7;}">
                <Coords points="515,1135 2393,1126 2673,1086 2676,963 517,1012"/>
                <Baseline points="531,1107 534,1107 579,1104 623,1101 668,1098 713,1098 758,1095 802,1095 847,1095 892,1092 937,1092 981,1092 1026,1089 1071,1089 1116,1089 1160,1089 1205,1086 1250,1083 1295,1083 1340,1083 1384,1080 1429,1080 1474,1080 1519,1077 1563,1080 1608,1077 1653,1074 1698,1074 1742,1071 1787,1071 1832,1071 1877,1071 1922,1068 1966,1068 2011,1068 2056,1065 2101,1065 2145,1062 2190,1062 2235,1062 2280,1059 2324,1059 2369,1059 2414,1062 2459,1059 2504,1056 2548,1053 2593,1053 2638,1053 2683,1053"/>
                <TextEquiv>
                    <Unicode>glied des Verbandes deutscher Bühnenschriftsteller auch gehören,</Unicode>
                </TextEquiv>
            </TextLine>
            <TextLine id="tr_2_tl_9" custom="readingOrder {index:8;}">
                <Coords points="509,1232 872,1215 972,1255 1278,1215 1444,1258 1538,1238 1541,1112 1306,1146 1261,1121 1186,1158 1043,1161 898,1098 760,1155 709,1121 512,1135"/>
                <Baseline points="525,1214 561,1211 605,1211 650,1208 695,1208 740,1205 784,1205 829,1205 874,1202 919,1202 964,1202 1008,1199 1053,1199 1098,1199 1143,1199 1187,1196 1232,1196 1277,1196 1322,1193 1366,1193 1411,1190 1456,1190 1501,1187 1546,1187"/>
                <TextEquiv>
                    <Unicode>nicht verwendet werden dürfen.</Unicode>
                </TextEquiv>
            </TextLine>
        </TextRegion>
        <TextRegion id="tr_1" custom="readingOrder {index:1;}">
            <Coords points="528,1224 2802,1224 2802,2854 528,2854"/>
            <TextLine id="tr_1_tl_1" custom="readingOrder {index:0;}">
                <Coords points="1043,1355 2207,1301 2604,1341 2796,1286 2799,1181 2347,1178 2161,1252 1046,1238"/>
                <Baseline points="1059,1331 1101,1319 1146,1319 1190,1319 1235,1319 1280,1316 1325,1316 1369,1313 1414,1313 1459,1313 1504,1310 1548,1310 1593,1307 1638,1307 1683,1307 1728,1307 1772,1304 1817,1304 1862,1304 1907,1304 1951,1304 1996,1301 2041,1298 2086,1295 2130,1295 2175,1295 2220,1292 2265,1289 2310,1289 2354,1286 2399,1289 2444,1286 2489,1286 2533,1286 2578,1283 2623,1280 2668,1280 2712,1274 2757,1274 2802,1274"/>
                <TextEquiv>
                    <Unicode>Ich habe nun Kalckar telegraphisch beauftragt, unter</Unicode>
                </TextEquiv>
            </TextLine>
            <TextLine id="tr_1_tl_2" custom="readingOrder {index:1;}">
                <Coords points="526,1489 2684,1435 2684,1352 2218,1301 1881,1386 1487,1326 529,1386"/>
                <Baseline points="543,1450 584,1453 629,1453 674,1453 719,1453 764,1450 808,1450 853,1450 898,1447 943,1444 987,1441 1032,1441 1077,1438 1122,1438 1166,1438 1211,1438 1256,1438 1301,1438 1346,1435 1390,1435 1435,1432 1480,1432 1525,1429 1569,1426 1614,1426 1659,1426 1704,1426 1748,1426 1793,1426 1838,1426 1883,1426 1928,1423 1972,1420 2017,1420 2062,1417 2107,1414 2151,1414 2196,1414 2241,1411 2286,1411 2330,1411 2375,1408 2420,1405 2465,1405 2510,1405 2554,1405 2599,1402 2644,1399 2689,1399"/>
                <TextEquiv>
                    <Unicode>den Ihnen bereits mitgeteilten Bedingungen, 1000 Kronen und 10%</Unicode>
                </TextEquiv>
            </TextLine>
            <TextLine id="tr_1_tl_3" custom="readingOrder {index:2;}">
                <Coords points="512,1595 1804,1547 2130,1624 2467,1549 2782,1641 2787,1438 866,1478 512,1561"/>
                <Baseline points="528,1581 555,1581 599,1584 644,1584 689,1584 734,1584 778,1581 823,1575 868,1575 913,1572 958,1569 1002,1569 1047,1569 1092,1569 1137,1569 1181,1566 1226,1566 1271,1566 1316,1566 1360,1563 1405,1563 1450,1560 1495,1560 1540,1557 1584,1557 1629,1557 1674,1554 1719,1554 1763,1554 1808,1548 1853,1548 1898,1548 1942,1548 1987,1548 2032,1546 2077,1546 2122,1543 2166,1543 2211,1543 2256,1540 2301,1540 2345,1537 2390,1537 2435,1534 2480,1534 2524,1534 2569,1531 2614,1528 2659,1528 2704,1528 2748,1528 2793,1528"/>
                <TextEquiv>
                    <Unicode>mit dem That Noirtheater in Christianis über "Reigen abzuschliessen.</Unicode>
                </TextEquiv>
            </TextLine>
            <TextLine id="tr_1_tl_4" custom="readingOrder {index:3;}">
                <Coords points="1698,1638 1718,1641 1758,1624 1781,1641 1815,1621 1855,1635 1870,1624 1890,1624 1892,1569 1864,1567 1835,1578 1818,1572 1790,1589 1775,1584 1752,1598 1727,1589 1715,1601 1701,1601"/>
                <Baseline points="1713,1626 1719,1623 1763,1623 1808,1620 1853,1617 1898,1620"/>
                <TextEquiv>
                    <Unicode>niet</Unicode>
                </TextEquiv>
            </TextLine>
            <TextLine id="tr_1_tl_5" custom="readingOrder {index:4;}">
                <Coords points="526,1721 2441,1718 2719,1678 2722,1589 526,1675"/>
                <Baseline points="543,1716 579,1713 623,1713 668,1713 713,1713 758,1713 802,1710 847,1710 892,1707 937,1704 981,1704 1026,1704 1071,1707 1116,1701 1160,1701 1205,1698 1250,1698 1295,1698 1340,1698 1384,1695 1429,1692 1474,1692 1519,1689 1563,1689 1608,1686 1653,1686 1698,1683 1742,1683 1787,1680 1832,1680 1877,1680 1922,1677 1966,1677 2011,1677 2056,1677 2101,1677 2145,1674 2190,1674 2235,1671 2280,1668 2324,1668 2369,1665 2414,1665 2459,1665 2504,1662 2548,1662 2593,1659 2638,1659 2683,1659 2727,1659"/>
                <TextEquiv>
                    <Unicode>Ich weiss nicht, ob es damit jetzt etwas spät geworden ist.</Unicode>
                </TextEquiv>
            </TextLine>
            <TextLine id="tr_1_tl_6" custom="readingOrder {index:5;}">
                <Coords points="526,1855 2221,1847 2593,1815 2596,1707 529,1718"/>
                <Baseline points="543,1838 584,1838 629,1838 674,1838 719,1835 764,1835 808,1832 853,1832 898,1832 943,1829 987,1826 1032,1826 1077,1826 1122,1823 1166,1820 1211,1820 1256,1820 1301,1820 1346,1820 1390,1817 1435,1817 1480,1814 1525,1814 1569,1811 1614,1811 1659,1808 1704,1808 1748,1808 1793,1805 1838,1805 1883,1805 1928,1805 1972,1802 2017,1802 2062,1799 2107,1799 2151,1796 2196,1796 2241,1796 2286,1796 2330,1790 2375,1790 2420,1790 2465,1790 2510,1787 2554,1790 2599,1787"/>
                <TextEquiv>
                    <Unicode>Dass Kalckar sich für eine hochstehende und in jeder Beziehung</Unicode>
                </TextEquiv>
            </TextLine>
            <TextLine id="tr_1_tl_7" custom="readingOrder {index:6;}">
                <Coords points="537,1964 1352,1998 2358,1918 2607,1973 2639,1835 537,1913"/>
                <Baseline points="552,1963 581,1960 626,1963 671,1960 716,1960 761,1957 805,1957 850,1954 895,1954 940,1954 984,1951 1029,1951 1074,1951 1119,1948 1163,1948 1208,1945 1253,1945 1298,1945 1343,1942 1387,1939 1432,1942 1477,1939 1522,1939 1566,1939 1611,1942 1656,1939 1701,1936 1745,1933 1790,1933 1835,1931 1880,1931 1925,1931 1969,1928 2014,1928 2059,1925 2104,1925 2148,1922 2193,1922 2238,1919 2283,1919 2327,1916 2372,1916 2417,1916 2462,1913 2507,1913 2551,1913 2596,1910 2641,1910"/>
                <TextEquiv>
                    <Unicode>einwandfreie Aufführung verbürgt, schrieb ich Ihnen bereits</Unicode>
                </TextEquiv>
            </TextLine>
            <TextLine id="tr_1_tl_8" custom="readingOrder {index:7;}">
                <Coords points="526,2093 2416,2084 2467,1944 529,2038"/>
                <Baseline points="543,2083 546,2083 590,2083 635,2083 680,2083 725,2083 770,2083 814,2083 859,2080 904,2080 949,2077 993,2074 1038,2074 1083,2074 1128,2071 1172,2071 1217,2071 1262,2071 1307,2068 1352,2068 1396,2065 1441,2065 1486,2062 1531,2059 1575,2059 1620,2059 1665,2059 1710,2056 1754,2056 1799,2056 1844,2053 1889,2050 1933,2050 1978,2050 2023,2050 2068,2047 2113,2044 2157,2041 2202,2041 2247,2041 2292,2041 2336,2038 2381,2038 2426,2035 2471,2041"/>
                <TextEquiv>
                    <Unicode>Ueber alle naderen Angelegenheiten in den nächsten Tagen.</Unicode>
                </TextEquiv>
            </TextLine>
            <TextLine id="tr_1_tl_9" custom="readingOrder {index:8;}">
                <Coords points="1195,2221 1575,2227 1609,2201 1647,2227 1721,2181 1835,2233 1947,2198 2018,2218 2095,2198 2098,2090 1984,2064 1464,2107 1375,2073 1198,2084"/>
                <Baseline points="1211,2199 1253,2190 1298,2187 1343,2184 1387,2184 1432,2181 1477,2181 1522,2178 1566,2178 1611,2175 1656,2175 1701,2175 1745,2172 1790,2172 1835,2169 1880,2169 1925,2166 1969,2166 2014,2166 2059,2163 2104,2163"/>
                <TextEquiv>
                    <Unicode>Mit verbindlichen Grüssen</Unicode>
                </TextEquiv>
            </TextLine>
            <TextLine id="tr_1_tl_10" custom="readingOrder {index:9;}">
                <Coords points="1598,2333 1672,2350 1744,2310 1870,2338 1915,2310 2027,2333 2073,2304 2230,2301 2233,2198 2190,2184 2115,2221 2073,2196 2033,2221 1944,2198 1875,2227 1801,2210 1658,2236 1601,2210"/>
                <Baseline points="1614,2298 1656,2301 1701,2301 1745,2301 1790,2301 1835,2298 1880,2298 1925,2298 1969,2298 2014,2295 2059,2295 2104,2292 2148,2289 2193,2286 2238,2286"/>
                <TextEquiv>
                    <Unicode>Ihr sehr ergebener</Unicode>
                </TextEquiv>
            </TextLine>
            <TextLine id="tr_1_tl_11" custom="readingOrder {index:10;}">
                <Coords points="2244,2424 2313,2441 2353,2484 2407,2461 2439,2470 2487,2439 2510,2456 2584,2464 2590,2333 2559,2321 2519,2338 2447,2287 2361,2344 2338,2336 2316,2353 2293,2330 2250,2321"/>
                <Baseline points="2259,2396 2283,2399 2327,2399 2372,2393 2417,2393 2462,2387 2507,2384 2551,2384 2596,2384"/>
                <TextEquiv>
                    <Unicode>La peur</Unicode>
                </TextEquiv>
            </TextLine>
            <TextLine id="tr_1_tl_12" custom="readingOrder {index:11;}">
                <Coords points="663,2813 698,2822 740,2787 829,2813 898,2802 912,2784 943,2807 989,2796 986,2673 938,2684 909,2667 875,2679 840,2661 775,2699 720,2687 703,2704 689,2693 660,2702"/>
                <Baseline points="677,2763 722,2769 767,2772 811,2772 856,2772 901,2772 946,2775 990,2772"/>
                <TextEquiv>
                    <Unicode>Gottent.</Unicode>
                </TextEquiv>
            </TextLine>
            <TextLine id="tr_1_tl_13" custom="readingOrder {index:12;}">
                <Coords points="635,2864 652,2864 666,2850 686,2850 709,2867 723,2853 752,2862 789,2850 820,2856 829,2847 898,2856 898,2790 863,2793 832,2816 766,2790 689,2819 652,2784 635,2782"/>
                <Baseline points="650,2838 695,2838 740,2841 784,2844 829,2841 874,2841 904,2841"/>
                <TextEquiv>
                    <Unicode>B. B. sei</Unicode>
                </TextEquiv>
            </TextLine>
        </TextRegion>
    </Page>
</PcGts>
