3112 3848
2149 473 2321 595 G.C.F.P.
357 586 2788 736 tscheches Blowakei hat jedenfalls von uns grössere Sendungen bestellt
908 702 1504 783 reich das Hälfnis
360 730 2744 877 und auch bekommen. Leider ist der Verkehr mit den österreichischen Buch-
561 808 658 880 P.S.P.
370 805 529 874 G.C.H.F.P
348 849 2710 971 handlungen aber sehr erschwert, da sie nicht genügend Bevisen bewilligt
858 918 959 977 G.F.P.
1905 905 2916 1081 durch eine Verordnung des Börsenverein
348 955 1876 1090 bekommen, um in deutscher Währung zu bezahlen.
548 993 2851 1178 Eine neue Erschwerung wird mir solten mit¬
382 1118 2800 1309 geteilt sie besteht in der Belegung der vester¬
379 1215 2804 1400 reichischen Nachfolgestaaten mit einem
1579 1294 2913 1504 Etwa 100%. Um diesen
388 1366 1620 1532 Valutazuchlag von
1422 1425 1560 1507 1
398 1406 2913 1626 Zuschlag wirksam zu machen soll eventuell
1836 1513 2249 1607 gleichen
410 1532 2829 1717 auch Vesterreich mit einem Valutazuschlag
395 1651 2832 1820 belegt werden, damit die vesterreichischen
407 1710 2869 1923 Zustrhändler nicht etwa den dalutazuschlag
2108 1826 2346 1905 uns
432 1820 2794 2011 der aus den Nachfolgestenaren zufliessen
457 1898 2854 2133 könnte, dadurch illusorisch machen, dass sie
432 2042 2866 2246 ihrerseits unsere Bücher mit einem geringern
2146 2111 2434 2218 dirigt
432 2133 2819 2337 Zuschlag den Nachfolgestoraten liefern.
470 2237 2891 2459 Was sie unbedingt tun würden und wodurch
492 2356 2847 2553 Ihnen und uns die dalutazuschlag verloren
2393 2428 2760 2522 deshalb
476 2487 2835 2666 ginge. Dieses neue Gesetz ist xyz ent¬
1115 2600 1385 2681 weil
479 2537 2854 2760 standen, die besterreichischen Buch¬
470 2675 2763 2885 händler, wenigstens der line oder
476 2800 2873 3007 andere) direct oder indirect unsere Bücher
479 2882 2847 3101 nach der Schweiz verkaufen wodurch uns
476 2985 2506 3217 der hochvalutige Zuschlag entgeht
630 3101 2894 3295 Wir können ja - schon der oesterreichischen
479 3208 2838 3386 Antoven wegen — gar nicht daran denken,
489 3299 2766 3496 in besterreich einen Zuschlag zu erheben und
2161 3367 2916 3546 aus nationalen Gründen
517 3436 2719 3596 die andern deutschen Verleger werden es wohl
492 3568 2775 3731 auch nicht können; aber damit geht uns
