3297 4200
1281 509 1437 674 /768
727 627 2229 766 S. Fischer/Verlag/A.-G. Berlin W 57
486 810 2483 925 Bankkonto: Deutsche Bank, Depositenkasse P in Berlin / Postscheckkonto; Berlin Nr. 16692
188 813 660 916 Telegramm-Adresse
904 869 2076 1013 Fernsprechanschlüsse: Amt Lützow Nr. 6162 bis 6164
186 898 671 998 Fischerverlag 6162
265 957 595 1057 Berlinlutzow
1290 934 1673 1060 Bülowstraße 90
468 1157 733 1311 Ks./Ja.
1785 1154 2568 1340 Berlin, den 2. Juli 1926.
462 1328 669 1467 Herrn
928 1428 2047 1590 Dr. Arthur Schnitzler,
2094 1552 2612 1708 W i e n XVIII
471 1773 1372 1926 Sehr geehrter Herr Doktor!
854 1861 2712 2032 Sie waren so liebenswürdig, uns einen handschriftlichen
462 2000 2827 2103 Glückwunsch für Bernard Shaw zu übersenden. Wir sind gebeten worden, den
462 2109 2824 2218 einen oder anderen dieser Glückwünsche für eine Veröffentlichung in der
468 2185 2754 2294 Presse am Geburtstag selbst zur Verfügung zu stellen und dürfen wohl
462 2324 2765 2450 annehmen, dass Sie mit einer Publizierung Ihres Glückwunsches einver-
459 2412 2771 2536 standen sind. Sollten Sie irgend welche Einwendungen dagegen haben, so
459 2518 2757 2650 bitten wir Sie, uns innerhalb von acht Tagen darüber zu verständigen.
1637 2686 2727 2863 In hochachtungsvoller Begrüssung
1891 2801 2415 2945 Ihre ergebenen
1796 2904 2550 3045 S.Fischer/Verlag A.-G.
1782 2998 2115 3178 leaseul.
2241 2995 2597 3148 Sr. Boubin
