3128 3783
1637 188 1920 380 57/B
690 207 1604 425 er/Verlag/Berlin W
2078 194 2318 456 Nr. 1669
556 340 2017 525 Bankkonto: Deutsche Bank. Depositenkasse P in Berlin / Postscheckkonto; B
823 434 1595 577 Fernsprechanschlüsse: Amt Lützow Nr.
1643 443 2026 553 6162-6164
1932 565 2381 793 26. Jan. 1923
319 683 553 890 Gr/si.
750 717 1671 966 Herrn Dr. Arthur Schnitzler
1889 829 2120 978 Wien
529 939 1412 1151 Sehr geehrter Herr Doktor,
516 990 2716 1236 in der Angelegenheit „Der Weg ins Freie " erlaube ich mir, Ihnen
437 1100 2746 1340 folgendes mitzuteilen. Auch Brandt & Kirkpatrick bestätigen mir, dass
437 1185 2667 1452 das Buch bei Alfred A Knopf (übrigens einem der ausgezeichnetesten
453 1294 2703 1583 Verleger New-Yorks) erscheint. Meine Bemühungen, den Zusammenhang zu
462 1409 2764 1698 eruieren, haben mit grösster Wahrscheinlichkeit ergeben, dass der Kon-
459 1516 2758 1762 doner Verleger, Allen & Unwin von dem inzwischen eingegangenen Verlag
468 1613 2761 1889 Latimer die diesem übertragenen Rechte abgekauft und nunmehr für eine
480 1710 2837 1977 amerikanischen Drarillelausgabe an Knopf weiter verkauft haben. Ich habe
492 1798 2788 2084 versucht, hier die vertraglichen Abmachungen klarzulegen, die bei dem
1786 1856 1883 1914 G.F.P.
1513 1868 1631 1956 G. P.
501 1905 2791 2196 Verkauf des Rechtes an den Uebersetzer H. Samuel seinerzeit getroffen
507 2011 2883 2284 worden sind und ersehe, aus unsern Korrespondenzen mit Samuel und Ihnen,
507 2144 2767 2409 aus dem Jahre 1913, dass diesem die Rechte für die englische Sprache
510 2202 2877 2491 übertragen worden sind. Ich glaube daher nicht, dass gegen das Vorgehen
522 2308 2965 2609 des Verlages Allen & Unwin eine rechtliche Handhabe geboten ist, da damals
535 2412 2843 2679 keine Einschränkung gemacht wurde, dass sich die Rechte Samuels, bezw.
544 2561 2919 2804 Latimers nur auf England beziehen. Trotzdem bestünde vielleicht die Mög-
550 2655 2995 2886 lichkeit, Knopf zu einer Zahlung zu veranlassen; da Sie mir aber mitteilen
565 2749 2946 2998 dass Sie sich mit Knopf direkt in Verbindung gesetzt haben, werde ich in
571 2852 2864 3120 dieser Angelegenheit natürlich nichts weiter unternehmen. Wie ich mit
565 2974 2907 3208 meinen Agenten in Amerika und England, die ich mehrfach in dieser Ange-
583 3074 2922 3320 legenheit bemühen musste, zurecht komme, weiss ich im Augenblick aller-
2202 3232 2564 3326 Hochachtung
1759 3271 2154 3393 vorzügliche
2214 3274 2688 3393 FISCHER, VerlaG
601 3271 1018 3414 dings nicht.
2138 3356 2685 3469 AUSLANDSABTEILUNG
2014 3381 2931 3557 Ihr ergebenen xyz
