3297 4200
1075 562 1244 725 769
545 650 2057 822 S. Fischer/Verlag/A.=G. Berlin W 57
294 853 2308 950 Bankkonto: Deutsche Bank, Depositenkasse P in Berlin / Postscheckkonto; Berlin Nr. 16692
716 921 1886 1007 Fernsprechanschlüsse: Amt Lützow Nr. 6162 bis 6164
308 916 548 1078 Ma/Ro.
1107 981 1489 1090 Bülowstraße oo
1646 976 2231 1135 den 19.Juli 1926.
416 1070 613 1218 Herrn
810 1118 2242 1292 Dr. Arthur Schnitzler, wien
2199 1258 2350 1378 ==== =====
739 1381 1666 1523 Sehr verehrter Herr Doktor!
913 1549 2436 1663 Es wird natürlich am besten sein, wenn wir an
245 1652 2539 1754 Hand des Manuskriptes, das wir nun erwarten, im Einvornehmen die Fra-
248 1754 2522 1868 ge besprechen, ob der Vorabdruck in der „Neuen Rundschau“ in unserem
245 1854 1555 1994 gemeinsamen Interesse liegt oder nicht.
904 1954 2399 2128 Die Abrechnung über das letzte Halbjahr wird
248 2062 1532 2208 Ihnen voraussichtlich morgen zugehen.*
913 2179 2513 2288 Greiners Adresse ist: Zahradka b.böhm.Krumau, bei
245 2251 1084 2422 Herrn Putschögl (C.S.R.).
904 2339 2459 2493 Der Absatz der "Traumnovelle" ist für die tote
245 2476 2536 2627 Saison recht zufriedenstellend, bisher haben wir ca. 15 000 Exemplare
257 2590 593 2736 abgesetzt.
907 2673 2479 2801 Ich lege Ihnen eine Postkarte aus Elberfeld wo¬
245 2778 1378 2941 gen einer "Reigen"-Aufführung bei.
1349 2921 2108 3075 Mit herzlichen Grüssen
1483 3072 1951 3172 Ihr ergebener
1486 3158 2020 3409 Dr Rherd
260 3192 1115 3343 Die Abrechnung geht Ihnen
265 3317 813 3437 gleichzeitig zu.
