3149 4057
1024 136 1220 281 aac
1373 284 2451 494 Kerne Kolland, Polen.
601 370 1264 589 869 Stalin (Pr. 1.)
861 450 2383 707 S. Fischer/Verlag / A.=G. Berlin B57
1356 672 1891 776 Theaterabteilung
628 746 2617 864 Bankkonto: Deutsche Bank, Depositenkasse P in Berlin, Postscheckkonto; Berlin Nr. 16692
1077 820 2187 891 Fernsprechanschlüsse: Amt Lützow Nr. 6162 bis 6164
1027 858 2214 1000 Telegramm - Adresse: Fischerverlag 6162, Berlinlützow
1456 918 1797 1033 Bülowstraße 90
1942 850 2578 1072 Berlin, den 7.6.28.
814 900 1048 1057 Ma/Hb.
1021 1104 1228 1246 Herrn
1264 1181 2380 1350 Dr. Arthur Schnitzler,
2362 1267 2848 1394 W i e n XVIII
2732 1359 2853 1453 71.
2223 1350 2708 1450 Sternwartestr.
867 1518 1806 1678 Sehr verehrter Herr Doktor!
1202 1625 2750 1782 Teilweise wegen eigener Abwesenheit und teil
574 1735 2759 1891 weise wegen Erkrankung meiner Sekretärin könnte ich längere Zeit
577 1871 1841 2036 auf Ihr Schreiben nicht zurückkommen.
642 1939 2998 2093 1. Herr Rökk Richter hat bisher auf unsere Mahnung nicht geschrieben.
568 2072 2927 2211 Ich werde mich noch mit einer Anfrage an die Societa Italiana wenden.
642 2146 2990 2344 2. In der Angelegenheit "Bernhardi" hat van der Lugt, wie Sie wissen,
586 2312 2765 2445 2% Tantieme angeboten und bezahlt. Wir haben noch nicht erklärt,
592 2389 2877 2557 dass wir uns damit als befriedigt erachten. Die bisher eingegangene
586 2489 2963 2682 Tantieme geht Ihnen in der nächsten Abrechnung zu, und wir bitten Sie,
589 2617 2782 2765 uns numehr mitzuteilen, ob wir noch weiter vorgehen sollen, oder
595 2759 1572 2892 ob Sie es selbst tun wollen.
619 2839 2620 2981 3. Für "Therese" aus Holland haben wir nur ein Angebot von
586 2966 2916 3141 300.- Hfl. Passahal erhalten. Wir haben daraufhin geschrieben, dass
595 3040 2865 3218 uns dies zu niedrig wäre, dass wir sie aber als Anzahlung auf eine
873 3081 1051 3135 Summe
604 3176 1983 3315 Tantiemenverrechnung akzeptieren würden.
642 3250 2904 3493 4. Melantrich, + der gemahnt ist, hat bisher sein Urteil noch nicht
601 3410 1012 3549 mitgeteilt.
2054 3445 2238 3623 b.w.
601 3466 1495 3685 +aus der Tschechoslowakei
