3060 3993
1353 244 1492 337 1r
1479 316 1664 494 647
496 391 2439 656 cher/Verlag/Berlin M 57 / Bülowstraße go
355 563 2230 759 Baukkonto: Deutsche Bank. Depositenkasse P in Berlin / Postscheckkonto: Berlin Nr. 16892
713 656 1500 774 Fernsprechanschlüsse: Amt Lützow Nr.
1543 641 1904 815 6162-6164
1734 697 2220 839 dan 5. 1. 1924.
504 736 761 921 Ro./Re.
805 926 2019 1142 Herrn Dr. Arthur Schnitzler,
1649 1073 2115 1232 W i e n XVIII
1595 1207 2158 1340 Sternwartestr. 71
880 1309 1716 1471 Sehr geehrter Herr Doktor!
815 1333 2549 1559 Bevor wir weitere Ueberweisungen für Theater-Tantiemen
548 1510 2410 1690 nder Honorare an die Bank für auswärtigen Handel vornehmen,
556 1613 2544 1778 möchten wir bei Ihnen anfragen, ob es jetzt, wo die Mark stabil
561 1706 2521 1888 ist, nicht zweckmässig wäre, anstatt der Ueberweisungen an das
566 1808 2529 1986 Berliner Bankhaus, Ihnen die entfallenden Beträge nach Wien zu
1294 1927 1536 2001 (wie früher)
576 1896 2529 2086 senden, und zwar entweder auf Ihr Wiener Bankkonto, oder direkt
576 2035 2596 2187 durch Markscheck (wie wir es beispielsweise neuerdings mit Herrn
579 2138 2611 2318 Trebitsch vereinbart haben), die Einwechslung dieser Marküberwei-
581 2241 2652 2413 sungen gegen Kronen würde für Sie weder mit Schwiegigkeiten, noch
587 2362 2436 2547 Kursverlusten verbunden sein.Und, wie gesagt, im Vertrauen
589 2405 2585 2619 darauf, dass die Mark stabil bleibt, wäre es vielleicht für Sie
605 2549 2554 2745 vorteilhafter, die Beträge immer gleich nach Wien zu bekommen.
1688 2629 2179 2722 m m m m r r og a
1471 2665 1572 2724 G.C.F.P
594 2696 2120 2855 Bitte lassen Sie uns Ihre Entschliessung wissen.
1592 2732 2511 2904 Mit vorzüglicher Hochachtung
1538 2850 2331 3005 S. Fischer / Verlag, a.-G
1513 2922 2423 3118 Ppa. Rosenbein Juffelat
309 3439 543 3638 G.H.F.P.P
2699 232 2801 409 1
2717 481 2840 635 a
2714 1016 2853 1145 b)
2771 1291 2886 1399 a
2735 1361 2873 1505 schw.
2771 1497 2925 1603 id
