2968 3751
505 632 2704 867 wickelt. Die ihm von mir vorgeschlagenen, auf die Aufführungs-Option
453 796 2654 937 gezüglichen Aenderungen und Ergänzungen des uns übersandten Vertrages,
456 885 2701 1073 sind von ihm per Kabelangenommen worden, sodass der abgeänderte Vertrag
411 990 2651 1167 nunmehr an ihn hinausgehen kann. Darnach beseitzt er für 6 Monate das
400 1061 2748 1287 Optionsrecht für die Aufführungen so, dass wir bis dahin das Auffürungs-
403 1170 2630 1361 recht nicht anderweitig vergeben können; weiterhin besitzt er für 18
406 1275 2748 1458 Monate das Optionsrecht in der Weise, dass er sich auf unsere Anfrage in
408 1381 2768 1552 6 Wochen zu entscheiden hat, ob er davon Gebrauch machen will oder nicht,
417 1496 2701 1666 sodass wir während dieser Zeit, falls er nicht selbst das Optionsrecht
414 1587 2195 1801 ausübt, Aufführungen auch anderweitig vergeben können.
517 1690 2707 1869 Von Herrn Duning Gribble, senf haben wir auch direkt gehört. Sollte
429 1787 2780 1966 die Sache mit Wotitzky doch noch scheitern, so würden wir dort anknüpfen
526 1901 2689 2095 Einen Auftrag Bühnenexemplare mehrerer Ihrer Werke an Herrn Lucien
432 2007 2651 2172 Besnard, Paris zu senden, ist hier nicht eingetroffen; er wird heute
438 2116 2665 2278 ausgeführt. In Paris haben wir bis jetzt noch keinen Vertreter, doch
441 2239 1781 2454 schweben Verhandlungen über diesen Punkt.
1793 2313 2689 2454 Mit den besten Empfehlungen
1869 2422 2313 2545 Ihr ergebener
2413 2430 2563 2598 -so
2028 2519 2198 2604 FISCH
2019 2589 2195 2665 15 LAND
2248 2586 2630 2745 les peines;
