2909 3975
697 372 2320 578 er / Verlag / Berlin W 57/Bülowstrasse
691 569 2222 655 nto: Deutsche Bank. Depositenkasse P in Berlin / Postscheckkonto: Berlin Nr. 1669.
813 623 1984 757 Fernsprechanschlüsse: Amt Lützow Nr. 1662. 6162 und 9292
566 700 1123 891 Dr.A. Schnitzler
390 894 2785 1090 tragenen Auslandsangelegenheiten für mindestens drei Monate zur Alleinbea-
387 1040 2687 1194 beitung übergeben wollen. Wir brauchen Ihnen nicht zu versichern, dass
387 1153 2654 1299 uns eine engherzige Auslegung dieser Zusage fernsticht (z.B. Amerika),
515 1260 2687 1400 Mit Herrn Raggio haben wir uns Ihrem Wunsche gemäss nunmehr neuer-
402 1358 2746 1498 dings in Verbindung gesetzt. Betreffend «Paracelsus » und »Grüne Makadu-
393 1460 2431 1606 mit Holland haben wir ebenfalls die Verhandlungen aufgenommen.
530 1510 2627 1707 Namens der Theaterabteilung teilen wir Ihnen ergebenst mit, dass
408 1647 2651 1826 wir Herrn Direktor Venzler davon verständigt haben, dass Sie -Reigen-
405 1769 2663 1930 für die Schweiz ohne zahlung eines Vorschusses von 2000 Franken nicht
411 1865 2663 2020 abgeben wollen. Wir erlauben uns aber zu bemerken, dass die Weigerung
417 1975 2699 2136 des Herrn Direktor Wenzler und des Herrn Rieser nicht darauf zurückzu-
417 2043 2672 2240 führen ist, dass es ihnen an Vertrauen an meigen xxx fehlt, sondern an
429 2186 2547 2335 der Ihnen vielleicht nicht bekannten eigentümlichen Situation des
423 2285 2642 2454 züricher Stadttheaters, das unter einer Art von behördlicher Kuratel
441 2338 2669 2529 steht; ohne dass wir etwa glaubzen, dass Direktor wenzler die Absicht
429 2478 2615 2639 habe, von dem bestehenden Urheberrechtsverhältnis zur schweiz Ihnen
432 2553 2708 2732 gegenüber Gebrauch zu machen, so scheint es uns doch aus prinzipiellen
444 2693 2809 2833 gründen notwendig, zu betonen, dass wir uns diesbezüglich in einer recht
447 2812 2651 2913 ungünstigen Situation befinden. Die Berner Konvention besteht gegen-
456 2895 2723 3044 wärtig auch für Sie schweiz nicht zu recht und ein neuerliches Gesetz
456 2982 2246 3143 des schweizerischen Bundesrats bestimmt, dass Bühnenver-
462 3101 2034 3235 zerischer Autoren gegen Hinterlegung von 2 % und
474 3229 1966 3333 ohne weiteres aufgeführt werden können. Dagegen
545 3312 1871 3443 zu Bühnenkartelle Sturm gelaufen, es ist an.
611 3423 1790 3589 Aenderung dieses schweizerischen Burck-
