3121 3896
1404 209 1573 357 O85
499 293 2698 508 S. Fischer/Verlag/Berlin W 57/Bülowstraße 9o
681 427 2508 596 Bankkonto: Deutsche Bank, Depositenkasse P in Berlin / Postscheckkonto; Berlin Nr. 16692
992 502 2211 666 Fernsprechanschlüsse: Amt Lützow Nr. 1662, 6162 und 9292
2278 532 2753 693 30. Okt. 1922
378 572 566 756 P/si.
650 666 786 829 G.C.F.P.
1712 774 1839 880 G.C.F.P.P
732 786 1691 938 Herrn Dr. Arthur Schnitzler
2656 844 2834 986 G.H.F.P.
2444 847 2547 968 G.C.F.P.
1782 871 1872 1019 de
1906 844 2136 1010 G.C.H.F.P
2190 853 2384 1010 Wien
2598 947 2810 1062 G.C.F.P.
551 1007 1041 1122 Lieber Freund,
693 1077 2898 1201 den Buchvertrag, den Sie mir geschickt haben, lege ich wieder bei,
569 1180 2871 1313 ich kann nicht finden, dass er günstiger ist als unsere Vereinbarung;
578 1283 2865 1422 im Gegenteil, er bleibt in manchen Punkten hinter dem zurück, was wir
578 1373 2871 1516 vereinbart haben. Er ist übrigens von einem Dilettanten verlasst, min-
2000 1473 2124 1528 Gouvernement
581 1485 2964 1627 destens von einem Menschen, der die Dinge praktisch noch nicht durchlebt
581 1603 2913 1739 hat; schliesslich kommt es bei jedem Vertrag doch auf den Geist an, in
587 1754 1252 1851 dem er erfüllt wird.
744 1809 2822 1924 Wir befinden uns jetzt durch die kolossalen Steigerungen aller
590 1906 2968 2039 Aufwendungskosten in einer fortwährenden Preisrevolution, von der natür-
2208 1975 2417 2051 G.C.H.S.
593 2012 2856 2145 lich auch Ihre Bücher betroffen werden. Ich lege ein Verzeichnis der
614 2133 2859 2278 jetzigen Preise, die mit dem heutigen Tage in Kraft treten, bei.-Die
675 2223 1525 2302 de lʼannée avec les mêmes, et leur manié
602 2217 2955 2366 fortwährenden Preisveränderungen machen den bisherigen Abrechnungsmodus
611 2320 2940 2459 fast unmöglich und so werden wir zu einem Abrechnungsmodus übergehen
602 2405 2998 2556 müssen, der Ihnen psychologisch wegen seiner tatsächlichen Vereinfachung
614 2517 3046 2665 und Klarheit gegenüber dem bisherigen Modus zusagen wird. Die forwährenden
620 2635 2946 2765 Veränderungen der Ladenpreise und die bedeutenden Erhöhungen der Ein-
620 2719 2977 2877 bandpreise gestalten das Verhältnis zwischen Autor und Verleger unüber-
626 2819 3046 2971 sichtlich und infolgedessen auch unerquicklich. Die peutsche Verlags-An-
1313 2913 3016 3086 die einen grossen Autorenkreis hat, hat eine einfach
635 2998 1216 3116 stalt in Stuttgart
626 3055 3010 3170 kontrollierbare und durchsichtige Abrechnungsweise dafür eingeführt, die
635 3164 2955 3288 jeder Verlag, der auf Ordnung hält, früher oder später aufnehmen muss.
635 3255 2898 3388 Es handelt sich prinzipiell um die prozentuale Honorierung vom xxx
638 3358 2889 3554 anstatt vom Ladenpreis. In dem Erlös sind sämtliche Einnahmen, also
2480 3633 2662 3742 votre
