3096 3832
1191 218 1359 371 troux
385 262 2550 547 S. Fischer/Verlag/Berlin W 57/Bülowstrasse 90.
550 435 2353 585 Bankkonto: Deutsche Bank. Depositenkasse P in Berlin / Postscheckkonto; Berlin Nr. 16692
835 538 1615 679 Fernsprechanschlüsse: Amt Lützow Nr.
1674 512 2044 703 6162-6164
2079 565 2515 715 3. Jan. 1923
1556 615 1662 738 G.F.P.
753 650 965 750 G.C.H.F.P.
741 691 2353 862 aD asb aaab. nawz oa.jedlszjed xx nedöxasmerxx
229 644 462 791 Gr/Si.
191 776 679 921 -dle nie als e
1732 738 2524 924 xxxed xxxm xxxidten
791 803 1718 979 Herrn Dr. Arthur Schnitzler
509 844 635 1000 G.C.F.P
1721 868 2400 1029 Wien.
576 944 924 1109 Dorltasfie
350 959 465 1118 e1e:
1468 982 2415 1132 xxxx nennen wir gei¬
229 947 329 1094 G.F.P
579 1032 1506 1215 Sehr verehrter Herr Doktor,
2121 1094 2432 1197 de xxxe Iba
1421 1100 2079 1238 Geschädigung deshalb zu
600 1147 2709 1377 Über » Komödie der Worte » (Spanien ) habe ich mich bereits bei
532 1253 2709 1474 früherer Gelegenheit geäussert. Ich glaube nicht, dass der frühere
532 1359 2712 1574 Käufer sich noch einmal melden wird, sollte es doch der Fall sein,
538 1474 2700 1682 so können wir ihn natürlich an der Veranstaltung von Aufführungen
535 1582 2759 1791 nicht hindern; da er aber andererseits kein ausschliessliches Recht
538 1674 2791 1868 besitz, so steht meiner Ansicht nach nichts im Wege, dass Sie Ihrer-
559 1835 1238 1988 seits frei vorgehen.
694 1879 2841 2103 Was die Erzählungen für Frankreich anbetrifft, so handelt es sich
565 1977 2841 2197 um die Anfrage einen Alzir Hella in Paris, die Sache taugt wohl nicht
1135 2027 1327 2091 Herrn
571 2100 2729 2291 allzuviel. Ich werde mit dem Herrn korrespondieren und Ihnen dann
574 2274 1550 2409 eventuell Weiteres mitteilen.
671 2312 2712 2488 Die Angelegenheit "Reigen " russisch in Berlin hat sich zer-
585 2409 2871 2615 schlagen. - Das Theater in der Kommandantenstrasse unter seiner neuen
588 2485 2779 2694 Direktion ist ein anständiges Vorstadttheater mit gutem Willen und
597 2671 1800 2827 geringen schauspielerischen Mitteln.
738 2700 2891 2921 Ich bin im Begriff mit einem polnischen Verlage über die gesamten
618 2800 2865 2997 in Polen nicht erschienenen Werke von Hauptmann und Wassermann abzu-
618 2915 2838 3124 schliessen. Der Verlag bewirbt sich auch um Ihre gesamten, in Polen
626 2991 2877 3209 noch freien Werke. Wenn Sie dies wünschen, so würde ich in die jetzt
629 3112 2941 3344 schwebenden Verhandlungen Ihre Angelegenheit miteinbeziehen. Dies wäre
638 3224 2888 3412 vielleicht insofern von einer gewissen Wichtigkeit für Sie, als die
641 3315 2974 3535 Schutzfrist in Polen nur fünf Jahre gerechnet vom Erscheinen des Origi-
647 3441 3012 3659 nalwerkes ab dauert. Der Plan wäre nur durchführbar, wenn mir Ihrerseits
