3193 3879
1625 337 1941 503 Von /:10:11
1158 665 2557 845 nenerfolg überhaupt, sondern nur daran, dass
1160 801 2595 949 dieser so sehr inndie Breite gehen dürfte, um
1164 898 2597 1067 eine Garantiesumme von 2000.-M. zu rechtferti
1166 1005 2601 1153 gen. Ich nahm dieses Argument im übrigen auch
1175 1116 2601 1253 nicht tragisch, es ist mehr eine Formel, wel-
1189 1215 2657 1362 che Direktoren stets verwenden, wenn sie billi-
1189 1311 2612 1472 ger davon kommen wollen, als eine allzu ernst
1200 1421 2588 1568 zu nehmende Ansicht. Ausschlaggebend war für
1189 1532 2593 1670 mich lediglich der Umstand, dass Hellmer bei
1206 1628 2621 1779 „Komödie der Vorte" 750.-M. zubezahlt hat und
1215 1723 2548 1874 es mir daher der Billigkeit zu entsprechen
1213 1825 2641 1976 schien, ihm einen gewissen Ersatz dafür zu ge-
1218 1916 2683 2065 nähren, sowie der von mir bereits erwähnte, ge-
1218 2045 2590 2218 steigerte Existenzkampf in dem Hellmer sich
1224 2111 2679 2278 befindet. Es handelt sich dabei keineswegs nur
1226 2236 2675 2388 um eine segensreiche Konkurrenz, vielmehr geht
1231 2364 2657 2495 aus meiner ständigen Korrespondenz sowohl mit
1240 2450 2603 2603 Zeiss, als auch mit Hellmer hervor, dass es
1240 2542 2575 2697 sich hierbei um recht unerquickliche Dinge
1242 2661 2630 2803 handelt. Vir glaubten nun nicht, Hellmer der
1249 2746 2666 2927 entschieden der Schwächere ist, fallen lassen
1253 2859 2579 3076 zu sollen, zumal der Verlag mit ihm bisher
