3179 4040
1093 463 1981 659 S. FISCHER / VerLAG
369 548 571 625 2. Blatt
599 690 2580 894 einen Damm errichten, an dem alle diese Schwierigkeiten für Sie
599 806 2626 1045 spurlos abprallen sollen. Die Sache liegt aber so, dass Sie tat
607 891 2677 1113 sächlich an der Preiserhöhung einen Vorteil haben, ich aber nicht.
610 965 2731 1252 Ja die sehr mässige Preiserhöhung deckt, wie ich schon mehrfach aus-
619 1133 2680 1334 geführt habe, nicht die erhöhten Kosten und kann sie nicht decken,
625 1241 2666 1439 weil sonst der Preis noch weiter gesteigert werden muss, und weil
625 1306 2822 1505 an diesem weiter gesteigerten Preis durch den Rabatt des Sortimenters
627 1408 2785 1649 und die volle Tantieme des Autors doch nur ein verhältnismässig klei-
639 1539 2776 1717 nerer Ueberschuss herauszuwirtschaften wäre, der nicht im Verhältnis
647 1661 2685 1825 zu der notwendigen Preissteigerung stehen könnte. Ich kann leider
644 1732 2700 1922 nicht annehmen, dass ich Sie überzeuge, aber das eine muss ich in
647 1837 2759 2055 Erinnerung bringen: dass 25 % Tantieme schon in Friedenszeiten eine
659 1939 2884 2140 das normale Mass übersteigend hohe Tantième darstellt, dass das normale
664 2047 2720 2271 Honorar 20 % beträgt und dass bis jetzt bei den im Preis erhöhten
659 2146 2771 2350 Neuauflagen Ihrer Bücher die Tantiemen niemals unter 20 % im ganzen
661 2254 2802 2441 gerechnet gesunken, ja in den meisten Fällen darüber geblieben sind.
820 2333 2847 2552 Die Grundkalkulation, die eine Tantiene von 20 oder maximum 25 %
681 2444 2833 2677 ermöglicht hat, trifft ja heute garnicht mehr zu. Der prozentuale An-
1056 2492 1368 2561 (A.M.M.)
690 2569 2782 2785 teil der Herstellung und der Vortriebsspesen ist so gewachsen, dass
684 2674 2745 2887 die meisten Firmen überhaupt nur noch 15 % geben können, und auch
690 2737 2859 2995 in unserm Verlag ist das bei neu aufgenommenen Autoren garnicht mehr
693 2830 2978 3100 anders möglich. Es ist übrigens ein Irrtum von Ihnen, wenn Sie annehmen
707 2964 2876 3185 dass wir Ihnen für "Casanova" ein anderes Honorar als die vollen 25 %
710 3049 2944 3307 verrechnet haben. Sie sind damals auf meinen Vorschlag, auch bei diesem
707 3151 2910 3372 Buch von dem Grundpreis mit Teuerungszuschlag auszugehen, nicht einge-
718 3262 2924 3500 gangen und ich habe ihnen das Ihnen vertraglich zustehende Honorar von
721 3372 2893 3557 25 % bezahlt. Sie haben sich dabei mit vollem Recht auf das Zirkular
732 3500 2975 3671 berufen, das Sie unterschrieben hatten. Aber inzwischen ist eine so viel
