3227 4007
1346 315 1575 484 48.
552 515 1196 778 Aberkrift
2008 728 2321 857 xxs t.Dresse
1772 754 2792 967 Loschwitz b. Dresden, 2. Mai 1918.
526 783 689 912 FICI
894 991 1262 1096 Herrn
802 1057 2300 1196 Dr. Paul Ziffer,
2308 1054 2500 1199 i e n
797 1172 2663 1283 Ceaterreichischen Autoran xxx. G###terraten xxx
857 1275 2863 1451 Sehr verehrter Herr Doktor!
807 1259 1414 1377 wird notwendig sein
1170 1375 2900 1504 Ich darf die Verhandlungen mit Ihnen wieder aufnehmen,
917 1396 1462 1480 Papierrationiers
807 1388 889 1480 4.
862 1464 2907 1675 nachdem die Sache in Wien wieder in Fluss zu kommen scheint. Die
807 1477 1441 1580 einem solchen Falle
878 1533 2986 1756 offiziell "befristete Note" fordert zwar von mir, dass ich vor dem
1025 1601 1448 1682 air auf sein
878 1632 2989 1835 35. Mai nach Wien komme, das wird nun leider nicht gehen, weil der
1107 1703 1493 1788 sterreich von
804 1696 912 1777 leur
886 1740 3002 1935 Arzt mich aus der Kur vor Pfingsten nicht entlassen will. Aber ich
1207 1806 1498 1877 Monsieur M. D. J.
815 1803 1067 1890 dacht wir
889 1843 2876 2064 hoffe, Pfingstmontag in Wien sein zu können. Freilich setzt d
802 1908 1398 1990 muss alle Kantelan
902 1961 2960 2161 voraus, dass ich keine Passachwierigkeiten habe. Mein Passgesuch
904 2071 2947 2261 zu der Anfang April projektierten Reise muss ich jetzt erneuern,
1299 2119 1391 2179 G.C.F.P.
915 2161 2984 2361 gewöhnlich dauert es mehrere Wochen, bis von Wien die Genehmigung
2329 2229 2978 2303 schon bewilligte.
812 2200 1233 2305 G.C.H.F.S
917 2284 2981 2500 zur Reise erteilt wird. Ich hoffe aber, dass das erwähnte Pasege-
818 2319 996 2411 dans les
1128 2319 1469 2392 Monsieur M. D.
917 2345 2968 2592 such noch in Schwebe ist und dass es damit keine Schwierigkeiten
1551 2400 1769 2495 Lieben
1104 2432 1222 2495 G.C.H.F.P
1356 2424 1477 2482 dert
810 2432 1007 2508 gauhe
920 2455 3005 2647 haben wird. Eventuell würde ich Ihre Güte auch in diesem Punkt in
1073 2521 1483 2600 o ich in Sie
1698 2563 2416 2655 t. erforderliche neuve
925 2555 2928 2750 Anspruch nehmen müssen, sodass das Gesuch vielleicht durch Sie
812 2613 1669 2700 langen, auch xxx
938 2666 2779 2865 in Wien kurzerhand geordnet werden könnte.
1141 2729 1414 2800 S. A. M.
1259 2737 2968 2934 Ich mache aber noch auf eine andere Schwierigkeit auf
923 2831 1414 2915 Vertrauen daran
1480 2829 1569 2886 l.a
818 2818 899 2902 1 m
949 2871 3023 3078 merksam, die aber, wie ich glaube, leicht zu beseitigen sein wird
828 2907 1554 3031 wir bisher rechnen hart
949 2939 3010 3165 Ich werde eine Bestätigung des Oesterreichischen Handeleminister
2442 3010 2986 3178 ich eine Filiale
946 3052 2384 3273 oder des Winer auswärtigen Amtsa brauchen,
962 3139 2910 3352 in Wien errichtet habe und dass mir das Papier von Seiten der
