3065 3623
1436 324 1636 516 rere
852 483 2334 622 S. FISCHER,VERLAG, BERLIN W., BÜLowSTR. 90
1517 690 2352 843 BERene W., DEN... 3. Februar 16.
969 1059 1908 1227 Herrn Dr. Arthur Schnitzler
2000 1171 2217 1301 Wien
980 1270 1744 1495 Verehrter Herr Doktor,
1195 1446 2330 1595 wir haben Ihnen noch zu danken für
986 1555 2309 1708 die Freundlichkeit, uns die Schrift von
999 1647 2437 1819 Avicenna zu übersenden. Wir haben sie Ihnen
995 1774 2400 1911 freilich zurückgeben müssen. Wir verkennen
993 1872 2415 2009 nicht den Wert der in dieser Schrift ausge-
992 2006 2475 2132 drückten politischen und sonstigen Gesinnung.
986 2109 2424 2221 Indessen glauben wir, dass die österreichi-
1007 2175 2520 2290 schen Probleme so wichtig sind, dass sie durch
1007 2277 2375 2405 eine noble, kluge, aber allzu temperierte
1003 2379 2516 2537 Behandlung nicht wirklich bewegt und gefördert
1005 2490 2379 2647 werden. Es ist einer der Fälle, wo nichts
