<?xml version="1.0" encoding="UTF-8" standalone="yes"?>
<PcGts xmlns="http://schema.primaresearch.org/PAGE/gts/pagecontent/2013-07-15" xmlns:xsi="http://www.w3.org/2001/XMLSchema-instance" xsi:schemaLocation="http://schema.primaresearch.org/PAGE/gts/pagecontent/2013-07-15 http://schema.primaresearch.org/PAGE/gts/pagecontent/2013-07-15/pagecontent.xsd">
    <Metadata>
        <Creator>prov=READ-COOP:name=TrHtr:version=2.1.0:model_id=51170:date=27_07_2023_22:30</Creator>
        <Created>2023-05-02T08:11:02.764+02:00</Created>
        <LastChange>2023-07-27T22:30:15.258+02:00</LastChange>
        <TranskribusMetadata docId="1416743" pageId="54954048" pageNr="258" tsid="131305906" status="IN_PROGRESS" userId="64420" imgUrl="https://files.transkribus.eu/Get?id=FIXNKEJTXWKKDINKSGTRAGQP&amp;fileType=view" xmlUrl="https://files.transkribus.eu/Get?id=FMPYWVNRKSCFYOWPEFMBZRTJ" imageId="44457773"/>
    </Metadata>
    <Page imageFilename="1416743_0258.jpg" imageWidth="3140" imageHeight="4056">
        <ReadingOrder>
            <OrderedGroup id="ro_1711826304601" caption="Regions reading order">
                <RegionRefIndexed index="0" regionRef="tr_2"/>
                <RegionRefIndexed index="1" regionRef="tr_1"/>
                <RegionRefIndexed index="2" regionRef="tr_3"/>
            </OrderedGroup>
        </ReadingOrder>
        <TextRegion id="tr_2" custom="readingOrder {index:0;}">
            <Coords points="522,430 2692,430 2692,1764 522,1764"/>
            <TextLine id="tr_2_tl_1" custom="readingOrder {index:0;}">
                <Coords points="1400,530 1424,527 1434,519 1453,522 1472,508 1514,506 1517,511 1554,503 1557,402 1541,402 1514,378 1498,378 1482,389 1472,381 1450,391 1437,386 1421,397 1408,397"/>
                <Baseline points="1417,489 1426,489 1471,486 1516,483 1560,480"/>
                <TextEquiv>
                    <Unicode>D</Unicode>
                </TextEquiv>
            </TextLine>
            <TextLine id="tr_2_tl_2" custom="readingOrder {index:1;}">
                <Coords points="506,695 1722,668 2387,570 2592,623 2621,492 2523,428 511,617"/>
                <Baseline points="522,665 567,662 611,662 656,659 701,659 746,659 790,656 835,653 880,650 925,650 969,647 1014,647 1059,644 1104,641 1149,638 1193,638 1238,635 1283,632 1328,629 1372,623 1417,623 1462,620 1507,617 1551,614 1596,608 1641,608 1686,605 1731,602 1775,602 1820,599 1865,593 1910,593 1954,590 1999,590 2044,587 2089,584 2133,581 2178,579 2223,579 2268,576 2313,573 2357,570 2402,567 2447,564 2492,561 2536,558 2581,555 2626,552"/>
                <TextEquiv>
                    <Unicode>dem Quartalsersten folgenden Monatsersten verrechnet, die letzte-</Unicode>
                </TextEquiv>
            </TextLine>
            <TextLine id="tr_2_tl_3" custom="readingOrder {index:2;}">
                <Coords points="514,804 2238,679 2499,753 2547,609 519,708"/>
                <Baseline points="528,761 537,758 581,755 626,755 671,755 716,749 761,749 805,746 850,746 895,743 940,740 984,737 1029,734 1074,734 1119,731 1163,728 1208,725 1253,725 1298,719 1343,719 1387,713 1432,713 1477,710 1522,707 1566,707 1611,704 1656,701 1701,698 1745,695 1790,692 1835,689 1880,686 1925,683 1969,680 2014,680 2059,677 2104,674 2148,671 2193,668 2238,665 2283,665 2327,662 2372,662 2417,659 2462,653 2507,650 2551,653"/>
                <TextEquiv>
                    <Unicode>ren jedoch erst von dem Zeitpunkt ab, an dem eine tatsächliche</Unicode>
                </TextEquiv>
            </TextLine>
            <TextLine id="tr_2_tl_4" custom="readingOrder {index:3;}">
                <Coords points="508,900 740,926 998,830 1410,804 1897,892 2153,860 2161,713 514,804"/>
                <Baseline points="525,850 555,847 599,847 644,844 689,844 734,841 778,838 823,838 868,835 913,832 958,832 1002,829 1047,826 1092,823 1137,820 1181,817 1226,817 1271,811 1316,808 1360,805 1405,802 1450,802 1495,799 1540,799 1584,796 1629,790 1674,790 1719,790 1763,787 1808,781 1853,778 1898,775 1942,772 1987,770 2032,770 2077,767 2122,764 2166,764"/>
                <TextEquiv>
                    <Unicode>Anteilsquote für den Autor verfügbar geworden ist.</Unicode>
                </TextEquiv>
            </TextLine>
            <TextLine id="tr_2_tl_5" custom="readingOrder {index:4;}">
                <Coords points="1379,902 1402,907 1421,894 1434,907 1461,886 1472,886 1480,878 1493,881 1501,814 1485,814 1477,806 1469,806 1464,812 1453,806 1448,812 1418,809 1408,817 1405,809 1389,809"/>
                <Baseline points="1399,862 1411,862 1456,856 1501,853"/>
                <TextEquiv>
                    <Unicode>G.C.F.P</Unicode>
                </TextEquiv>
            </TextLine>
            <TextLine id="tr_2_tl_6" custom="readingOrder {index:5;}">
                <Coords points="1490,961 1504,961 1512,969 1536,955 1559,969 1594,947 1594,953 1607,947 1615,955 1626,950 1642,953 1647,894 1621,889 1613,878 1607,881 1597,873 1575,889 1549,889 1530,873 1517,878 1501,873"/>
                <Baseline points="1507,943 1516,940 1560,934 1605,928 1650,925"/>
                <TextEquiv>
                    <Unicode>§ 6.</Unicode>
                </TextEquiv>
            </TextLine>
            <TextLine id="tr_2_tl_7" custom="readingOrder {index:6;}">
                <Coords points="721,1072 2339,1033 2619,934 2305,886 727,990"/>
                <Baseline points="737,1068 746,1068 790,1065 835,1065 880,1059 925,1056 969,1056 1014,1053 1059,1050 1104,1047 1149,1047 1193,1044 1238,1041 1283,1038 1328,1035 1372,1035 1417,1032 1462,1029 1507,1023 1551,1023 1596,1020 1641,1020 1686,1017 1731,1014 1775,1011 1820,1011 1865,1008 1910,1002 1954,999 1999,996 2044,996 2089,993 2133,993 2178,990 2223,987 2268,984 2313,981 2357,978 2402,978 2447,975 2492,972 2536,969 2581,966 2626,972"/>
                <TextEquiv>
                    <Unicode>Ein Abschluß gilt als getätigt, sobald die Einzahlung des</Unicode>
                </TextEquiv>
            </TextLine>
            <TextLine id="tr_2_tl_8" custom="readingOrder {index:7;}">
                <Coords points="527,1190 2100,1142 2275,1115 2278,1038 532,1118"/>
                <Baseline points="543,1166 581,1163 626,1163 671,1163 716,1160 761,1158 805,1155 850,1155 895,1152 940,1149 984,1146 1029,1143 1074,1143 1119,1140 1163,1137 1208,1134 1253,1131 1298,1128 1343,1125 1387,1122 1432,1122 1477,1119 1522,1116 1566,1113 1611,1113 1656,1110 1701,1107 1745,1104 1790,1101 1835,1101 1880,1095 1925,1095 1969,1092 2014,1092 2059,1089 2104,1086 2148,1083 2193,1080 2238,1077 2283,1074"/>
                <TextEquiv>
                    <Unicode>Honorares oder der Garantie bei der Bank erfolgt ist.</Unicode>
                </TextEquiv>
            </TextLine>
            <TextLine id="tr_2_tl_9" custom="readingOrder {index:8;}">
                <Coords points="1498,1261 1528,1272 1536,1283 1578,1259 1610,1267 1623,1259 1650,1269 1661,1166 1637,1160 1615,1174 1591,1160 1581,1168 1565,1155 1546,1160 1536,1152 1525,1163 1512,1160"/>
                <Baseline points="1516,1256 1525,1256 1569,1250 1614,1244 1659,1241"/>
                <TextEquiv>
                    <Unicode>§ 7.</Unicode>
                </TextEquiv>
            </TextLine>
            <TextLine id="tr_2_tl_10" custom="readingOrder {index:9;}">
                <Coords points="732,1397 2584,1331 2608,1219 737,1320"/>
                <Baseline points="749,1381 775,1378 820,1378 865,1375 910,1375 955,1369 999,1369 1044,1366 1089,1363 1134,1363 1178,1360 1223,1357 1268,1354 1313,1352 1357,1352 1402,1346 1447,1346 1492,1346 1537,1343 1581,1340 1626,1340 1671,1337 1716,1334 1760,1331 1805,1328 1850,1325 1895,1322 1939,1322 1984,1319 2029,1316 2074,1313 2119,1310 2163,1307 2208,1304 2253,1301 2298,1298 2342,1295 2387,1292 2432,1292 2477,1289 2521,1286 2566,1283 2611,1280"/>
                <TextEquiv>
                    <Unicode>Der Autor zahlt dem Verlage für jeden getätigten Abschluß</Unicode>
                </TextEquiv>
            </TextLine>
            <TextLine id="tr_2_tl_11" custom="readingOrder {index:10;}">
                <Coords points="548,1498 2640,1416 2661,1317 551,1437"/>
                <Baseline points="564,1480 602,1483 647,1480 692,1477 737,1474 781,1474 826,1471 871,1468 916,1465 961,1462 1005,1459 1050,1459 1095,1456 1140,1456 1184,1453 1229,1450 1274,1450 1319,1447 1363,1444 1408,1441 1453,1438 1498,1435 1543,1432 1587,1429 1632,1429 1677,1426 1722,1423 1766,1420 1811,1417 1856,1414 1901,1411 1945,1408 1990,1405 2035,1405 2080,1399 2124,1399 2169,1396 2214,1393 2259,1390 2304,1390 2348,1387 2393,1384 2438,1381 2483,1381 2527,1378 2572,1375 2617,1369 2662,1363"/>
                <TextEquiv>
                    <Unicode>eine Provision von 15 % sämtlicher, aus dem Abschluß sich ergeben</Unicode>
                </TextEquiv>
            </TextLine>
            <TextLine id="tr_2_tl_12" custom="readingOrder {index:11;}">
                <Coords points="546,1594 2683,1480 2688,1384 551,1501"/>
                <Baseline points="564,1569 587,1569 632,1572 677,1569 722,1566 767,1566 811,1560 856,1557 901,1554 946,1554 990,1551 1035,1548 1080,1548 1125,1545 1169,1543 1214,1540 1259,1537 1304,1537 1349,1534 1393,1531 1438,1531 1483,1525 1528,1525 1572,1522 1617,1519 1662,1516 1707,1513 1751,1513 1796,1510 1841,1507 1886,1504 1931,1501 1975,1501 2020,1498 2065,1495 2110,1492 2154,1489 2199,1486 2244,1483 2289,1480 2333,1477 2378,1477 2423,1474 2468,1471 2512,1471 2557,1468 2602,1465 2647,1459 2692,1456"/>
                <TextEquiv>
                    <Unicode>der Einnahmen, bei Verkäufen des Buches an eine ausländische Firma</Unicode>
                </TextEquiv>
            </TextLine>
            <TextLine id="tr_2_tl_13" custom="readingOrder {index:12;}">
                <Coords points="551,1698 1208,1629 1562,1717 2491,1677 2621,1647 2629,1482 1937,1498 1682,1586 556,1599"/>
                <Baseline points="567,1662 573,1665 617,1665 662,1662 707,1662 752,1665 796,1656 841,1653 886,1650 931,1647 975,1644 1020,1641 1065,1641 1110,1635 1155,1632 1199,1629 1244,1629 1289,1629 1334,1626 1378,1623 1423,1620 1468,1620 1513,1617 1557,1614 1602,1611 1647,1608 1692,1605 1737,1605 1781,1602 1826,1599 1871,1599 1916,1593 1960,1590 2005,1590 2050,1587 2095,1584 2139,1581 2184,1578 2229,1575 2274,1572 2318,1572 2363,1566 2408,1566 2453,1563 2498,1560 2542,1557 2587,1554 2632,1548"/>
                <TextEquiv>
                    <Unicode>20 %. Irgendwelche weitere Kosten dürfen dem Autor für den Ver-</Unicode>
                </TextEquiv>
            </TextLine>
            <TextLine id="tr_2_tl_14" custom="readingOrder {index:13;}">
                <Coords points="570,1807 881,1826 969,1799 1072,1831 1243,1826 1285,1812 1296,1637 1057,1642 1009,1690 942,1706 687,1714 575,1690"/>
                <Baseline points="587,1754 626,1754 671,1751 716,1748 761,1745 805,1745 850,1742 895,1742 940,1737 984,1737 1029,1731 1074,1728 1119,1728 1163,1725 1208,1722 1253,1722 1298,1719"/>
                <TextEquiv>
                    <Unicode>trieb nicht entstehen.</Unicode>
                </TextEquiv>
            </TextLine>
        </TextRegion>
        <TextRegion id="tr_1" custom="readingOrder {index:1;}">
            <Coords points="587,1740 2718,1740 2718,3406 587,3406"/>
            <TextLine id="tr_1_tl_1" custom="readingOrder {index:0;}">
                <Coords points="1549,1815 1570,1812 1578,1818 1602,1796 1615,1807 1623,1802 1637,1818 1647,1812 1663,1826 1679,1823 1682,1693 1663,1693 1655,1685 1639,1698 1637,1693 1626,1695 1605,1714 1591,1706 1573,1717 1552,1717"/>
                <Baseline points="1563,1796 1593,1790 1638,1790 1683,1790"/>
                <TextEquiv>
                    <Unicode>§ 8.</Unicode>
                </TextEquiv>
            </TextLine>
            <TextLine id="tr_1_tl_2" custom="readingOrder {index:1;}">
                <Coords points="753,1929 2518,1868 2560,1751 758,1852"/>
                <Baseline points="767,1928 770,1928 814,1925 859,1922 904,1919 949,1919 993,1916 1038,1916 1083,1913 1128,1913 1172,1907 1217,1907 1262,1904 1307,1901 1352,1898 1396,1895 1441,1892 1486,1889 1531,1886 1575,1886 1620,1883 1665,1883 1710,1877 1754,1877 1799,1874 1844,1871 1889,1871 1933,1865 1978,1865 2023,1862 2068,1859 2113,1856 2157,1853 2202,1850 2247,1847 2292,1847 2336,1844 2381,1841 2426,1838 2471,1835 2515,1832 2560,1832"/>
                <TextEquiv>
                    <Unicode>Der Verlag verpflichtet sich, dem Autor auf Wunsch ver-</Unicode>
                </TextEquiv>
            </TextLine>
            <TextLine id="tr_1_tl_3" custom="readingOrder {index:2;}">
                <Coords points="575,2039 2579,1964 2653,1855 580,1980"/>
                <Baseline points="593,2029 596,2026 641,2026 686,2023 731,2023 775,2020 820,2017 865,2014 910,2011 955,2008 999,2008 1044,2005 1089,2002 1134,1999 1178,1999 1223,1996 1268,1993 1313,1990 1357,1987 1402,1984 1447,1984 1492,1981 1537,1975 1581,1975 1626,1975 1671,1972 1716,1969 1760,1969 1805,1966 1850,1963 1895,1960 1939,1957 1984,1954 2029,1951 2074,1948 2119,1948 2163,1945 2208,1942 2253,1942 2298,1939 2342,1936 2387,1933 2432,1931 2477,1928 2521,1928 2566,1922 2611,1916 2656,1916"/>
                <TextEquiv>
                    <Unicode>trauenswürdige Bearbeiter und sonstige künstlerische Vertrauens-</Unicode>
                </TextEquiv>
            </TextLine>
            <TextLine id="tr_1_tl_4" custom="readingOrder {index:3;}">
                <Coords points="761,2089 2329,2081 2699,2033 2701,1956 764,2033"/>
                <Baseline points="778,2071 823,2068 868,2068 913,2068 958,2068 1002,2065 1047,2065 1092,2062 1137,2062 1181,2062 1226,2059 1271,2059 1316,2056 1360,2056 1405,2056 1450,2056 1495,2053 1540,2050 1584,2047 1629,2047 1674,2044 1719,2044 1763,2041 1808,2041 1853,2041 1898,2038 1942,2038 1987,2038 2032,2035 2077,2035 2122,2032 2166,2029 2211,2029 2256,2029 2301,2029 2345,2026 2390,2026 2435,2023 2480,2023 2524,2023 2569,2020 2614,2020 2659,2017 2704,2020"/>
                <TextEquiv>
                    <Unicode>samtliche auf Filmangelegenheiten bezügliche Korrespondenzen</Unicode>
                </TextEquiv>
            </TextLine>
            <TextLine id="tr_1_tl_5" custom="readingOrder {index:4;}">
                <Coords points="570,2222 2366,2206 2369,2070 572,2126"/>
                <Baseline points="587,2166 629,2163 674,2163 719,2163 764,2163 808,2163 853,2163 898,2160 943,2160 987,2160 1032,2157 1077,2157 1122,2154 1166,2151 1211,2151 1256,2151 1301,2148 1346,2148 1390,2145 1435,2145 1480,2145 1525,2142 1569,2142 1614,2139 1659,2139 1704,2136 1748,2133 1793,2133 1838,2133 1883,2133 1928,2133 1972,2130 2017,2127 2062,2127 2107,2124 2151,2122 2196,2122 2241,2122 2286,2119 2330,2119 2375,2119"/>
                <TextEquiv>
                    <Unicode>werden vom Autor dem Verlage zur Erledigung überwiesen.</Unicode>
                </TextEquiv>
            </TextLine>
            <TextLine id="tr_1_tl_6" custom="readingOrder {index:5;}">
                <Coords points="1525,2313 1583,2305 1631,2315 1666,2299 1714,2307 1738,2294 1751,2297 1754,2219 1735,2211 1663,2211 1637,2230 1578,2211 1567,2219 1530,2211"/>
                <Baseline points="1543,2283 1575,2283 1620,2280 1665,2277 1710,2277 1754,2274"/>
                <TextEquiv>
                    <Unicode>§ 10.</Unicode>
                </TextEquiv>
            </TextLine>
            <TextLine id="tr_1_tl_7" custom="readingOrder {index:6;}">
                <Coords points="716,2342 753,2334 785,2350 852,2329 884,2347 918,2321 958,2313 993,2329 1059,2329 1062,2254 995,2251 947,2270 918,2257 892,2267 870,2251 849,2267 825,2251 796,2249 769,2267 745,2243 719,2251"/>
                <Baseline points="734,2313 752,2310 796,2310 841,2310 886,2310 931,2307 975,2304 1020,2301 1065,2301"/>
                <TextEquiv>
                    <Unicode>tzungeverme)</Unicode>
                </TextEquiv>
            </TextLine>
            <TextLine id="tr_1_tl_8" custom="readingOrder {index:7;}">
                <Coords points="766,2432 2683,2403 2712,2273 769,2326"/>
                <Baseline points="781,2393 787,2390 832,2390 877,2387 922,2387 966,2384 1011,2384 1056,2384 1101,2381 1146,2381 1190,2381 1235,2378 1280,2378 1325,2375 1369,2375 1414,2372 1459,2372 1504,2372 1548,2369 1593,2369 1638,2366 1683,2363 1728,2363 1772,2363 1817,2360 1862,2360 1907,2357 1951,2357 1996,2357 2041,2354 2086,2354 2130,2354 2175,2354 2220,2348 2265,2348 2310,2348 2354,2345 2399,2345 2444,2342 2489,2342 2533,2339 2578,2339 2623,2339 2668,2336 2712,2333"/>
                <TextEquiv>
                    <Unicode>Prozesse in Filmangelegenheiten werden nur im Einverständnis</Unicode>
                </TextEquiv>
            </TextLine>
            <TextLine id="tr_1_tl_9" custom="readingOrder {index:8;}">
                <Coords points="572,2526 1701,2539 2023,2502 2025,2403 708,2456 575,2416"/>
                <Baseline points="590,2486 593,2489 638,2486 683,2486 728,2486 772,2483 817,2483 862,2483 907,2480 952,2480 996,2477 1041,2474 1086,2474 1131,2474 1175,2471 1220,2471 1265,2468 1310,2468 1354,2468 1399,2468 1444,2465 1489,2465 1534,2462 1578,2462 1623,2462 1668,2459 1713,2459 1757,2459 1802,2453 1847,2453 1892,2453 1936,2453 1981,2450 2026,2447"/>
                <TextEquiv>
                    <Unicode>mit dem Autor und auf dessen Risiko geführt.</Unicode>
                </TextEquiv>
            </TextLine>
            <TextLine id="tr_1_tl_10" custom="readingOrder {index:9;}">
                <Coords points="1352,2651 1405,2629 1440,2645 1496,2619 1514,2635 1610,2605 1682,2624 1714,2605 1748,2611 1740,2520 1695,2536 1581,2536 1461,2510 1413,2541 1352,2518"/>
                <Baseline points="1366,2596 1396,2596 1441,2596 1486,2593 1531,2596 1575,2599 1620,2593 1665,2593 1710,2593 1754,2590"/>
                <TextEquiv>
                    <Unicode>§ 11.</Unicode>
                </TextEquiv>
            </TextLine>
            <TextLine id="tr_1_tl_11" custom="readingOrder {index:10;}">
                <Coords points="774,2744 2632,2704 2680,2613 777,2648"/>
                <Baseline points="793,2704 802,2704 847,2704 892,2704 937,2704 981,2704 1026,2704 1071,2704 1116,2701 1160,2701 1205,2698 1250,2698 1295,2695 1340,2695 1384,2692 1429,2692 1474,2689 1519,2689 1563,2686 1608,2686 1653,2686 1698,2683 1742,2683 1787,2680 1832,2680 1877,2680 1922,2677 1966,2677 2011,2674 2056,2671 2101,2671 2145,2668 2190,2668 2235,2665 2280,2665 2324,2665 2369,2665 2414,2665 2459,2662 2504,2662 2548,2662 2593,2659 2638,2659 2683,2662"/>
                <TextEquiv>
                    <Unicode>Der Verlag ist bis spätestens 1. Juli 1920 berechtigt, für</Unicode>
                </TextEquiv>
            </TextLine>
            <TextLine id="tr_1_tl_12" custom="readingOrder {index:11;}">
                <Coords points="588,2842 2467,2797 2664,2768 2664,2696 591,2733"/>
                <Baseline points="602,2802 611,2802 656,2802 701,2802 746,2799 790,2802 835,2799 880,2799 925,2796 969,2796 1014,2796 1059,2793 1104,2793 1149,2793 1193,2790 1238,2790 1283,2787 1328,2787 1372,2787 1417,2784 1462,2781 1507,2778 1551,2778 1596,2778 1641,2775 1686,2772 1731,2772 1775,2772 1820,2769 1865,2769 1910,2769 1954,2766 1999,2766 2044,2763 2089,2763 2133,2760 2178,2760 2223,2760 2268,2757 2313,2757 2357,2754 2402,2754 2447,2754 2492,2751 2536,2751 2581,2751 2626,2748 2671,2751"/>
                <TextEquiv>
                    <Unicode>den Fall, daß keine genügende Anzahl von Autoren sich an dem in</Unicode>
                </TextEquiv>
            </TextLine>
            <TextLine id="tr_1_tl_13" custom="readingOrder {index:12;}">
                <Coords points="585,2906 2712,2895 2717,2762 588,2842"/>
                <Baseline points="599,2895 614,2895 659,2895 704,2895 749,2892 793,2889 838,2889 883,2889 928,2889 972,2886 1017,2886 1062,2886 1107,2886 1152,2883 1196,2883 1241,2880 1286,2880 1331,2877 1375,2877 1420,2874 1465,2874 1510,2871 1554,2871 1599,2868 1644,2868 1689,2865 1734,2865 1778,2862 1823,2862 1868,2859 1913,2859 1957,2859 2002,2859 2047,2856 2092,2856 2136,2853 2181,2853 2226,2850 2271,2850 2316,2850 2360,2847 2405,2847 2450,2847 2495,2847 2539,2844 2584,2844 2629,2841 2674,2841 2718,2838"/>
                <TextEquiv>
                    <Unicode>diesem Vertrage getroffenen Abkommen beteiligen sollte, von diesem</Unicode>
                </TextEquiv>
            </TextLine>
            <TextLine id="tr_1_tl_14" custom="readingOrder {index:13;}">
                <Coords points="588,3005 2581,2991 2608,2877 588,2951"/>
                <Baseline points="602,2987 641,2987 686,2987 731,2984 775,2984 820,2981 865,2981 910,2978 955,2978 999,2978 1044,2978 1089,2978 1134,2978 1178,2975 1223,2975 1268,2972 1313,2969 1357,2969 1402,2966 1447,2966 1492,2963 1537,2963 1581,2960 1626,2960 1671,2957 1716,2954 1760,2954 1805,2954 1850,2954 1895,2951 1939,2951 1984,2951 2029,2948 2074,2945 2119,2945 2163,2945 2208,2942 2253,2942 2298,2942 2342,2939 2387,2939 2432,2936 2477,2936 2521,2936 2566,2933 2611,2933"/>
                <TextEquiv>
                    <Unicode>zurückzutreten. Im übrigen ist der Vertrag vorläufig für die</Unicode>
                </TextEquiv>
            </TextLine>
            <TextLine id="tr_1_tl_15" custom="readingOrder {index:14;}">
                <Coords points="591,3111 2616,3068 2680,2986 591,3018"/>
                <Baseline points="605,3080 626,3080 671,3077 716,3077 761,3077 805,3074 850,3074 895,3071 940,3071 984,3071 1029,3071 1074,3068 1119,3065 1163,3065 1208,3065 1253,3062 1298,3062 1343,3062 1387,3059 1432,3056 1477,3056 1522,3056 1566,3053 1611,3050 1656,3050 1701,3050 1745,3047 1790,3047 1835,3047 1880,3047 1925,3047 1969,3041 2014,3041 2059,3038 2104,3038 2148,3038 2193,3035 2238,3035 2283,3035 2327,3035 2372,3032 2417,3029 2462,3029 2507,3029 2551,3026 2596,3026 2641,3023 2686,3017"/>
                <TextEquiv>
                    <Unicode>Dauer von 3 Jahren geschlossen und verlängert sich jeweils auto-</Unicode>
                </TextEquiv>
            </TextLine>
            <TextLine id="tr_1_tl_16" custom="readingOrder {index:15;}">
                <Coords points="591,3188 2541,3148 2683,3138 2685,3042 593,3130"/>
                <Baseline points="605,3172 629,3169 674,3169 719,3169 764,3166 808,3166 853,3163 898,3163 943,3163 987,3160 1032,3160 1077,3160 1122,3157 1166,3157 1211,3157 1256,3154 1301,3154 1346,3154 1390,3151 1435,3148 1480,3148 1525,3148 1569,3145 1614,3145 1659,3142 1704,3142 1748,3139 1793,3139 1838,3139 1883,3136 1928,3136 1972,3133 2017,3133 2062,3130 2107,3130 2151,3130 2196,3127 2241,3127 2286,3124 2330,3124 2375,3124 2420,3121 2465,3121 2510,3121 2554,3118 2599,3115 2644,3115 2689,3115"/>
                <TextEquiv>
                    <Unicode>matisch um ein Jahr, falls er nicht von einem der beiden Kontra-</Unicode>
                </TextEquiv>
            </TextLine>
            <TextLine id="tr_1_tl_17" custom="readingOrder {index:16;}">
                <Coords points="591,3305 1621,3244 1804,3289 1892,3249 1996,3313 2267,3252 2270,3140 593,3186"/>
                <Baseline points="605,3265 617,3262 662,3262 707,3259 752,3259 796,3259 841,3256 886,3256 931,3256 975,3256 1020,3253 1065,3253 1110,3250 1155,3250 1199,3247 1244,3247 1289,3247 1334,3247 1378,3244 1423,3241 1468,3241 1513,3241 1557,3241 1602,3241 1647,3238 1692,3235 1737,3235 1781,3235 1826,3232 1871,3232 1916,3229 1960,3229 2005,3226 2050,3226 2095,3226 2139,3223 2184,3223 2229,3220 2274,3217"/>
                <TextEquiv>
                    <Unicode>henten ein halbes Jahr früher gekündigt worden ist.</Unicode>
                </TextEquiv>
            </TextLine>
            <TextLine id="tr_1_tl_18" custom="readingOrder {index:17;}">
                <Coords points="689,3454 708,3460 753,3428 838,3452 942,3401 1088,3430 1094,3279 953,3279 886,3313 865,3300 820,3308 764,3281 692,3289"/>
                <Baseline points="707,3396 740,3393 784,3396 829,3393 874,3393 919,3393 964,3393 1008,3387 1053,3387 1098,3390"/>
                <TextEquiv>
                    <Unicode>Berlin, den</Unicode>
                </TextEquiv>
            </TextLine>
        </TextRegion>
        <TextRegion id="tr_3" custom="readingOrder {index:2;}">
            <Coords points="2772,1982 2895,1982 2895,2967 2772,2967"/>
            <TextLine id="tr_3_tl_1" custom="readingOrder {index:0;}">
                <Coords points="2757,2049 2776,2052 2786,2047 2797,2057 2810,2054 2818,2060 2826,2054 2848,2070 2861,2060 2890,2062 2885,1983 2840,1983 2813,1975 2794,1980 2770,1961 2754,1964"/>
                <Baseline points="2772,2032 2817,2035 2862,2035 2895,2038"/>
                <TextEquiv>
                    <Unicode>das</Unicode>
                </TextEquiv>
            </TextLine>
            <TextLine id="tr_3_tl_2" custom="readingOrder {index:1;}">
                <Coords points="2765,2496 2778,2496 2810,2480 2816,2483 2834,2470 2848,2483 2869,2472 2866,2353 2826,2353 2805,2337 2776,2361 2762,2361"/>
                <Baseline points="2778,2453 2823,2450 2868,2453 2874,2453"/>
                <TextEquiv>
                    <Unicode>en</Unicode>
                </TextEquiv>
            </TextLine>
            <TextLine id="tr_3_tl_3" custom="readingOrder {index:2;}">
                <Coords points="2794,2978 2810,2978 2826,2967 2845,2975 2874,2975 2874,2864 2861,2864 2853,2869 2848,2864 2834,2866 2821,2856 2810,2864 2794,2864"/>
                <Baseline points="2808,2957 2853,2957 2880,2957"/>
                <TextEquiv>
                    <Unicode>G.H.F.S</Unicode>
                </TextEquiv>
            </TextLine>
        </TextRegion>
    </Page>
</PcGts>
