2921 3832
1049 347 1525 532 SISCHER / V
200 376 391 535 2. Blatt
273 496 1096 652 Dr.A.Schnitzler 10/2. 22
423 676 2591 849 Durchsicht der betreffenden Korrespondenzen mit ziemlicher Klarheit
388 767 2620 940 zu ergeben, dass Boni & Liveright überhaupt niemand Bestimmten dabei
400 881 2629 1063 im Auge hatten, sondern damit lediglich ausdrücken wollten, dass die
394 984 2685 1157 Autorisationen hinsichtlich Ihrer Werke so schwer fasslich seien, dass
391 1055 2632 1281 sich bei Durcharbeitung des ganzen Komplexes wahrscheinlich die Not-
397 1204 2591 1360 wendigkeit, dieses oder jenes Recht zurückzukaufen, ergeben würde.
505 1243 2685 1451 Im Uebrigen ersehen Sie ja aus denen von Ihnen selbst geführten Ge-
408 1386 2697 1557 schäften, dass diese im Ganzen auch kein besseres Resultat hervorbrin-
411 1483 2676 1668 gen, als die unsrigen und zwar wie ich bestimmt glaube, aus genau dem
408 1580 2679 1745 gleichen Grunde wie in unserm malle. Wir haben ja tatsächlich auf dem
414 1689 2773 1862 ausländischen Markt schon manches zu Wege gebracht und wenn sich die Ver-
414 1815 2650 1945 hältnisse für andere unserer bedeutenden Autoren günstiger gestaltet
414 1921 2700 2036 haben als für Sie, obwohl Ihre Werke auf dem ausländischen Markt viel-
1930 1986 2009 2059 G.F.P.
2112 1986 2406 2044 V.A.W.C.S.
417 2012 2658 2180 leicht die gesuchtesten unseres Verlages sind, so kann dies, wie ich
1058 2109 1392 2188 dʼavoir lʼhonneur avec les autres
423 2106 2638 2262 glaube, unmöglich an uns, sondern nur an den Schwierigkeiten liegen,
423 2212 2588 2394 mit denen wir in jedem einzelnen Fall aus rein formalen Gründen zu
435 2309 2758 2485 kämpfen haben. Ich will nun gern mein Möglichstes tun, mir den besseren
435 2420 2702 2562 Ueberblick, den ich am Anfang dieses Briefes erwähnte, durch Brandt &
438 2506 2579 2679 KirkPatrick zu verschaffen. Natürlich würden Brandt & Kirkpatrick
446 2606 2673 2755 eine allgemeine Klarstellung mit ### Eifer betrieben haben, wenn
452 2735 2688 2855 wir ihnen irgend etwas Bestimmtes hätten in Aussicht stellen können
446 2823 2747 2982 als so, wo sie bloss Aufklärungsarbeit leisten sollen, ohne dass ihnen
452 2932 2570 3084 fassbare geschäftliche Vorteile für die Zukunft daraus erwachsen.
458 3046 2764 3199 Wegen des Allen property Custodian habe ich mich, da Sie es wünschten,
446 3140 1601 3322 mit sartsch in Verbindung gesetzt.
579 3158 2805 3390 Die Angelegenheit Wotitzky hat sich bisher in positivem Sinne weiter
