3227 4007
805 451 1032 619 a une lettre de ses
723 717 915 872 P. S.
1714 712 2832 912 Losowitz b. Dresden, 3. Mai 1918.
867 829 2714 984 Mir wird erzählt, dass ein deutscher Verleger in Bodapest
1581 939 1762 1008 II —
741 901 2869 1093 mehrere Waggons Papier gehauft hat. Vare es söglich, feelzustellen
749 1016 2749 1184 Oesterreichischen Papierwirtschaftsstelle zum Druck von Werken
752 1189 2778 1309 Oesterreichischer Autoren in Oestereich zugewiesen wurde. Das
757 1258 2840 1410 wird notwendig sein, da die Kriegswirtschaftsstelle eine Umgehung
757 1352 2784 1493 der Papierrationierung in der Filialgruendung sehen könnte. In
768 1445 2877 1616 einem solchen Falle hätte die Deutsche Kriegswirtschaftsstelle das
755 1557 2794 1730 Recht, mir auf meinen Kontingent einen gewissen Prozentsatz von
757 1650 2864 1797 dem in Oesterreich verdruckten Quantum anzurechnen. Ja Sie sehen,
752 1749 2794 1885 dass wir in diesem Punkte keine Bewegungsfreiheit haben und ich
744 1858 2880 2042 muss alle Kautelen schaffen, um nicht in eine schwierige Situation
752 1994 1125 2130 zu geraten.
1069 2042 2794 2194 Auch bezüglich etwaiger Besteuerung der Winer Filiale
752 2181 2896 2312 könnten Schwierigkeiten entstehen. - Ich erwähne alle diese Dinge
765 2277 2869 2421 damit Sie an massgebender Stelle noch vor meinem Eintreffen Gele -
763 2360 2845 2509 genheit nehmen, darüber Information einzuholen, denn in den paar
768 2496 2842 2616 Tagen, wo ich in Wien bin, werde ich doch recht viel mit Verhand-
755 2581 2152 2722 lungen, auch technischer Art, zu tun haben.
1069 2672 2848 2845 Sie sehen, verehrter Herr Doktor, ich wende mich an Sie
757 2770 2896 2986 im Vertrauen darauf, dass ich auf Ihre liebenswürdige Unterstützung
765 2882 1552 3045 wie bisher rechnen darf.
1072 2970 1685 3130 Mit vielen Grüssen
1898 3053 2416 3223 Ihr ergebenster
