2938 4007
453 805 2388 990 S'FISCHER-VERLAG'THEATERABTEILUNG'BERLIN
1768 914 2391 1056 W 57. BÜLÖWSTR90
396 1053 2397 1215 Herrn Dr. Arthur Schnitzler, Berchtesgaden, Grand Hotel
1807 1207 2490 1309 Den 31, August 1922
435 1269 1324 1417 Sehr geehrter Herr Doktor,
1346 1358 2527 1528 einliegender Brief des Herrn Bonier
438 1489 2525 1671 ging uns heute zu und wir bitten Sie, uns mitzuteilen, wie wir
435 1608 2573 1722 uns in dieser Angelegenheit verhalten sollen und ob Sie "Reigen"
444 1742 2564 1847 in flämischer Sprache in Belgien aufgeführt haben wollen. Ihrer
447 1824 2539 1958 gefälligen Rückäusserung sehen wir entgegen. Das Schreiben er¬
447 1947 1699 2058 bitten wir nach Kenntnisnahme zurück.
988 2024 2701 2152 In Sachen " Heigen" Amerika, haben wir Herr Hermann
444 2126 2727 2291 Bernstein von Ihren Mitteilungen in Kenntnis gesetzt und ihm anheim-
450 2254 2741 2416 gestellt, sich mit Ihnen in Verbindung zu setzen. Seine Adresse ist:
455 2374 2710 2490 Sheffield Mass,U.S.A. Im übrigen werden wir auf die Angelegenheit
458 2451 2445 2616 zurückkommen, sobald Herr Greiner von der Meise zurücke ist.
1386 2579 2345 2710 Mit vorzüglicher Hochachtung
1637 2670 2149 2730 S. FISCHER. VERLAG
1628 2718 2166 2835 THEATERABTEILUNG
1896 2767 2183 2909 bietter
1850 3031 2032 3199 G.C.H.F.P
2482 3319 2587 3501 Es
1787 3322 2140 3521 G.C.H.F.D.
1534 3407 1748 3546 G.H.F.P
322 3669 498 3780 R 20000. 4.
