3096 3815
1951 151 2091 271 denn
953 491 1235 687 wieber Frei-
924 610 2659 830 Mein Büro schickt mir Ihren Brief vom 13. März zur Beant-
419 756 2621 956 wortung des einen Punktes wegen des Honorars mit der Bemerkung, dass die
411 881 1403 1001 anderen Punkte beantwortet sind.
1466 893 2570 1078 Dass wir über den Tantièmensatz immer
445 990 861 1107 G.C.H.F. und das
896 976 1375 1101 Es tut mir leid
742 1067 1058 1158 G.C.H.F.P.S
422 1075 2593 1201 wieder zu sprechen haben. Ich bin nicht schuld daran. Die Herstellungs-
422 1172 2653 1361 kosten sind noch weit davon entfernt, normal zu sein, und durch diesen Um-
1152 1286 1264 1352 G.H.F.P.
1509 1278 2020 1429 lich angemessen.
428 1284 1346 1463 stand ist die Tantième von 18
921 1372 2639 1526 Ich bin Ihnen sehr dankbar, dass Sie mir Ihr neues Stück
436 1495 2582 1626 zum Verlag übergeben wollen. Aber ich würde bitten, dass es einstweilen
710 1617 839 1660 G.C.
436 1575 2664 1717 bei den 18/4 verbleibt. Es gibt nur einen einzigen Autor in meinem Verlag,
439 1680 2610 1817 der 20/4 bekommt. Die Compensation dafür besteht darin, dass dieser Autor
434 1797 2587 1954 mir seine Gesamtproduktion für alle Zukunft zugesichert hat. Ich weiss
439 1863 2678 2020 nicht, ob Sie darin eine Compensation sehen, ich empfinde sie als das, weil
442 1997 2599 2176 neue Verhandlungen von Fall zu Fall doch auf de Dauer auf die Nerven
451 2122 659 2259 gehen.
924 2205 2693 2330 Seien Sie versichert, dass ich wegen dieser sich nicht so v
456 2313 2656 2450 viel Worte verlieren würde, und dass es mir eine Freude sein wurde, Ihrem
456 2419 2721 2542 Wunsch Rechnung zu tragen. Ich darf aber die ökonomische Basis des Verlags
456 2519 2744 2650 nicht gefährden, solange die anormalen Verhältnisse bestehen. Sie wissen ja,
462 2621 2747 2750 dass wir in früheren Jahren nie über den Tantièmensatz zu sprechen hatten,
468 2744 2753 2875 obgleich er auch damals höher war, da die Kalkulation es auf die Dauer er-
462 2824 764 2995 laubte.
2504 2895 2616 3015 „die
958 2872 1612 3044 Leider hat sich meine.
465 2995 1529 3169 zwar schon besser ist, aber doch noch
474 3129 1221 3272 verbunden ist, sodass ich
471 3235 1170 3357 musste. Hoffentlich ist
