3173 4081
975 410 1201 542 44s
657 502 2040 644 FISCHER / VerLAG
252 620 2366 752 Bankkonto: Deutsche Bank, Depositenkasse P. Berlin / Pöstschedtonto: Berlin 1662
720 697 1887 810 BERLIN W 57 / BÜLowSTRASSE 90
902 778 1682 923 Fernruf: Lützow 1662, 6162 und 9292
1819 789 2108 973 19/2. 20
386 1117 849 1296 Lieber Freund,
515 1320 1243 1462 im Druck befinden sich:
1278 1296 2316 1454 "Masken und Wunder" (2 Auflagen),
1304 1409 2213 1575 "Weg ins Freie" (5 Auflagen).
376 1385 1217 1564 "Dämmerseelen" (2 Auflagen)
505 1509 670 1580 G.C.F.P.P
507 1514 2411 1669 Die Gesamtausgaben meines Verlags sind zum grossen Teil seit
865 1611 1101 1675 au moins de nouvelle rueux.
365 1638 2369 1780 Weihnachten vergriffen. Leider war es bisher noch nicht möglich,
363 1740 2284 1845 eine ausreichende Papiermenge für den Neudruck zu beschaffen.
352 1824 2369 1935 Die Papierfabriken liegen zumeist still, aus Mangel an Kohle und
350 1927 2371 2043 an Rohstoff. Dennoch hoffe ich im März, spätestens April, soviel
347 2043 2363 2195 Papier bekommen zu können, dass ich Ihre gesammelten Werke neu
350 2153 2100 2253 drucken kann. Die Preise für Papier sind augenblicklich
352 2245 2150 2358 phantastisch hoch, auch die Druckpreise und Einbandpreise
352 2347 2182 2471 sind enorm gestiegen. Machen Sie sich auf eine sehr grosse
342 2474 2274 2581 Preiserhöhung für die gesammelten werke gefasst, bisher waren
860 2531 988 2605 G.H.F.P
344 2560 2135 2692 sie das billigste Gesamtwerk, nicht nur in meinem Verlag.
615 2663 1220 2823 Mit besten Grüssen
1217 2784 1335 2902 Ihr
1009 2926 1719 3191 F. Fischer.
