2938 4007
1217 253 1364 376 580
546 649 2573 801 Inhalts, die in größeren Auflagen gedruckt werden, schreiben wir
514 764 2242 930 wie beim " Weg ins Freie" eine Tantieme von 16% gut.
646 876 2650 1014 Sie schreiben, daß es noch heute Abmachungen giebt, indenen der
514 982 2590 1137 Autor 20% bekommt. Ich weiß nicht, wie diese Verleger kalkulieren
528 1085 2731 1232 oder welche Sondervorteile sie sich dabei noch vorbehalten haben, oder
531 1192 2788 1332 welche Interessen sonst noch dabei mitsprechen. In der freien Wirtschaft
537 1324 2621 1447 giebt es ja keine Gesetze, jeder arbeitet auf eigene Verantwotung
531 1384 2702 1530 Maßgebend bleibt schließlich nicht der Wille und die Willkür des Ein-
540 1499 2687 1619 zelnen, sondern die harte wirtschaftliche Notwendigkeit, die uns die
540 1631 2696 1751 Gesetze diktiert. Bisher haben wir dieß volle Auswirkung der Herstel-
534 1706 2593 1846 lungs - und Vertriebskosten in der Kalkulation noch nicht gewagt.
724 1797 2679 1961 Sehr dankbar wäre ich Ihnen, wenn sie mir den " lormal Vertrag
548 1912 2745 2062 der in den Mitteilungen des Schutzverbandes publiziert ist, zuränsicht
546 2013 2702 2151 schicken würden. Ich vermute, es handelt sich bei der Beteiligung am
543 2113 2754 2234 Einband um einen Modus nach welchem der Autor seine Tantieme nicht vom
543 2205 2762 2352 Ladenpreis, sondern vom Nettoerlös der Buches bezieht. Ist dem so, so
543 2343 2739 2475 kommt dabei sicher nicht mehr heraus, als die Tantieme vom Ladenpreis
551 2420 2805 2544 des broschürten Exemplares berechnet, beträgt. Dabei will ich grundsätz-
551 2532 2863 2650 lich gar nichts gegen diesen Modus einwenden. Er ist vielleicht richtiger
554 2610 2263 2776 als der gegenwärtige, aus normalen Zeiten übernomene.
735 2742 2797 2854 Uns nun zu dem 2. Punkt Ihres Briefes zu kommen, so unterschätzen
557 2845 2771 2969 Sie die technischen Schwierigkeiten, in denen wir uns befinden. Wir ha-
566 2960 2791 3066 ben trotz der größten Anstrengungen von den Buchbindereien nicht soviel
569 3066 2834 3199 geliefert bekommen können, als wir brauchten. Die Leistungsfähigkeit der
566 3164 2794 3279 Buchbindereien hat bedeutend nachgelassen; sie arbeiten außerdem viel f
577 3242 2731 3391 für die Industrie und für Ausland, und ich habe beispielsweise einer
571 3377 2808 3491 meiner größten Bindereien einen Vorschuß von mehreren 100.000. eben mit-
569 3434 2774 3572 Sen, damit sie meine Aufträge den anderen voranstellt. Trotzdem wurden
2136 3546 2811 3713 mit den gegeben Quan
574 3563 2113 3675 wir so knapp beliefert, daß es nicht möglich war
