3197 3994
639 703 1356 866 Auslieferung erfüllen.
1780 762 2127 908 wie früher
717 832 2735 998 Wir wiederholen: alles Bezogene ist vierteljährlich bar abzu-
617 956 2861 1059 rechnen, bis auf zwei Partien; bei besonders gangabaren und bei alle
2472 1040 2788 1110 zu Fall.
614 1031 2817 1197 Büchern österreichischer Autoren worden wir auch von Fall 3-4 Par-
619 1157 2777 1309 tien disponieren lassen. Von Büchern österreichischer Autoren und
617 1233 2732 1418 vnn dramatischen Werken werden wir Ihnen ausnahmsweise auch pro-
605 1365 2738 1505 schierte Exemplare liefern, wie wir ja überhaupt von Fall zu Fall
603 1429 1684 1589 Ihnen gern entgegenkommen werden.
729 1541 2704 1690 Sie sprachen in Ihren Briefen auch von einem grossen Absatz.
235 1555 342 1718 be
589 1653 2769 1802 Das ist doch nicht Ihr Verdienst, der grössere Absatz ist auch nur
589 1760 2732 1917 entstanden, weil das Sortiment infolge Ihrer Aufforderung
799 1827 1029 1911 anstatt
600 1841 2758 1993 von Ihnen von uns direkt bezogen hat, um die Frachtspesen zu
2766 1841 2881 2007 Gee
745 1956 2828 2130 Wir wollen nicht noch einmal alles rekapitulieren, was in unser
235 1928 342 2091 D'
230 2077 325 2141 peuvent à
580 2040 2777 2234 Briefen ja schon genügend zum Ausdruck gekommen ist. Seien Sie ver¬
244 2107 333 2172 3.
305 2077 390 2248 De'
580 2155 2755 2312 sichert, es könnte uns nichts lieber sein, als wenn wir die grosse
583 2267 2755 2444 Arbeit, das österreichische Sortiment zu bedienen, mit unsern sehr
580 2391 2833 2531 teuren Arbeitskräften ersparen würden, es geht aber nicht, aus orga¬
277 2326 465 2517 P.S.
249 2455 370 2561 1S5
566 2472 2724 2632 nisatorischen und propagandistischen Gründen, dass wir von unserm
221 2539 311 2651 P.S
560 2592 2578 2702 Arbeitsgebiet das österreichische Sortiment ganz ausschalten.
720 2690 2671 2870 Lassen Sie uns nunmehr eine Aufstellung des Lagers zugehen,
560 2783 1886 2945 damit wir sehen, was Sie vorrätig haben.
709 2892 2735 3013 Sie sprechen von einer Biamage in Ihrer Depesche, wir wissen
272 2937 359 3069 P.S.
555 2965 2702 3125 nicht, was damit gemeint ist. Unsere Barauslieferung haben Sie ja
552 3108 2654 3240 nach wie vor, es käme also nur darauf an, dass Sie dem österrei-
546 3186 2651 3329 chischen Sortiment durch Zirkular bekanntgeben, dass Sie wohl zu
549 3279 2472 3425 unsern Originalrabatten, aber nicht mehr Partien liefern.—
185 3369 286 3461 F.
650 3357 2861 3520 Auf diesem Weg wurden wir dahin kommen, dass Ihnen
653 3486 2842 3593 ein Manapalfür die Vergorgung des verstorbenenenen
650 3537 2811 3680 fortiments eingeräumt wird, was uns tracht¬
404 3610 502 3688 J. 226.
