3109 3928
1277 206 1436 369 „=
383 316 2400 489 S. Fischer/Verlag/Berlin M 57/Bülowstraße
2459 354 2571 534 90
1035 460 1250 551 ank. Depos.
1289 454 2362 602 ###kasse P in Berlin / Postecheckkonto: Berlin Nr. 16699.
994 540 1642 661 prechanschlüsse: Amt Lützow Nr.
1743 537 2052 696 162-6164
2079 616 2439 761 Febr. 24
301 604 510 740 F/Si.
663 949 1150 1150 Lieber Freund,
604 1153 2562 1265 die Ablieferung der Polnischen Mark und Danziger Gulden ist
448 1233 2695 1356 laut anliegender Quittung am 31. Januar an die „Bank für auswärtigen
439 1356 985 1510 Handel“ erfolgt.
540 1457 2669 1598 Die 2 wie schweizer Franken überwiesen wir auf Ihr Konto bei der
448 1595 2819 1719 „Eidgenössischen Bankes in Zürich; damit entfällt die Notwendigkeit Ihres
442 1663 1640 1808 Briefes für das Berliner Finanz-Amt.
504 1713 2701 1887 Die 1 424 schw. Franken beziehen sich auf die Valuten für die Ein-
445 1855 2698 2002 nahmen in Oesterreich und sind in den 2 412 schw. Franken enthalten.
439 1967 2598 2135 Ebenso sind die 2 Millionen 245 320 Polenmark in den 16 Millionen
442 2082 1383 2232 235 500 Polenmark enthalten.
1545 2185 2170 2332 Mit besten Grüssen
1746 2276 1884 2383 Ihr
1990 2309 2524 2577 fischel
454 2613 2672 2769 P.S. Ich lege die Liste der Voraushoncrierung von Auflagenteilen,
463 2739 2648 2887 wie ich sie vorgeschlagen habe, bei. Wir sind dabei vom ungeführen
463 2860 2748 2978 Absatz des letzten Quartals ausgegangen und haben den Plan, von jedem
457 2969 2772 3078 Buch mindestens 100 vorauszuhonorieren, in der Hauptsache eingehalten.
460 3073 2677 3182 Nur bei Büchern, deren Absatz auffallend schwach ist, haben wir die
472 3161 2672 3285 voraus zu honorierenden Exemplare ermässigt. Ich bin aber auch hier
454 3285 2141 3423 bereit, mich etwaigen besonderen Wünschen zu fügen.
487 3350 2713 3556 Akzeptieren Sie die Voraushonorierung auf Grundlage der anliegenden
