3086 4200
451 208 573 385 II.
585 268 2787 391 läufigen Namen der Heldin spielt sich ein zwangemässig alltägliches
576 365 2790 496 Geschick einer nicht sonderlich begabten, in naiver Selbstverständlich
585 488 2656 610 keit aufblühenden, liebespendenden und liebehungrigen Seele ab.Be
588 593 2813 722 von jugendlichem Ueberschwang, verraten von kaltherziger Sinnlichkeit,
596 713 2818 819 ausgenntst von selbstherrlicher Ueberlegenheit, hierhin und dorthin ge-
593 804 2795 944 stossen, gleitet sie halb unbewusst tiefer von Stufe zu Stufo,von Nie-
593 913 2727 1050 mand in Grunde erkannt, weil sie zu deuten und zu verstehen ja kein
602 1035 2847 1158 Rätselanlass ist und nichts auch nur entfernt an ein Problem erinnert.
599 1152 2807 1261 Arme, gehetste, verlassene Frau, in Angst um ihr illegitimes Kind bin u.
596 1241 2824 1366 her schwirrend, in Arbeit und Sorge um den ungerstenen Jungen sich auf-
593 1363 2872 1489 reibend und doch nie ganz sich dort geborgen fühlend, wo ihre Bestimmung
596 1449 2818 1586 und Berufung liegt. So hat ihr das Leben, dieses ganz abscheulich gross-
593 1575 2801 1652 ische, flache Dasein der Gewöhnlichen und ganz und gar Aufrichtigenge-
596 1672 2850 1763 rade da einen hässlichen Streich gespielt, wo sie sich heben konnte und
602 1763 2801 1868 zu sich selbst gelangt wäre, wenn der Mann, dem sie sich hingab, ausser-
599 1857 2838 1971 halb des Lichtkegels ihrer guten Gläubigkeit nicht ein so jämmerlicher
593 1945 2810 2082 Lump gewesen wäre. Zu lebendig, sich mit solcher Schau des Ekels zu be-
602 2065 2798 2205 scheiden und sich tief in sich vor allem zu verschliessen, zu jung zu
593 2176 2881 2299 menschlich, einen Strich zu machen unter ihr Erlebnis, abzuschliessen und
593 2296 2813 2408 mit sich fertig zu werden, blüht sie sich weiter aus in Sehnsucht nach
605 2379 2815 2507 ein bisschen Gegenseitigkeit und welkt dahin, weil niemand auf der wei-
602 2522 1982 2639 ten Welt sich findet, der sie halten möchte.
1038 2607 2804 2738 Aus dieser Monotonie eines unaufhaltsam abwärts rinnen-
605 2718 2778 2847 den Lebens, diesen ständigen Stellenwechsels einer ewig Bediensteten,
599 2818 2844 2969 klagt die tiefe Schwermut eines Dichters, dessen untrüglichen Blick für
602 2947 2867 3064 das Unschte sich das ganze flimmernde Getriebe menschlicher Beziehungen
602 3041 2798 3178 in Komik und Elend entschleiert und der, ein strenger Chronist, die Rü-
602 3158 2824 3292 chung der letztlich schuldlosen Sünde einer schwachen Frau als schänd-
599 3272 1940 3392 liches Verbrechen ihres Sohnes brandmarkt.
1033 3375 1948 3529 Der Sohn mordet die Mutter.
