3152 4088
1490 166 1595 344 3
1327 304 1516 445 44
780 386 2313 569 S. FISCHER/VERLAG
530 459 2629 685 Bankkonto: Deutsche Bank, Depositenkasse P Berlin / Postscheckkontos: Berlin 1000###
997 589 2164 752 BERLIN W57 / BULÖWSTRASSE 90
1195 659 1975 840 Ferneuf: Lützow 1662, 6162 und 929e
2099 738 2465 888 18/XII. 19
634 1130 1510 1296 Herrn Dr. Arthur Schnitzler
1507 1214 1671 1375 Vien
645 1459 1113 1603 Lieber Freund,
749 1558 2648 1772 um zunächst mal Ihre Depesche zu beantworten: Für die Ueber-
662 1657 2820 1857 setzung von "Casanova" ins Russische sind zunächst 2000 Mark geboten
668 1750 2812 1955 worden. Da die Uebersetzerin auch auf "Doktor Graesler" reflektiert,
671 1860 2941 2096 so würden wir vorschlagen, beiden Arbeiten für 5000 Mark zu überlassen.
682 2017 2012 2153 Ich erwarte darüber eventl. eine Depesche.
868 2043 2936 2231 Auf Ihre Reklamation wegen des Budapester Briefes kann ich nichts
685 2184 2927 2353 anderes sagen, als dass Sie ihn nach Eintreffen bei uns bekommen haben.
690 2246 2789 2477 Es scheint, als ob zuweilen Briefe jetzt lange unterwegs sind, mit
707 2395 2733 2564 Ungarn ist die Verbindung überhaupt erst seit kurzer Zeit wieder
924 2578 2888 2775 Dass "Casanovas Heimfahrt" und "Schwestern" in unserm Prospekt
702 2575 1093 2699 hergestellt.
2448 2651 2601 2713 aie e
716 2668 2899 2854 nicht angekündigt sind, erklärt sich durch die Tatsache, dass dieser
724 2787 2801 2975 Weihnachtsprospekt nur die im Jahre 1919 erschienenen neuen Bücher
730 2913 2812 3094 enthält. "Casanova" ist, wie etwa der "Ketzer von. Soana", 1918 er-
724 2998 2733 3178 schienen und im Weihnachtsprospekt 1918 angekündigt worden. Das
738 3094 2899 3285 Erscheinen der "Schwestern" war für dieses Jahr nicht sichergestellt,
735 3232 2744 3401 der Prospekt ist schon im Oktober gedruckt worden, somit konnte
741 3296 2972 3499 dieses Werk an dieser Stelle nicht angekündigt werden. Die "Schwestern"
749 3429 2725 3618 sind übrigens schon Anfang dieses Jahres gedruckt worden, Ihre
