3015 3784
1771 261 2091 385 V.,, 1, '11.
1586 532 1750 644 374
957 592 2418 733 S. Fischer Verlag Berlin
957 784 2412 888 Amt Lützow 1662 u. 6162 Theaterabteilung postscheckkonto Nr. 16692
1352 844 2036 924 Berlin W 57, Bülowstraße Nr. 90
1512 906 1849 996 19. Februar
1347 967 1991 1076 Den 191
1071 1310 1977 1457 Herrn Dr. Arthur Schnitzler
2073 1425 2260 1543 Wien
1082 1568 1942 1688 Sehr geehrter Herr Doktor,
1247 1721 2419 1813 wir erlauben uns, Ihnen mitzuteilen,
1082 1824 2441 1922 dass wir mit dem Deutschen Schauspielhaus
1082 1942 2461 2013 in Hamburg einen Vertrag über „Der einsame
2147 1996 2454 2056 (VV-VV)VVV.VV,V.
1087 2013 2492 2151 Weg" mit 10 % Tantieme abgeschlossen haben.
1049 2131 2430 2238 Die Ermässigung der Tantieme für „Anatol“
1085 2225 2376 2352 ist bis zum 1. April ds. Js. erfolgt und
1091 2350 2445 2436 zwar zu einer Zeit, als die Einnahmen der
1087 2465 2516 2574 Theater noch nicht eine so günstige Entwick-
1096 2543 1822 2670 lung erwarten liessen.
1252 2626 2543 2744 Den Vertrag mit dem lessingtheater über
1100 2750 2510 2879 „Zwischenspiel" haben wir am 2.Oktober 1915
