<?xml version="1.0" encoding="UTF-8" standalone="yes"?>
<PcGts xmlns="http://schema.primaresearch.org/PAGE/gts/pagecontent/2013-07-15" xmlns:xsi="http://www.w3.org/2001/XMLSchema-instance" xsi:schemaLocation="http://schema.primaresearch.org/PAGE/gts/pagecontent/2013-07-15 http://schema.primaresearch.org/PAGE/gts/pagecontent/2013-07-15/pagecontent.xsd">
    <Metadata>
        <Creator>prov=READ-COOP:name=TrHtr:version=2.1.0:model_id=51170:date=27_07_2023_22:33</Creator>
        <Created>2023-05-02T08:12:02.157+02:00</Created>
        <LastChange>2023-07-27T22:33:29.544+02:00</LastChange>
        <TranskribusMetadata docId="1416743" pageId="54955226" pageNr="690" tsid="131306372" status="IN_PROGRESS" userId="64420" imgUrl="https://files.transkribus.eu/Get?id=SVEZNPSUYIPWWORRTGGPDMRV&amp;fileType=view" xmlUrl="https://files.transkribus.eu/Get?id=KQZUONNDLFAUVCQSSFQPFIJY" imageId="44458951"/>
    </Metadata>
    <Page imageFilename="1416743_0690.jpg" imageWidth="3096" imageHeight="3929">
        <ReadingOrder>
            <OrderedGroup id="ro_1711826639313" caption="Regions reading order">
                <RegionRefIndexed index="0" regionRef="tr_2"/>
                <RegionRefIndexed index="1" regionRef="tr_1"/>
            </OrderedGroup>
        </ReadingOrder>
        <TextRegion id="tr_2" custom="readingOrder {index:0;}">
            <Coords points="140,3338 361,3338 361,3500 140,3500"/>
            <TextLine id="tr_2_tl_1" custom="readingOrder {index:0;}">
                <Coords points="126,3410 137,3413 151,3402 163,3410 180,3396 186,3402 194,3396 214,3402 226,3245 211,3242 206,3248 191,3236 186,3242 180,3236 174,3242 171,3236 137,3230"/>
                <Baseline points="140,3394 176,3391 220,3388"/>
                <TextEquiv>
                    <Unicode>P.S.</Unicode>
                </TextEquiv>
            </TextLine>
            <TextLine id="tr_2_tl_2" custom="readingOrder {index:1;}">
                <Coords points="171,3516 203,3527 223,3522 237,3507 248,3519 266,3505 354,3507 354,3405 317,3408 300,3425 288,3416 254,3445 209,3410 189,3425 171,3425"/>
                <Baseline points="188,3484 232,3490 277,3490 322,3487 361,3487"/>
                <TextEquiv>
                    <Unicode>G.C.F.P.</Unicode>
                </TextEquiv>
            </TextLine>
        </TextRegion>
        <TextRegion id="tr_1" custom="readingOrder {index:1;}">
            <Coords points="400,308 2752,308 2752,1938 400,1938"/>
            <TextLine id="tr_1_tl_1" custom="readingOrder {index:0;}">
                <Coords points="2485,428 2508,428 2519,437 2536,420 2542,426 2568,420 2553,280 2539,280 2528,271 2494,274 2482,266 2468,266"/>
                <Baseline points="2492,358 2537,358 2570,367"/>
                <TextEquiv>
                    <Unicode>F.</Unicode>
                </TextEquiv>
            </TextLine>
            <TextLine id="tr_1_tl_2" custom="readingOrder {index:1;}">
                <Coords points="406,843 2548,800 2551,657 1128,728 903,660 631,740 411,663"/>
                <Baseline points="423,803 450,803 495,800 540,797 585,797 629,794 674,794 719,794 764,794 809,791 853,791 898,788 943,788 988,788 1033,785 1077,785 1122,785 1167,782 1212,782 1256,779 1301,779 1346,779 1391,776 1436,776 1480,776 1525,773 1570,773 1615,773 1659,773 1704,770 1749,770 1794,770 1839,770 1883,770 1928,767 1973,767 2018,764 2063,761 2107,758 2152,758 2197,755 2242,755 2286,752 2331,749 2376,749 2421,746 2466,743 2510,743 2555,743"/>
                <TextEquiv>
                    <Unicode>ich also auch das Abkommen über die Valuten, da es sich um einen</Unicode>
                </TextEquiv>
            </TextLine>
            <TextLine id="tr_1_tl_3" custom="readingOrder {index:2;}">
                <Coords points="406,945 2368,905 2636,883 2639,777 408,831"/>
                <Baseline points="420,904 450,904 495,904 540,901 585,901 629,898 674,898 719,898 764,898 809,898 853,895 898,892 943,892 988,892 1033,892 1077,889 1122,889 1167,889 1212,886 1256,886 1301,883 1346,883 1391,883 1436,880 1480,880 1525,880 1570,880 1615,880 1659,877 1704,877 1749,874 1794,874 1839,874 1883,874 1928,871 1973,868 2018,868 2063,865 2107,865 2152,862 2197,859 2242,856 2286,856 2331,856 2376,853 2421,853 2466,853 2510,853 2555,850 2600,850 2645,850"/>
                <TextEquiv>
                    <Unicode>zusammenhängenden Komplex von Fragen handelt, von der Verständigung</Unicode>
                </TextEquiv>
            </TextLine>
            <TextLine id="tr_1_tl_4" custom="readingOrder {index:3;}">
                <Coords points="397,1028 577,1017 700,1063 1063,1011 1205,1063 1385,1005 1534,1023 1568,928 1311,937 1237,900 1165,948 1043,905 854,948 397,951"/>
                <Baseline points="414,1009 450,1006 495,1006 540,1006 585,1006 629,1006 674,1003 719,1000 764,1000 809,1000 853,1000 898,997 943,997 988,997 1033,994 1077,994 1122,994 1167,994 1212,994 1256,994 1301,991 1346,991 1391,988 1436,985 1480,985 1525,985 1570,985"/>
                <TextEquiv>
                    <Unicode>über diesen Punkt abhängig machen.</Unicode>
                </TextEquiv>
            </TextLine>
            <TextLine id="tr_1_tl_5" custom="readingOrder {index:4;}">
                <Coords points="500,1157 2685,1100 2748,980 503,1054"/>
                <Baseline points="516,1113 558,1110 603,1107 647,1107 692,1107 737,1107 782,1104 827,1101 871,1101 916,1101 961,1101 1006,1101 1050,1098 1095,1098 1140,1095 1185,1095 1230,1095 1274,1095 1319,1092 1364,1089 1409,1089 1453,1089 1498,1089 1543,1086 1588,1086 1633,1083 1677,1083 1722,1083 1767,1083 1812,1080 1857,1080 1901,1077 1946,1077 1991,1077 2036,1077 2080,1074 2125,1071 2170,1068 2215,1068 2260,1065 2304,1065 2349,1062 2394,1059 2439,1059 2483,1059 2528,1056 2573,1056 2618,1053 2663,1050 2707,1047 2752,1050"/>
                <TextEquiv>
                    <Unicode>Ich würde es übrigens nicht für ratsam halten, eventuell "Liebelei¬</Unicode>
                </TextEquiv>
            </TextLine>
            <TextLine id="tr_1_tl_6" custom="readingOrder {index:5;}">
                <Coords points="408,1225 2579,1211 2622,1094 408,1171"/>
                <Baseline points="423,1215 432,1215 477,1215 522,1215 567,1215 612,1215 656,1212 701,1212 746,1212 791,1209 835,1209 880,1206 925,1206 970,1206 1015,1203 1059,1203 1104,1203 1149,1203 1194,1200 1239,1203 1283,1200 1328,1200 1373,1197 1418,1194 1462,1194 1507,1191 1552,1191 1597,1188 1642,1188 1686,1188 1731,1185 1776,1185 1821,1185 1865,1185 1910,1185 1955,1182 2000,1182 2045,1179 2089,1176 2134,1176 2179,1173 2224,1170 2269,1170 2313,1167 2358,1167 2403,1164 2448,1164 2492,1164 2537,1164 2582,1161 2627,1164"/>
                <TextEquiv>
                    <Unicode>bei Reklam herauszugeben, weil dieses wichtige dramatische Werk in</Unicode>
                </TextEquiv>
            </TextLine>
            <TextLine id="tr_1_tl_7" custom="readingOrder {index:6;}">
                <Coords points="386,1348 2265,1331 2351,1291 2354,1202 388,1268"/>
                <Baseline points="400,1328 432,1325 477,1322 522,1322 567,1319 612,1319 656,1316 701,1316 746,1313 791,1313 835,1313 880,1310 925,1310 970,1310 1015,1307 1059,1307 1104,1307 1149,1304 1194,1304 1239,1304 1283,1304 1328,1301 1373,1298 1418,1298 1462,1298 1507,1298 1552,1298 1597,1295 1642,1295 1686,1292 1731,1292 1776,1292 1821,1289 1865,1289 1910,1289 1955,1286 2000,1286 2045,1283 2089,1280 2134,1277 2179,1277 2224,1274 2269,1274 2313,1274 2358,1271"/>
                <TextEquiv>
                    <Unicode>Lunserer Ausgabe dann aufgehört hat marktgängig zu bleiben.</Unicode>
                </TextEquiv>
            </TextLine>
            <TextLine id="tr_1_tl_8" custom="readingOrder {index:7;}">
                <Coords points="511,1471 2562,1371 2682,1428 2685,1314 514,1371"/>
                <Baseline points="531,1433 543,1430 588,1427 632,1424 677,1421 722,1421 767,1421 812,1418 856,1418 901,1415 946,1415 991,1415 1035,1412 1080,1412 1125,1412 1170,1412 1215,1412 1259,1409 1304,1406 1349,1406 1394,1406 1439,1406 1483,1403 1528,1403 1573,1403 1618,1400 1662,1400 1707,1397 1752,1397 1797,1397 1842,1397 1886,1394 1931,1391 1976,1391 2021,1391 2066,1388 2110,1385 2155,1385 2200,1382 2245,1382 2289,1382 2334,1379 2379,1379 2424,1376 2469,1376 2513,1373 2558,1373 2603,1367 2648,1367 2692,1370"/>
                <TextEquiv>
                    <Unicode>Ich würde mich freuen, wenn die alten guten Beziehungen durch die</Unicode>
                </TextEquiv>
            </TextLine>
            <TextLine id="tr_1_tl_9" custom="readingOrder {index:8;}">
                <Coords points="428,1542 2722,1537 2725,1417 431,1434"/>
                <Baseline points="444,1531 489,1531 534,1531 579,1528 623,1528 668,1528 713,1525 758,1522 803,1522 847,1522 892,1522 937,1522 982,1519 1027,1516 1071,1516 1116,1516 1161,1513 1206,1513 1250,1513 1295,1513 1340,1510 1385,1510 1430,1507 1474,1507 1519,1504 1564,1504 1609,1501 1654,1501 1698,1501 1743,1498 1788,1498 1833,1498 1877,1498 1922,1495 1967,1495 2012,1495 2057,1492 2101,1489 2146,1486 2191,1486 2236,1483 2280,1483 2325,1480 2370,1480 2415,1480 2460,1477 2504,1477 2549,1474 2594,1474 2639,1471 2684,1471 2728,1471"/>
                <TextEquiv>
                    <Unicode>schwebenden Fragen keinen Stachel zurücklassen, Sie finden mich dann</Unicode>
                </TextEquiv>
            </TextLine>
            <TextLine id="tr_1_tl_10" custom="readingOrder {index:9;}">
                <Coords points="420,1671 1622,1648 1854,1622 1857,1557 1123,1522 423,1585"/>
                <Baseline points="438,1642 474,1636 519,1639 564,1633 609,1633 653,1630 698,1627 743,1627 788,1624 832,1624 877,1624 922,1621 967,1615 1012,1612 1056,1615 1101,1612 1146,1612 1191,1612 1236,1609 1280,1609 1325,1609 1370,1606 1415,1606 1459,1606 1504,1603 1549,1600 1594,1600 1639,1603 1683,1600 1728,1597 1773,1597 1818,1597 1862,1600"/>
                <TextEquiv>
                    <Unicode>bereit alles dazu beizutragen.</Unicode>
                </TextEquiv>
            </TextLine>
            <TextLine id="tr_1_tl_11" custom="readingOrder {index:10;}">
                <Coords points="1148,1768 1325,1771 1440,1728 1797,1771 1851,1737 1905,1745 1908,1645 1822,1617 1697,1657 1434,1648 1365,1679 1342,1657 1148,1654"/>
                <Baseline points="1164,1719 1197,1719 1241,1719 1286,1716 1331,1716 1376,1716 1421,1716 1465,1713 1510,1713 1555,1713 1600,1710 1645,1710 1689,1707 1734,1707 1779,1704 1824,1704 1868,1704 1913,1704"/>
                <TextEquiv>
                    <Unicode>Mit herzlichen Grüssen</Unicode>
                </TextEquiv>
            </TextLine>
            <TextLine id="tr_1_tl_12" custom="readingOrder {index:11;}">
                <Coords points="1345,1837 1362,1837 1371,1828 1397,1834 1417,1817 1457,1828 1468,1825 1485,1834 1491,1757 1474,1751 1465,1759 1445,1757 1417,1739 1402,1751 1388,1751 1368,1728 1351,1728"/>
                <Baseline points="1364,1812 1406,1812 1450,1809 1495,1806"/>
                <TextEquiv>
                    <Unicode>Ihr</Unicode>
                </TextEquiv>
            </TextLine>
            <TextLine id="tr_1_tl_13" custom="readingOrder {index:12;}">
                <Coords points="1465,1928 1517,1954 1557,1922 1602,1957 1685,1919 1791,1934 1897,1911 2019,1925 2042,1948 2096,1939 2102,1822 1997,1839 1954,1805 1762,1831 1677,1762 1477,1731"/>
                <Baseline points="1480,1928 1525,1922 1570,1919 1615,1910 1659,1907 1704,1907 1749,1907 1794,1904 1839,1904 1883,1901 1928,1901 1973,1898 2018,1895 2063,1889 2107,1889"/>
                <TextEquiv>
                    <Unicode>F.fischel</Unicode>
                </TextEquiv>
            </TextLine>
        </TextRegion>
    </Page>
</PcGts>
