3160 3879
831 353 2171 543 mili9&i. pire mai
705 575 2545 734 (2)0*0* ̃̃
1204 653 2043 779 O0. â¢ tj oi : m oi n t i f j t i t
711 718 2639 920 so haben wir allerdings grosse Schwierigkeiten, Verbindung zu
716 867 2654 1032 erlangen. Ja unser russischen Vertreter in Riga, also nicht im
716 940 2589 1116 eigentlichen Russland wohnt und die Verbindung zwischen dem
708 1045 2780 1212 Baltikum und Grossrussland vollständig unterbrochen ist, vermögen
716 1173 2738 1345 wir gegenwärtig keine irgendwie Erfolg versprechende Aktion ein
721 1225 2767 1429 zuleiten. Wir möchten Ihnen daher, falls Sie andere Möglichkeiten
729 1379 2116 1526 haben, keineswegs hinderlich im Wege stehen.
758 1463 2673 1646 Die Abrechnung über das letzte Quartal liegt
826 1500 1228 1568 e ee että sis ett uus sis mai
732 1554 2699 1740 bei, aus dieser ersehen Sie auch genaues über Prag. Von diesem
739 1635 2772 1818 Theater wird sichtlich eine Art passe Residenz getrieben, indem
747 1756 2568 1959 trotz aller Mahnungen und Aufforderungen zum Beispiel bei
1432 1865 2691 1970 und „literatur“ nach dem alten von uns
755 1923 1382 2043 „ Anatol „Liebele
1416 1967 1601 2017 (v.t.
1787 1957 1983 2022 G.C.H.S.
1082 1983 1186 2035 Monsieur
750 1978 2803 2124 längst auch wiederholt als ungültig erklärten Verträgen abgerech-
739 2061 2657 2210 net wird. Wir haben die Fehlbeträge bereits vor Tängerer Zeit
541 2093 716 2221 1o4 je
742 2184 2780 2333 reklamiert, sind aber heute noch ohne Antwort. Was den Professor
2469 2247 2769 2304 —.—  — —
750 2299 2751 2427 Bernhardi " anbetrifft, so hat Herr Direktor Krämer die Tantieme
967 2393 1215 2464 est même nouveau
760 2390 2808 2521 von 104. schliesslich anerkannt und auch danach abgerechnet, woraus
776 2411 880 2458 3.
758 2500 2673 2623 wir den Gegenvertrag gesandt haben. Der Bernhardivertrag ist
763 2563 2754 2712 übrigens der einzige,, der zwischen Herrn Direktor Kramer und uns
758 2691 2693 2853 bisher abgeschlossen wurde. Abschrift geht Innen wunschgemäss
622 2683 737 2816 us.
794 2790 2759 2916 anbet zu 5 5 Punkt b nimmt ausdrücklich auf die Auonnements-
541 2808 752 2934 Heblew
776 2882 2733 3033 Quote und Vorverkaufsgebühr bezug. Allerdings ist in früheren
598 2913 784 3036 aenvif
760 2978 2863 3161 Fällen, besonders während des Krieges hinsichtlich der Aufonnements-
784 3096 2756 3281 Quote zumeist eine Ermässigung zugebilligt worden. Dies bezieht
779 3177 2790 3347 sich jedoch auf Verträge, denen heute keine praktische Bödeutung
771 3310 2774 3477 mehr zukommt. Vielleicht liesse sich mit Prag dadurch gründlich
512 3318 977 3448 .Mivredens se
1782 3386 2756 3496 nur xxx xxx nadod asgnugmihsf nammen»g asde »f.
648 3443 1267 3540 «niaf chon oaî mafsib nn nou asilioB
669 3448 2756 3644 wenn ich nachlänge entworbenen kroft abuschafft worden, nach zuenden, und nur namden ich wird oder nachmahl abnebratim-
