3085 4071
1176 277 1350 437 851
812 353 2314 595 S. Fischer/Verlag / A.-G. Berlin W57
1307 562 1850 660 Theaterabteilung
581 603 2578 766 Bankkonto: Deutsche Bank, Depositenkasse P in Berlin / Postscheckkonto; Berlin Nr. 16692
1032 676 2135 766 Fernsprechanschlüsse: Amt Lützow Nr. 6162 bis 6164
986 725 2165 891 Telegramm - Adresse: Fischerverlag 6162, Berlinlützow
1418 793 1757 907 Bülowstraße 90
2249 801 2836 989 Den 9. März 1928
1486 812 1961 1168 Eugen
603 907 839 1084 Ma/He.
2195 953 2697 1171 Relgier
1915 983 2124 1184 Wyn
913 1108 1119 1274 Herrn
1122 1192 2173 1396 Dr. Arthur Schnitzler
2216 1326 2757 1486 W i e n XVIII
2225 1456 2828 1643 Sternwartstr. 71.
1290 1662 2192 1866 Sehr geehrter Herr Doktor!
989 1741 2906 1967 Unser belgischer Vertreter sendet uns untenstehende Mit¬
723 1937 2388 2092 teilung. Wir bitten um freundliche Stellungnahme.
1290 2045 1869 2206 Mit bestem Gruss
1472 2184 1611 2265 Ihr
1603 2293 2100 2475 Dr Simeen
720 2624 2904 2792 Copie: Wir erhielten Ihr wertes Schreiben des 1.d.M. Der Einsame
951 2711 2877 2898 Weg ist tatsächlich in Antwerpen gespielt worden. Da uns
964 2822 2969 3026 jedoch dieses Werk seinerzeit von Karozag aufgegeben wurde,
962 2958 2893 3110 waren wir in der Meinung natürlich, dass es dieser Firma
967 3061 2961 3249 gehörte und haben es dann auch an Karozag rechtzeitig seit
981 3189 1850 3398 vorigem Monat verrechnet.
