3085 4071
1501 274 1622 504 85
954 660 1325 919 site
1772 789 1881 928 by the
1423 689 1789 939 Rado
1827 859 2512 1069 Berlin, den 28.3.28.
573 962 824 1106 Ma/Hb.
988 1127 1219 1230 Herrn
1236 1190 1933 1331 Gustav Linden,
1956 1248 2610 1484 Lilia Baltgpran 8.
605 1518 1527 1801 Sehr geehrter Herr Linden!
1498 1614 2824 1809 Der Aktiebolaget Radiotjänst.Stockholm
634 1758 1438 1994 schreibt uns Folgendes:
841 1847 2821 2034 Nach schwedischer Hechtsauffassung ist eine Rundauführung
645 1899 2965 2106 eines dramatischen Stücken als Bezitation zu betrachten, welche nach
648 2005 2740 2164 unserm Gesetz nicht geschützt ist. Wir haben indessen mit dem
651 2051 2795 2219 schwedischen Antonanverein vihe Uebereinkunft, nach welcher wir
654 2083 2904 2273 nach einer gewissen Taxe die Autoren, welche in unseren Programmen
666 2172 2717 2319 vorgetragen worden sind, honorieren. - Demgemäss haben wir de
666 2230 2867 2374 Vertreter des Uebersetzungsrecht des „paracelsus“ von Schnitzler,
648 2288 2645 2446 Herrn Gustaf Linden, ein Honorar von 50 Kronen zugestellt.
994 2360 2852 2527 Wir bitten um Nachricht, ob diese Angaben auf Wahrheit
671 2443 2795 2685 beruhen und ob der Betrag Ihnen zugegangen ist. Wir betrachten
677 2584 2763 2806 die Handlungsweise der Aktiebolaget Radiotjänst in Falle sie
674 2677 2734 2884 den Autor nicht entschädigen will, als glatten Diebstahl und
683 2806 2801 2985 bitte, ihr davon Kenntnis zu geben. Andernfalls fragen xxx wir
692 2904 2806 3135 Sie, ob Sie auch der Meinung sind, ob der Uebersetzer Anspruch
697 3048 1945 3262 auf Honorar hat und nicht der Autor.
1919 3097 2890 3302 Mit vorzüglicher Hochechtung
