2903 3991
1134 234 1321 401 2525
1085 369 1275 496 M524
271 389 2435 623 S. Fischer/Verlag/Berlin W 57/Bülowstrasse 90
502 600 2213 759 Bankkonto: Deutsche Bank. Depositenkasse P in Berlin / Postscheckkonto. Berlin Nr. 16692
776 652 1939 785 Fernsprechanschlüsse: Amt Lützow Nr. 1662. 6162 und 9292
1757 730 2152 935 18. Okt. 21
271 802 459 923 F/Si.
721 1016 1630 1229 Herrn Dr. Arthur Schnitzler
1919 1131 2106 1269 Wien
395 1316 886 1454 Lieber Freund,
476 1437 2484 1581 Harz ist verreist und kommt erst nächste Woche wieder, es war
352 1572 2449 1691 also bisher nicht möglich, ihn zu sprechen. Ich muss mit ihm vor
355 1610 2637 1812 allen Dingen die gensurfragen feststellen, denn einem offiziellen geord-
349 1754 2617 1895 neten Vertrieb kann ich doch garnicht ohne Klärung dieser Sache über-
355 1841 2672 1988 nehmen. Ich schreibe Ihnen darüber sobald ich mit Harz gesprochen habe.
450 1968 2487 2132 Mit Specht ist die Sache im gange; ich hoffe, dass er bis Ende
364 2080 1743 2230 dieses Jahres das Manuskript liefern kann.
456 2109 2478 2340 Alle anderen Angelegenheiten beantwortet die Theaterabteilung.
1229 2311 1852 2458 Mit besten Grüssen
1333 2435 1468 2545 Ihr
1382 2470 2066 2689 Fescher
378 2692 2562 2943 3 Exemplare Ihrer Gesamtausgabe senden wir, sobald wir die Ausfuhr-
473 2882 1760 3021 bewilligung in Händen haben, an Sie ab.
