2838 4007
891 502 1634 658 Abschrift
1263 634 1496 743 ===== ̃
1041 711 1481 817 Eheaterabte
1496 717 2484 914 Charlottenburg, den 2.4.21.
1215 791 1478 929 G.C.F.P.
1103 1127 2552 1283 Ich habe die Angelegenheit der besprochenen
227 1266 2457 1378 Reigen-Tourné nochmals eingehend durch den Kopf gehen lassen, und
233 1357 2519 1499 bei der Aufstellung der entstehenden Kosten und bei Berücksichtigung
239 1469 2510 1587 der ganzen unsicheren Situation bin ich doch nach reiflicher UEber-
233 1552 2543 1723 legung zu dem Entschluss gekommen, von dem Projekt Abstand zu nehmen.
879 1682 2564 1829 Bei einer künstlerischen Ausführung des Gastspiels
242 1782 2487 1918 komme ich auf einen Tagesetat von 5000. -- bis 5000 Mark. Bei dieser
260 1885 2431 2053 Summe kann ich nur dann auf einen Verdienst rechnen, wenn ich in
236 2012 2496 2212 mehreren grösseren Städten längere Zeit ausserordentliche Einnahmen
245 2139 552 2295 erziele.
917 2171 2661 2369 Ich möchte Ihnen deshalb vorschlagen, die Abschlüsse
254 2307 2628 2466 selbständig zu treffen und den einzelnen Bewerbern vielleicht mitzutei-
260 2454 2602 2646 len, dass das Kleine Schauspielhaus bereit ist, wegen eines Gastspiels
283 2587 1204 2723 in Verhandlungen zu treten.
1215 2617 2174 2814 Mit vorzüglicher Hochachtung
1233 2744 2024 2968 gez.: Maximilian Sladek
