3051 3975
2513 325 2926 531 24 11 12
393 396 599 526 2. Blatt
1157 363 2040 528 S. FISCHER/VERLAG
590 768 2846 865 bezahlt wurden, auch in Valuten verrechnen. Dabei wird sich die Not-
593 865 2967 986 wendigkeit ergeben, für die Monate April - Juni die bereits in deutscher
588 954 2843 1063 Währung bezahlten Exemplare, nun noch einmal in Valuten zu bezahlen,
2102 1057 2474 1122 (A)
593 1075 2952 1205 wogegen wir diese Exemplare zum Verkauf im Inland als abgegolten heraus
590 1175 2890 1302 nehmen müssen. Für Juli haben Sie die in Oesterreich verkauften Exem-
593 1281 2790 1408 plare in österreichischer Währung bereits verrechnet bekommen; wir
2834 1379 2964 1521 wähs
588 1391 2808 1494 müssen demnach für diesen Monat noch die andern valuten verrechnen,
590 1497 2787 1624 rend August - Oktober, für die Sie Abrechnungen noch nicht bekommen
862 1577 1196 1642 A.T.A.
590 1612 2761 1709 haben, die Valuten nach den Einnahmen voll verrechnet werden. Bei
596 1698 2899 1804 dieser Gelegenheit wird sich für Sie ohne weiteres feststellen lassen,
599 1801 2787 1928 wieviel Exemplare nach dem Ausland verkauft und bereits verrechnet
599 1904 2796 2034 sind. Ich schrieb Ihnen bereits, dass wir die valuten-Einnahmen am
593 2008 2784 2141 besten vom Erlös in Originalvaluten verrechnen werden und zwar mit
593 2090 2412 2206 16 % vom broschierten und 25 % vom gebundenen Exemplar.
868 2191 1612 2253 Aufgenommen werden.
735 2211 2849 2321 Sie schrieben in einem Ihrer Briefe, unsere Verträge wären durch
599 2318 2826 2436 die mannigfachen Änderungen «abgebröckelt». Nun, das ist wohl durch
611 2433 2793 2533 den Zwang der Verhältnisse bei allen Verträgen, die in Deutschland
602 2542 2704 2654 geschlossen wurden, notwendig geworden. Ich bin vom Vertrag nie
602 2657 2740 2746 abgewichen, ohne dass eine Vereinbarung über solche Abweichungen
599 2749 2787 2864 zwischen uns getroffen worden wären. Die gegenwärtige Vereinbarung
1621 2820 2769 2932 eine zwangsläufige, die im Vertrag
605 2831 1630 2970 wegen der Valuten, ist ja auch
1621 2902 2232 2988 3. außerden.
608 2938 2941 3071 nicht vorgesehen ist. Haben Sie in dem einen ander anderen Fall Wünsche
611 3035 2867 3156 wegen Verwertung einer Arbeit in irgend einer andern Form gehabt, so
602 3156 2864 3271 bin ich immer bereit gewesen, Ihren Wünschen nachzukommen; ich würde
611 3233 2917 3387 es auch in dem Falle „Reklam" tun, wenn Sie unsern Vertrag nicht prin-
605 3333 2952 3481 zipiell bestreiten. Wo sollte es hinkommen, wenn wir nicht gegenseitig
596 3469 2890 3578 bemüht bleiben, das Rechtsverhältnis, auch unter schwierigen Verhalt-
608 3558 2855 3688 nissen, auf eine loyale Weise aufrecht zu erhalten. Jedenfalls muss
