3133 4219
481 654 2102 858 diese Zentralisierung auf Ihren Wunsch gewissen
2187 811 2621 940 sind, ist ein
393 842 2162 980 unterliegt, übersdte wir diese ja vollständig im kiären
2467 911 2646 1024 seinem
314 908 2250 1072 vortragsdatall, das die Bedingungen des Abkommens, nicht
292 1050 2357 1166 Grundcharakter betrifft. Sinn des Abkommens kann doch aber
236 1138 2451 1342 kein anderen sein, dieses, trotz der bestehenden Beschränkung
346 1229 2561 1424 und innerhalb ihrer seine wirklichen Wirksamkeit in Amerika zu
305 1364 2558 1515 bringen. (Meine Befürchtung, dass Sie mit diesen Gesichtspunkten
239 1449 2621 1640 möglicherweise nicht übereinstimmen könnten, liess mich so ausführ-
308 1593 2593 1716 lich werden, was Sie gütigst verzeihen wollen. Jentem neb xxx die
289 1634 2662 1820 Jnstev us im Mit "Reigen "Hamburger Kammerspiele steht es nun so,
217 1776 2577 1945 dass Ziegel Mk. 30000.— seiner Schuld (die sich auch auf andere
355 1889 2602 2030 Autoren bezieht) har beglichen, ferner ein Äkzeptüber Mk. 10000.-
167 1992 2668 2184 am 3. Juli eingelöst hat. Die ersten Mk. 20000. — sind Ihnen bereits
220 2071 2743 2297 in der jetzigen Quartalsabrechnung (unter entsprechender Repartierung
258 2234 2596 2373 auch auf die anderen beteiligten Autoren, (die aber nur sehr wenig
317 2341 2712 2479 - zu erhalten haben) verrechnet worden. Die jetzt bezahlten Mk. 100004
229 2457 2580 2599 sowie zwei noch ausstehende durch Akzept gesicherte Zahlungen von
233 2542 2426 2696 je Mk. 10000.—, die am 3. August und 3. September zu leist
233 2662 2341 2816 werden in unserer nächsten Abrechnung vorkommen. Da Ziege
207 2772 2457 2929 Akzepte immer eingelöst hat zweifle ich nicht daran, dass wi-
245 2888 2146 3026 im September die gesamte Schuld eingetrieben haben
245 2982 1697 3146 J im febuch nemlig Die einzelne kleinen Be
233 3121 1508 3281 die Sie selbst vorgenommen haben,
220 3224 1232 3391 diese ein oder zwei Fichtigeren
327 3331 1034 3498 demnächst zu sprech
223 3444 958 3623 durch eingefehlungen an.
248 3573 845 3743 Jt eigtaoldadfeß xxx
