2903 3991
1961 280 2533 474 D'O.S.B.V.
2002 390 2256 511 G.C.H.F.P.
794 471 2455 690 Was Ihr Verlangen nach einem sofortigen Abzug der
555 546 777 714 G.C.H.F.P.
2091 621 2453 673 (V-V-O) 1/2? rt rtahrlt:t. p.r vn.
329 653 2487 818 Provision bei Auslandszahlungen anbetrifft, so erlaubte ich mir
740 760 1187 829 Mais elle lʼautre avoir vos même
350 757 2574 927 schon früher darauf hinzuweisen, dass dadurch technische Schwierig-
335 858 2565 1028 keiten entstehen und leicht Verwirrungen geschaffen würden. Es ist
350 959 2476 1124 durchaus nicht immer so einfach, die ausländischen Vertreter zu
352 1043 2661 1233 Zahlungen an eine beliebige Ihnen aufgegebene Adresse zu veranlassen.
355 1167 2669 1314 Es ist dies keine vertragliche Pflicht, sondern nur eine Gefälligkeit
355 1283 2640 1418 von ihnen, die zu erweisen, sie mir schon mehr als einmal verweigert
361 1381 2502 1511 haben. Wird nun noch von ihnen verlangt den Betrag zu teilen, so
367 1462 2476 1649 vermehren sich natürlich die Schwierigkeiten und ich könnte für
1713 1551 1837 1618 que le suivant
370 1586 2577 1713 eine regelmässige Erledigung nicht mehr einstehen. Ausserdem liegt
373 1670 2542 1814 ja diese Teilung garnicht in Ihrem Interesse, da die Ueberweisung
376 1788 2525 1933 solcher Gelder direkt von Ausland zu Ausland in voller Höhe des
367 1895 2687 2028 Betrages ja nur zu Ihren Gunsten ist. Wir müssen doch annehmen, dass
376 2002 2591 2169 die tunlichste Erhöhung Ihres Auslandsguthabens Ihnen nur angenehm
384 2120 2684 2259 sein kann. Um Ihnen jedoch den Beweis zu liefern, dass die Umrechnung
378 2227 2692 2366 der Provisionen hier auf das genaueste nach dem Kurse erfolgt, der an
393 2331 2542 2470 dem Dage der Ueberweisung in Geltung war, sind wir bereit, Ihnen
393 2424 2609 2597 jeweils einen von der deutschen Bank ausgefertigten Beleg über den
393 2539 2571 2695 betreffenden Tageskurs zu übersenden. Als Stichtag gilt derjenige
393 2640 2583 2825 Tag, an welchem die Mitteilung von der erfolgten Ueberweisung an
396 2750 2643 2912 uns in Kopenhagen, Stockholm usw. abgegangen ist. Die Feststellung
399 2860 2614 3013 geschieht stets nach dem Poststempel. Ich hoffe, dass Sie sich
402 2949 2629 3131 mit dieser Hegelung einverstanden erklären werden und zeichne
404 3056 2635 3227 in vorzüglicher Hochachtung als Ihr
820 3166 2447 3322 ergebener /
2467 3155 2603 3273 décembre
682 3259 2568 3449 Krassenu
1921 3391 2637 3533 and δΟΙΙον
