3000 3800
570 503 2768 697 ergeben, wobei wir Ihnen die Umrechnung nach den Wiener kurs anheim-
532 648 1036 755 stellen würden.
940 674 1782 787 xxx xxx
622 738 2759 900 wenn ich das Mass von Arbeit bedenke, das, wie ich glaube, noch
1342 830 1435 882 G.C.F.P.
1076 824 1267 900 G.C.F.P.
691 836 986 914 G.C.F.M. N.P.
659 853 2716 972 von einem Verleger aufgeboten wurde, um Ihnen über die Valuten
524 848 616 957 ni.
992 937 1128 1007 G.C.F.P.
278 943 422 1047 G.C.F.P.
518 934 2814 1070 Rechenschaft zu geben, so werden Sie vielleicht finden, dass es nicht
1365 1038 1484 1099 G.C.F.P.
1064 1044 1252 1111 G.H.F.P.
518 1067 2704 1174 im Verhältnis zur Sache steht. Immerhin, vielleicht führt es dazu,
1854 1131 2352 1203 vollten
978 1145 1380 1212 G.C.H.F.D'H.P.D.
691 1154 810 1215 G.C.F.P.
521 1148 2667 1316 dass wir jetzt einen einfachen Modus vereinbaren wie ich ihn am
758 1252 1267 1319 G.C.H.F.K.P.
518 1276 1924 1420 Eingang meines Briefes vorgeschlagen habe.
2074 1270 2360 1406 G.H.F.P.
402 1331 495 1449 G.C.F.P.
616 1342 2812 1475 Lassen Sie mich bitte sogleich wissen, ob ich die Ueberweisung der
1073 1449 1493 1524 G.C.H.F:H.H:H:D'H:A:H
827 1458 966 1530 G.C.F.P.
524 1469 2751 1617 oesterr. und tschech. Kronen auf Ihr Konto, in Wien veranlassen soll,
683 1565 871 1628 G.C.H.F.P.
529 1600 2684 1721 desgleichen ob Sie die 2412 schw. Franken in Berlin, oder auf Ihr
2476 1649 2751 1715 ersteren
518 1663 2788 1834 Konto bei einer schweizer Bank überwiesen haben wollen. Im letzteren
529 1782 2858 1921 Fall müsste ich Sie bitten, mir für das Berliner Finanzamt einen Brief
529 1863 2823 2005 zu schreiben, in welchem Sie die Ueberweisung dieser Summe in schwei-
524 2013 2728 2120 zer Franken auf das in Frage stehende Konto wünschen, denn ich be-
524 2059 2820 2230 komme nur auf diesem weg die Erlaubnis schweizer Franken auszuführen.
1189 2216 2765 2381 Mit herzlichem Gruss
593 2271 709 2383 G.H.F.P.
1215 2314 2869 2479 Ihr ergebener
393 2381 480 2490 G.P.
1692 2435 2271 2560 G.C.H.F.P.
1484 2447 1643 2560 G.C.F.P.
633 2467 758 2597 G.H.F.P.
2378 2464 2846 2612 entrag
1637 2525 2193 2650 G.C.H.F.P
498 2545 1964 2696 P.S. Da es sich um kleinere Summen in öst
1955 2609 2051 2693 Hry
1955 2615 2745 2722 err. und tschech. Währung,
587 2664 2676 2751 handelt, haben wir diese Beträge auf Ihr Konto bei der Bodenkredit-
599 2731 2678 2800 anstalt in Wien überwiesen. Haben Sie in der Schweiz ein Bankkonto
596 2785 2722 2852 so könnte der Schweizer Frankenbetrag von Fr. 2412.- direkt von unser
593 2832 2560 2907 Schweizer Bankkonto auf Ihr Konto dort überwiesen werden. Wen
593 2895 2314 2994 aber diesen Betrag in Berlin einzahlen sollen, so wäre
593 2950 1519 3034 für das Finanzamt notwendig.-
1545 2985 1660 3072 G.H.F.P
1226 3002 1400 3078 G.H.F.P
529 3020 636 3092 G.C.F.P.
703 3005 2164 3162 wegen des Vertrages schreibe ich Ihnen morgen.
286 3112 405 3234 G.C.P.
703 3107 2039 3269 Mit Ihrem Vorschlag betreffend eine Ausge-
587 3190 1209 3318 ich einverstanden.
