3125 4122
1032 135 1940 344 O05 est sur le
798 241 2267 435 S. Fischer/Verlag / A.-S.=Berlin W 57
1265 393 1800 560 Theaterabteilung
553 472 2527 671 Bankkonto; Deutsche Bank, Depositenkasse P in Berlin / Postscheckkonto: Berlin Nr. 166 92
995 602 2098 656 Fernsprechanschlüsse: Amt Lützow Nr. 6162 bis 6164
931 624 2127 725 Telegramm - Adresse: Fischerverlag 6162, Berlinlützow
1368 695 1719 776 Bülowstraße 90
1781 690 2412 845 Berlin, den 6.3.29
951 720 1181 847 Ma/Hb.
1154 958 1366 1066 Herrn
1348 1068 2464 1255 Dr. Arthur Schnitzler,
2142 1226 2623 1346 W i e n XVIII
2100 1309 2726 1452 Sternwartestr. 71.
1024 1535 1697 1744 Lieber Herr Doktor!
1368 1651 2626 1818 Ich habe gestern bei Ihnen angerufen,
806 1783 2739 1965 weil mich Herr Dr. Klein dringend ersuchen liess, Im Laufe
811 1896 2771 2034 des Tages noch Ihre Entscheidung darüber zu beschaffen, ob
808 2024 2574 2179 Sie Dr. Klein für die nächste Spielzeit den Einakter
818 2137 2704 2267 "Die letzten Masken" und zwar mit 3% überlassen wollten.
806 2250 2719 2402 Ich habe, da Sie nicht zugegen waren, gebeten, mir tele-
813 2336 2707 2491 graphisch Weisung zugehen zu lassen, die mir aber bisher
806 2478 1545 2613 nicht zugegangen ist,
1388 2471 2653 2717 Gegen Italien gehe ich also auf Grund
811 2680 1449 2830 Ihrer Weisung vor.
1484 2854 2272 3080 Mit herzlichen Grüssen
1589 3056 2071 3196 Ihr ergebener
1975 3178 2166 3365 uen
