3288 4199
1467 302 1584 474 86
845 389 2263 628 d. Fischer / Verlag / A.=G. Berlin W 57.
540 594 2502 748 Bankkonto: Deutsche Bank, Depositenkasse P in Berlin / Poatscheckkonto; Berlin Nr. 1669
966 673 2106 748 Fernsprechanschlüsse: Amt Lützow Nr. 6162 bis 6164
1346 721 1726 824 Bülowstraße 90
996 782 2103 954 Telegramm.Adresse: Fischerverlag 6162 Berlinlützow
2179 881 2538 1053 29. Jan. 27
468 854 664 1098 F/8i.
742 1089 1693 1295 Herrn Dr. Arthur Schnitzler
2248 1222 2426 1370 Wien
522 1325 1032 1506 Lieber Freund,
637 1409 2619 1596 es hat sich herausgestellt, dass von „Casanovas Heimfahrt“
510 1563 2683 1705 der ganze Vorrat von 4 700 Exemplaren nur gebunden vorhanden ist.
507 1687 2680 1853 Unter diesen Umständen wäre es eine grosse Materialverschwendung,
507 1771 2815 1928 4 700 Exemplare zu vermakulieren. Wir haben daher mit einem Zwischen-
513 1901 2683 2049 händler wegen Verkauf der ganzen Partie gesprochen; was wir dafür
507 1982 2731 2142 bekommen können ist sehr wenig, es sind 37 Pfg. pro Exemplar, alsq
2323 2082 2719 2158 Gesammt
516 2127 2800 2248 etwa so viel wie der Einband kostet. Wir würden Ihnen vom Erlös 20 %
519 2218 2737 2345 anbieten, das macht auf Ihren Teil etwa 350 M aus. Wären Sie damit
519 2272 2921 2453 einverstanden, dass wir die Sache so regeln? Die Neuausgabe des Buches
522 2435 2945 2562 könnten wir allerdings erst im nächsten Frühjahr machen, damit die alten,
522 2517 2770 2646 im Preis herabgesetzten Exemplare, den Verkauf der Neuausgabe nicht
519 2610 2803 2836 ungünstig beeinflussen. Inzwischen haben wir ja noch die illustriert
516 2743 1141 2894 Ausgabe auf Lager.
607 2836 2731 2963 Dr. Maril ist in Wien zur Uraufführung von zwei Stücken unseres
534 2933 2800 3126 Verlages. Er wird Sie besuchen und wegen der eventuellen Uebernahme
531 3042 2420 3217 beiden Bände von Zsolnay und Ullstein mit Ihnen sprechen.
1587 3183 2115 3319 herzlichen Grüs
1587 3295 2076 3380 S. FISCHER, VERLAO
1614 3361 2064 3488 AKTRENGESELISCHAFT
1853 3416 1986 3488 vz
2224 3380 2438 3573 Mr
1955 3416 2206 3612 für
