3025 3800
870 258 1405 412 Verlag / Be:
1448 215 1689 409 lin
2253 243 2342 404 ra.
2196 389 2324 521 1669
907 375 1720 472 Deutsche Bank. Depositenkasse P in Berlin /
1051 464 1812 590 rechanschlüsse: Amt Lützow Nr. 1662. 6
2170 504 2465 704 14. April
968 770 1886 933 Herrn Dr. Arthur Schnitzler
2233 905 2390 1010 en
2339 896 2470 1051 G.H.F.P
618 990 1426 1156 ehr geehrter Herr Doktor,
656 1105 2674 1297 in unserm Schreiben vom 6. April erwähnten wir die Bemühungen,
584 1228 2777 1385 e dauernd bezüglich einer Gesamtausgabe Ihrer Werke im Gange sind.
535 1314 2685 1483 Nun erhalten wir heute den in Uebersetzung beiliegenden Brief der
521 1417 2800 1600 schon von uns angeführten Firma Brandt & Kirpatrick, New-York, den wir
524 1551 2791 1677 als sehr vertrauenswürdig bezeichnen durfen. Wie Sie aus diesem Brief
530 1623 2828 1826 gefälligst ersehen wollen, verdichtet sich der Plan zu festeren Formen,
524 1743 2814 1881 sodass es unserer Ansicht nach angezeigt wäre, andere Verhandlungen
532 1843 2822 1981 zunächst dilatorisch zu führen, solange der in dem Schreiben der Firma
530 1924 2742 2092 Brandt & Kirpatrick angekündigte definitive Vorschlag nicht in unsern
527 2058 2665 2201 Händen ist. Wir hoffen, dass Sie darin mit uns übereinstimmen und
544 2155 2651 2304 ersuchen höflichst, uns mitzuteilen, welchen weiteren Bescheid wir
552 2264 2582 2433 an Brandt & Kirpatrick senden können. Eine Sicherheit dafür, da
535 2359 2671 2525 schwebende Plan sich verwirklichen wird, kann natürlich auch jetzt
535 2439 2462 2579 nicht gegeben werden; an dem Eifer und dem grossen sachlich
2064 2553 2267 2668 kann er
547 2573 1778 2757 das Brandt & Kirpatrick an dieser Sach
558 2691 965 2802 felt werden.
681 2739 1549 2908 In dem Brief von Brandt & Wien.
570 2868 1426 3017 leger, der verschiedene Ihnen
595 2974 1328 3106 kung auf die neuen. Zu
595 3083 1222 3209 der Firma mitgeteilt
613 3195 959 3303 ventuell ein-
