<?xml version="1.0" encoding="UTF-8" standalone="yes"?>
<PcGts xmlns="http://schema.primaresearch.org/PAGE/gts/pagecontent/2013-07-15" xmlns:xsi="http://www.w3.org/2001/XMLSchema-instance" xsi:schemaLocation="http://schema.primaresearch.org/PAGE/gts/pagecontent/2013-07-15 http://schema.primaresearch.org/PAGE/gts/pagecontent/2013-07-15/pagecontent.xsd">
    <Metadata>
        <Creator>prov=READ-COOP:name=TrHtr:version=2.1.0:model_id=51170:date=27_07_2023_22:33</Creator>
        <Created>2023-05-02T08:12:00.915+02:00</Created>
        <LastChange>2023-07-27T22:33:26.987+02:00</LastChange>
        <TranskribusMetadata docId="1416743" pageId="54955209" pageNr="681" tsid="131306362" status="IN_PROGRESS" userId="64420" imgUrl="https://files.transkribus.eu/Get?id=ZHPHEJQLEFFEZFFQLVKMWPVA&amp;fileType=view" xmlUrl="https://files.transkribus.eu/Get?id=UBLIPSCUSRIOZSEVDZDVTXZN" imageId="44458934"/>
    </Metadata>
    <Page imageFilename="1416743_0681.jpg" imageWidth="3068" imageHeight="3768">
        <ReadingOrder>
            <OrderedGroup id="ro_1711826632329" caption="Regions reading order">
                <RegionRefIndexed index="0" regionRef="tr_1"/>
            </OrderedGroup>
        </ReadingOrder>
        <TextRegion id="tr_1" custom="readingOrder {index:0;}">
            <Coords points="609,568 2224,568 2224,3455 609,3455"/>
            <TextLine id="tr_1_tl_1" custom="readingOrder {index:0;}">
                <Coords points="925,654 1123,692 1564,636 1807,646 2008,621 2009,545 1703,523 1423,579 1368,554 1155,615 1094,578 926,573"/>
                <Baseline points="934,629 937,629 982,629 1027,632 1071,629 1116,632 1161,635 1206,635 1251,635 1295,632 1340,632 1385,629 1430,629 1474,629 1519,632 1564,632 1609,635 1654,632 1698,632 1743,632 1788,629 1833,624 1878,621 1922,618 1967,618 2012,624"/>
                <TextEquiv>
                    <Unicode>Veluteinschlie bekommen und die</Unicode>
                </TextEquiv>
            </TextLine>
            <TextLine id="tr_1_tl_2" custom="readingOrder {index:1;}">
                <Coords points="836,718 1201,746 1407,708 1565,758 2045,700 2046,633 1586,634 1381,691 1123,694 836,644"/>
                <Baseline points="844,704 883,707 928,704 973,707 1018,707 1062,710 1107,710 1152,710 1197,710 1242,710 1286,710 1331,710 1376,710 1421,707 1465,707 1510,707 1555,707 1600,707 1645,707 1689,704 1734,704 1779,701 1824,698 1869,695 1913,692 1958,692 2003,689 2048,689"/>
                <TextEquiv>
                    <Unicode>Exemplare beiden einfach als Inlands</Unicode>
                </TextEquiv>
            </TextLine>
            <TextLine id="tr_1_tl_3" custom="readingOrder {index:2;}">
                <Coords points="839,829 1155,831 1435,779 1602,815 1811,770 2045,792 2046,699 1519,762 1417,726 1089,750 841,713"/>
                <Baseline points="850,773 883,776 928,779 973,779 1018,785 1062,785 1107,788 1152,788 1197,785 1242,785 1286,785 1331,782 1376,779 1421,779 1465,779 1510,779 1555,779 1600,776 1645,776 1689,776 1734,773 1779,770 1824,767 1869,767 1913,764 1958,767 2003,764 2048,761"/>
                <TextEquiv>
                    <Unicode>sitz verhucht. Dann eyckt sich die</Unicode>
                </TextEquiv>
            </TextLine>
            <TextLine id="tr_1_tl_4" custom="readingOrder {index:3;}">
                <Coords points="959,894 1265,902 1494,862 1690,897 1815,847 2041,857 2043,791 1759,828 1643,794 1483,833 1349,797 1243,846 1088,807 960,833"/>
                <Baseline points="967,859 970,859 1015,856 1059,865 1104,865 1149,868 1194,865 1239,865 1283,862 1328,862 1373,859 1418,859 1463,856 1507,853 1552,853 1597,853 1642,853 1686,850 1731,850 1776,847 1821,847 1866,847 1910,841 1955,838 2000,838 2045,838"/>
                <TextEquiv>
                    <Unicode>vann schreibt der Veilg sich diese</Unicode>
                </TextEquiv>
            </TextLine>
            <TextLine id="tr_1_tl_5" custom="readingOrder {index:4;}">
                <Coords points="828,967 1076,980 1193,944 1335,978 1491,934 1832,975 2038,952 2041,857 1814,849 1599,907 1488,859 1389,915 1330,886 1099,928 831,896"/>
                <Baseline points="838,946 877,946 922,946 967,946 1012,949 1056,946 1101,946 1146,946 1191,943 1236,940 1280,934 1325,937 1370,937 1415,934 1460,931 1504,931 1549,928 1594,928 1639,928 1683,928 1728,928 1773,928 1818,925 1863,922 1907,916 1952,913 1997,910 2042,904"/>
                <TextEquiv>
                    <Unicode>Exemplare gut. Wie fändere, dass es fol¬</Unicode>
                </TextEquiv>
            </TextLine>
            <TextLine id="tr_1_tl_6" custom="readingOrder {index:5;}">
                <Coords points="839,1041 1030,1028 1101,1068 1191,1023 1502,1015 1891,1060 2003,1028 2004,963 1956,946 1633,991 1528,944 1205,1001 841,965"/>
                <Baseline points="850,1018 889,1021 934,1021 979,1024 1024,1024 1068,1027 1113,1027 1158,1024 1203,1021 1248,1024 1292,1018 1337,1015 1382,1015 1427,1015 1471,1015 1516,1015 1561,1012 1606,1012 1651,1012 1695,1009 1740,1006 1785,1006 1830,1006 1875,997 1919,997 1964,991 2009,979"/>
                <TextEquiv>
                    <Unicode>sendermessen am Besten geht: da</Unicode>
                </TextEquiv>
            </TextLine>
            <TextLine id="tr_1_tl_7" custom="readingOrder {index:6;}">
                <Coords points="836,1102 962,1155 1151,1102 1247,1134 1383,1094 1730,1125 1865,1083 1983,1099 2025,1080 2027,1020 1883,1059 1596,1030 1472,1075 1378,1023 1191,1022 1102,1067 1031,1028 838,1041"/>
                <Baseline points="844,1101 865,1101 910,1104 955,1101 1000,1104 1045,1104 1089,1101 1134,1101 1179,1098 1224,1095 1268,1095 1313,1095 1358,1095 1403,1095 1448,1095 1492,1089 1537,1086 1582,1086 1627,1089 1672,1086 1716,1086 1761,1083 1806,1080 1851,1080 1895,1077 1940,1077 1985,1077 2030,1074"/>
                <TextEquiv>
                    <Unicode>das jetzige teifahren so sie so einmal</Unicode>
                </TextEquiv>
            </TextLine>
            <TextLine id="tr_1_tl_8" custom="readingOrder {index:7;}">
                <Coords points="836,1197 1959,1194 1985,1097 1525,1141 1389,1097 1236,1155 1117,1115 1004,1160 838,1104"/>
                <Baseline points="847,1176 868,1179 913,1179 958,1182 1003,1176 1047,1179 1092,1176 1137,1173 1182,1173 1227,1176 1271,1170 1316,1167 1361,1167 1406,1167 1451,1167 1495,1167 1540,1167 1585,1167 1630,1167 1674,1167 1719,1167 1764,1167 1809,1167 1854,1164 1898,1158 1943,1155 1988,1152"/>
                <TextEquiv>
                    <Unicode>eine genaue Abrechnung mit Be¬</Unicode>
                </TextEquiv>
            </TextLine>
            <TextLine id="tr_1_tl_9" custom="readingOrder {index:8;}">
                <Coords points="857,1276 1481,1288 1601,1247 2008,1231 2009,1170 1772,1170 1633,1218 1556,1186 1418,1222 1247,1194 859,1217"/>
                <Baseline points="865,1248 892,1251 937,1254 982,1254 1027,1256 1071,1256 1116,1256 1161,1254 1206,1251 1251,1251 1295,1251 1340,1251 1385,1245 1430,1242 1474,1245 1519,1242 1564,1239 1609,1242 1654,1242 1698,1242 1743,1239 1788,1233 1833,1230 1878,1227 1922,1221 1967,1215 2012,1212"/>
                <TextEquiv>
                    <Unicode>Hendseufnehme — verkauft halb —</Unicode>
                </TextEquiv>
            </TextLine>
            <TextLine id="tr_1_tl_10" custom="readingOrder {index:9;}">
                <Coords points="862,1344 1152,1356 1522,1307 1867,1347 2016,1312 2017,1249 1456,1289 863,1275"/>
                <Baseline points="871,1322 901,1319 946,1319 991,1316 1036,1316 1080,1316 1125,1316 1170,1313 1215,1316 1259,1316 1304,1316 1349,1316 1394,1316 1439,1313 1483,1310 1528,1307 1573,1307 1618,1307 1663,1307 1707,1304 1752,1301 1797,1298 1842,1298 1886,1292 1931,1289 1976,1289 2021,1286"/>
                <TextEquiv>
                    <Unicode>1 Theilich - erfordert – wird die Gut¬</Unicode>
                </TextEquiv>
            </TextLine>
            <TextLine id="tr_1_tl_11" custom="readingOrder {index:10;}">
                <Coords points="860,1409 971,1439 1157,1389 1306,1420 1833,1377 1974,1414 1977,1317 1670,1356 1528,1306 1228,1360 862,1344"/>
                <Baseline points="871,1388 904,1391 949,1391 994,1394 1039,1394 1083,1391 1128,1388 1173,1388 1218,1385 1262,1388 1307,1388 1352,1388 1397,1385 1442,1385 1486,1379 1531,1379 1576,1379 1621,1379 1666,1379 1710,1376 1755,1373 1800,1370 1845,1370 1889,1370 1934,1370 1979,1367"/>
                <TextEquiv>
                    <Unicode>schrift in diesen Seldo unt auf¬</Unicode>
                </TextEquiv>
            </TextLine>
            <TextLine id="tr_1_tl_12" custom="readingOrder {index:11;}">
                <Coords points="862,1493 923,1467 1244,1496 1522,1457 1590,1507 1736,1452 1909,1452 1911,1396 1709,1431 1530,1389 984,1438 863,1410"/>
                <Baseline points="871,1465 883,1465 928,1465 973,1465 1018,1468 1062,1468 1107,1468 1152,1468 1197,1468 1242,1463 1286,1460 1331,1460 1376,1460 1421,1460 1465,1457 1510,1454 1555,1451 1600,1451 1645,1454 1689,1454 1734,1451 1779,1448 1824,1445 1869,1445 1913,1445"/>
                <TextEquiv>
                    <Unicode>genommen; der Verlag ist sich</Unicode>
                </TextEquiv>
            </TextLine>
            <TextLine id="tr_1_tl_13" custom="readingOrder {index:12;}">
                <Coords points="865,1549 1322,1549 1388,1586 1673,1533 1893,1552 2032,1530 2033,1462 1817,1452 1588,1509 1439,1459 1123,1515 867,1493"/>
                <Baseline points="874,1537 916,1543 961,1543 1006,1546 1050,1543 1095,1543 1140,1540 1185,1540 1230,1540 1274,1543 1319,1543 1364,1537 1409,1531 1454,1531 1498,1531 1543,1528 1588,1528 1633,1528 1677,1528 1722,1522 1767,1522 1812,1522 1857,1522 1901,1522 1946,1522 1991,1519 2036,1519"/>
                <TextEquiv>
                    <Unicode>darüber klar, dass eine sofortige und</Unicode>
                </TextEquiv>
            </TextLine>
            <TextLine id="tr_1_tl_14" custom="readingOrder {index:13;}">
                <Coords points="1764,1615 1886,1611 1940,1644 1990,1619 2004,1632 2040,1638 2043,1525 1964,1523 1932,1540 1917,1535 1898,1549 1854,1549 1841,1559 1807,1535 1793,1544 1767,1535"/>
                <Baseline points="1772,1613 1776,1609 1821,1600 1866,1600 1910,1600 1955,1600 2000,1597 2045,1591"/>
                <TextEquiv>
                    <Unicode>Lütschrift</Unicode>
                </TextEquiv>
            </TextLine>
            <TextLine id="tr_1_tl_15" custom="readingOrder {index:14;}">
                <Coords points="879,1643 1485,1646 1769,1611 1770,1551 1540,1548 1391,1586 1289,1560 1149,1599 881,1562"/>
                <Baseline points="889,1618 919,1624 964,1624 1009,1624 1053,1624 1098,1624 1143,1621 1188,1624 1233,1624 1277,1624 1322,1624 1367,1621 1412,1621 1457,1618 1501,1618 1546,1615 1591,1615 1636,1612 1680,1612 1725,1606 1772,1613"/>
                <TextEquiv>
                    <Unicode>atte Exemplare umfassende</Unicode>
                </TextEquiv>
            </TextLine>
            <TextLine id="tr_1_tl_16" custom="readingOrder {index:15;}">
                <Coords points="1648,1648 1670,1646 1673,1651 1683,1644 1693,1644 1703,1656 1707,1654 1723,1667 1756,1667 1769,1612 1761,1609 1733,1617 1717,1614 1712,1619 1690,1614 1670,1623 1656,1620"/>
                <Baseline points="1660,1642 1680,1639 1725,1636 1772,1613"/>
                <TextEquiv>
                    <Unicode>G.C.H.P.</Unicode>
                </TextEquiv>
            </TextLine>
            <TextLine id="tr_1_tl_17" custom="readingOrder {index:16;}">
                <Coords points="1774,1657 1783,1656 1785,1651 1799,1659 1806,1657 1809,1652 1827,1656 1828,1652 1840,1651 1848,1641 1861,1638 1854,1609 1835,1609 1832,1614 1817,1611 1809,1617 1804,1612 1799,1614 1790,1607 1783,1607 1774,1617 1765,1619"/>
                <Baseline points="1772,1613 1815,1630 1860,1633 1863,1633"/>
                <TextEquiv>
                    <Unicode>Joulunge</Unicode>
                </TextEquiv>
            </TextLine>
            <TextLine id="tr_1_tl_18" custom="readingOrder {index:17;}">
                <Coords points="886,1728 1189,1754 1318,1696 1457,1730 1714,1683 1917,1709 2053,1696 2054,1632 1725,1669 1569,1623 1399,1633 1320,1680 1225,1636 888,1651"/>
                <Baseline points="895,1710 937,1710 982,1710 1027,1710 1071,1704 1116,1701 1161,1698 1206,1698 1251,1698 1295,1698 1340,1695 1385,1692 1430,1689 1474,1686 1519,1686 1564,1686 1609,1689 1654,1686 1698,1683 1743,1683 1788,1683 1833,1683 1878,1683 1922,1680 1967,1680 2012,1674 2057,1672"/>
                <TextEquiv>
                    <Unicode>nicht erfolgen soll, da es sich um</Unicode>
                </TextEquiv>
            </TextLine>
            <TextLine id="tr_1_tl_19" custom="readingOrder {index:18;}">
                <Coords points="883,1799 1094,1820 1159,1786 1246,1820 1391,1791 1449,1825 1575,1777 2041,1762 2045,1686 1457,1730 1388,1693 1189,1754 884,1727"/>
                <Baseline points="892,1779 925,1779 970,1779 1015,1779 1059,1785 1104,1779 1149,1779 1194,1779 1239,1779 1283,1779 1328,1776 1373,1770 1418,1767 1463,1764 1507,1764 1552,1764 1597,1761 1642,1758 1686,1758 1731,1755 1776,1755 1821,1752 1866,1752 1910,1752 1955,1749 2000,1746 2045,1743"/>
                <TextEquiv>
                    <Unicode>keine ganige Anzell hendelt. Ich</Unicode>
                </TextEquiv>
            </TextLine>
            <TextLine id="tr_1_tl_20" custom="readingOrder {index:19;}">
                <Coords points="907,1877 1854,1867 2045,1853 2096,1794 1953,1751 1430,1827 1378,1794 1113,1830 910,1790"/>
                <Baseline points="916,1866 934,1869 979,1866 1024,1866 1068,1866 1113,1866 1158,1866 1203,1860 1248,1857 1292,1857 1337,1857 1382,1854 1427,1848 1471,1848 1516,1848 1561,1848 1606,1845 1651,1845 1695,1842 1740,1845 1785,1842 1830,1842 1875,1842 1919,1839 1964,1836 2009,1833 2054,1833 2098,1830"/>
                <TextEquiv>
                    <Unicode>vielme diesen Umstand um der</Unicode>
                </TextEquiv>
            </TextLine>
            <TextLine id="tr_1_tl_21" custom="readingOrder {index:20;}">
                <Coords points="896,1962 1412,1945 1470,1974 1696,1940 1814,1970 1859,1932 1964,1962 2082,1927 2085,1835 1949,1893 1864,1861 1289,1907 899,1875"/>
                <Baseline points="904,1946 919,1946 964,1946 1009,1949 1053,1949 1098,1946 1143,1943 1188,1943 1233,1943 1277,1940 1322,1937 1367,1937 1412,1934 1457,1934 1501,1934 1546,1931 1591,1931 1636,1931 1680,1928 1725,1925 1770,1925 1815,1922 1860,1919 1904,1919 1949,1913 1994,1910 2039,1904 2084,1904"/>
                <TextEquiv>
                    <Unicode>Genenigkeit regen, aber auch um</Unicode>
                </TextEquiv>
            </TextLine>
            <TextLine id="tr_1_tl_22" custom="readingOrder {index:21;}">
                <Coords points="1017,2074 1157,2040 1486,2072 1607,2017 2082,2024 2083,1966 1935,1941 1796,1975 1715,1941 1512,1982 1412,1946 1304,1987 1020,1966"/>
                <Baseline points="1027,2027 1056,2027 1101,2027 1146,2024 1191,2024 1236,2024 1280,2021 1325,2021 1370,2021 1415,2018 1460,2021 1504,2021 1549,2018 1594,2015 1639,2012 1683,2012 1728,2012 1773,2012 1818,2009 1863,2006 1907,2003 1952,2003 1997,2000 2042,1997 2087,1994"/>
                <TextEquiv>
                    <Unicode>zeigen, dass die Verhandlungen</Unicode>
                </TextEquiv>
            </TextLine>
            <TextLine id="tr_1_tl_23" custom="readingOrder {index:22;}">
                <Coords points="950,2166 1272,2112 2064,2140 2095,2132 2098,2008 2003,2058 1683,2074 1569,2033 1473,2080 1217,2046 1075,2087 952,2069"/>
                <Baseline points="961,2110 979,2110 1024,2113 1068,2116 1113,2113 1158,2110 1203,2110 1248,2110 1292,2110 1337,2110 1382,2110 1427,2107 1471,2107 1516,2107 1561,2107 1606,2107 1651,2107 1695,2104 1740,2104 1785,2098 1830,2098 1875,2098 1919,2095 1964,2093 2009,2093 2054,2090 2098,2084"/>
                <TextEquiv>
                    <Unicode>niger dadurch erschwert sind, dass</Unicode>
                </TextEquiv>
            </TextLine>
            <TextLine id="tr_1_tl_24" custom="readingOrder {index:23;}">
                <Coords points="921,2209 1067,2198 1205,2250 1293,2217 1706,2235 1882,2195 2032,2229 2053,2156 1772,2125 1636,2162 1489,2127 1068,2135 1017,2167 921,2143"/>
                <Baseline points="931,2194 937,2191 982,2194 1027,2194 1071,2197 1116,2194 1161,2194 1206,2191 1251,2191 1295,2191 1340,2191 1385,2188 1430,2188 1474,2185 1519,2185 1564,2185 1609,2188 1654,2191 1698,2191 1743,2188 1788,2188 1833,2185 1878,2185 1922,2185 1967,2185 2012,2182 2057,2182"/>
                <TextEquiv>
                    <Unicode>Dr Heily dire adr gene Forderung.</Unicode>
                </TextEquiv>
            </TextLine>
            <TextLine id="tr_1_tl_25" custom="readingOrder {index:24;}">
                <Coords points="921,2288 1165,2314 2006,2279 2064,2308 2158,2288 2158,2217 1914,2214 1859,2250 1485,2209 921,2256"/>
                <Baseline points="931,2278 976,2281 1021,2281 1065,2278 1110,2278 1155,2278 1200,2278 1245,2281 1289,2278 1334,2278 1379,2278 1424,2275 1468,2272 1513,2272 1558,2275 1603,2278 1648,2275 1692,2275 1737,2275 1782,2275 1827,2278 1872,2278 1916,2278 1961,2278 2006,2278 2051,2278 2095,2278 2140,2278 2161,2281"/>
                <TextEquiv>
                    <Unicode>welt amerkannt als sieleicht durch</Unicode>
                </TextEquiv>
            </TextLine>
            <TextLine id="tr_1_tl_26" custom="readingOrder {index:25;}">
                <Coords points="900,2371 1331,2401 1762,2366 2045,2408 2109,2385 2109,2296 900,2316"/>
                <Baseline points="910,2361 949,2361 994,2361 1039,2358 1083,2361 1128,2364 1173,2364 1218,2364 1262,2364 1307,2364 1352,2364 1397,2361 1442,2361 1486,2361 1531,2361 1576,2361 1621,2361 1666,2361 1710,2358 1755,2358 1800,2358 1845,2361 1889,2361 1934,2358 1979,2358 2024,2358 2069,2361 2113,2355"/>
                <TextEquiv>
                    <Unicode>der Umstand, das bei Bewilligung</Unicode>
                </TextEquiv>
            </TextLine>
            <TextLine id="tr_1_tl_27" custom="readingOrder {index:26;}">
                <Coords points="920,2455 1312,2455 1367,2492 1712,2446 2004,2466 2004,2403 1846,2374 1620,2416 1559,2384 1238,2413 1102,2367 988,2398 920,2371"/>
                <Baseline points="928,2442 934,2442 979,2442 1024,2442 1068,2445 1113,2445 1158,2448 1203,2445 1248,2448 1292,2448 1337,2448 1382,2451 1427,2451 1471,2451 1516,2448 1561,2448 1606,2448 1651,2445 1695,2442 1740,2442 1785,2439 1830,2439 1875,2442 1919,2439 1964,2439 2009,2439"/>
                <TextEquiv>
                    <Unicode>einer Forderung oder bei einer</Unicode>
                </TextEquiv>
            </TextLine>
            <TextLine id="tr_1_tl_28" custom="readingOrder {index:27;}">
                <Coords points="925,2530 1217,2571 1364,2529 1475,2587 1662,2584 1743,2535 1898,2587 2035,2556 2222,2584 2222,2485 2062,2455 925,2471"/>
                <Baseline points="934,2516 979,2519 1024,2522 1068,2522 1113,2525 1158,2522 1203,2522 1248,2522 1292,2525 1337,2525 1382,2528 1427,2522 1471,2525 1516,2525 1561,2525 1606,2525 1651,2522 1695,2522 1740,2525 1785,2525 1830,2522 1875,2522 1919,2525 1964,2522 2009,2525 2054,2525 2098,2528 2143,2528 2188,2525 2224,2525"/>
                <TextEquiv>
                    <Unicode>Einigung die Frage der Ausführung</Unicode>
                </TextEquiv>
            </TextLine>
            <TextLine id="tr_1_tl_29" custom="readingOrder {index:28;}">
                <Coords points="1951,2677 1970,2680 1995,2672 2014,2682 2051,2655 2074,2663 2108,2643 2140,2643 2137,2566 2116,2567 2091,2587 2049,2556 2024,2556 2004,2567 1975,2559 1964,2571 1948,2571"/>
                <Baseline points="1958,2618 2003,2624 2048,2621 2093,2624 2137,2627 2143,2627"/>
                <TextEquiv>
                    <Unicode>Scherk</Unicode>
                </TextEquiv>
            </TextLine>
            <TextLine id="tr_1_tl_30" custom="readingOrder {index:29;}">
                <Coords points="1015,2642 1104,2669 1214,2642 1325,2679 1506,2630 1557,2664 1720,2655 1820,2690 1919,2645 1919,2580 1756,2590 1703,2559 1552,2608 1336,2559 1015,2600"/>
                <Baseline points="1024,2627 1068,2627 1113,2630 1158,2630 1203,2630 1248,2630 1292,2630 1337,2630 1382,2630 1415,2627 1433,2624 1477,2627 1522,2627 1567,2630 1612,2627 1657,2627 1701,2627 1746,2630 1791,2624 1836,2624 1881,2624 1922,2630"/>
                <TextEquiv>
                    <Unicode>einenmäßig von Schick zu</Unicode>
                </TextEquiv>
            </TextLine>
            <TextLine id="tr_1_tl_31" custom="readingOrder {index:30;}">
                <Coords points="1117,2742 1214,2722 1331,2764 1383,2745 1409,2758 1467,2745 1515,2779 1591,2764 1591,2661 1557,2663 1522,2634 1448,2634 1325,2679 1214,2640 1176,2674 1117,2666"/>
                <Baseline points="1125,2722 1146,2717 1191,2720 1236,2720 1280,2722 1325,2722 1370,2722 1415,2720 1460,2722 1504,2720 1549,2720 1594,2720"/>
                <TextEquiv>
                    <Unicode>Schreibigkeit</Unicode>
                </TextEquiv>
            </TextLine>
            <TextLine id="tr_1_tl_32" custom="readingOrder {index:31;}">
                <Coords points="600,3445 636,3452 676,3478 705,3476 718,3463 750,3473 765,3466 789,3479 810,3471 829,3487 849,3487 849,3392 779,3387 742,3405 707,3384 654,3405 641,3392 628,3400 600,3387"/>
                <Baseline points="609,3445 653,3445 698,3442 743,3442 788,3442 833,3442 853,3445"/>
                <TextEquiv>
                    <Unicode>ware es</Unicode>
                </TextEquiv>
            </TextLine>
        </TextRegion>
    </Page>
</PcGts>
