3133 4058
626 882 2111 1147 ihrend der Dauer der nächstfolgenden 6 Monate
667 1041 2246 1255 betreiben, so bitten wir um baldigste Mitteilung
594 1173 2405 1352 bezüglichen Arbeiten sogleich in Angriff genommen werden
714 1285 2475 1455 Was die Novelle „ Casanova „ für die ungarische Sprach
579 1382 2593 1567 so haben wir, wie aus unserm Schreiben vom 12. da. M. hervorg.
588 1479 2570 1670 dings noch eine zweite Anfrage wegen dieses Ihres Werkes erhä¬
2778 1555 2875 1643 dind
603 1564 2725 1767 da es sich um eine Firma handelt, mit der wir eine intensivere Ve
600 1661 2966 1867 anknüpfen wollen, xxx vertrauenswürdiger erscheint als die erste,
612 1782 2805 1982 von der wir Ihnen am 6. Mai Mitteilung machten. Wir gedenken daher
603 1876 2869 2067 zunächst die zweite Angelegenheit weiter zu verfolgen und die erste
614 1987 2761 2205 so lange ruhen zu lassen, bis hinsichtlich jener eine Entscheidung
612 2084 2681 2276 folgt ist. Allerdings haben wir Ihnen den Vorschlag gemacht, für
623 2199 2661 2408 „ Casanova „ nur eine Pauschale von 1000 Mark, etwa 5 000 Krone
632 2299 2546 2499 verlangen, während Sie bei Beantwortung des ersten Falles
629 2408 2687 2596 Ladenpreis, einzelne Auflagen im Voraus zahlbar, sowie eine Garme
650 2514 2414 2702 von 10 000 Kronen fordern. Wir müssen gestehen, dass wir
653 2634 2137 2790 einer solchen Forderung für aussichtslos halte
656 2734 1952 2908 besteht für die ungarischen Verleger über
659 2858 1564 3037 Honorare zu bezahlen; aussen
673 2946 1461 3122 tion nicht angeschlossen.
673 3096 1273 3219 das Auftauchen und
750 3290 844 3399 soe
