2909 3928
1335 271 1479 503 36
606 398 2524 599 Fischer/Verlag/Berlin M 57/Bülowstrasse 90.
819 560 2332 693 Deutsche Bank, Depositenkasse P in Berlin / Postscheekkonto: Berlin Nr. 16692
895 642 2058 771 Fernsprechanschlüsse: Amt Lützow Nr. 1662, 6162 und 9292
1973 708 2425 895 29. April 21
395 723 590 922 Gr/si
816 895 1735 1121 Herrn Dr. Arthur Schnitzler
2139 985 2371 1208 Wien
524 1187 1413 1341 Sehr geehrter Herr Doktor,
566 1304 2750 1488 zu der Angelegenheit der amerikanischen Gesamtausgabe bemerken wir,
431 1440 2793 1585 dass unsere diesbezüglichen Ausführungen und Vorschläge von Ihnen sicht-
437 1548 2753 1708 lich missverstanden worden sind. Wir haben keineswegs in Anregung brin-
434 1630 2609 1804 gen wollen, dass Sie wegen der durch die Firma Brandt & Kirpatrick
443 1786 2642 1913 bestehenden Aussichten mit andern amerikanischen Verlegern nicht in
437 1835 2735 2000 Verkehr treten mögen. Wir hielten es lediglich auch in Ihrem Interesse
443 1955 2856 2103 für wünschenswert, wenn Ihre direkten Verhandlungen die Sie, wie wir nach-
452 2042 2802 2229 träglich hörten, durch Frau Paukner führen, so geleitet würden, dass Sie
452 2160 2805 2299 sich Ihre Entschlüsse vorbehalten bis andererseits auch der angekündigte
458 2280 2781 2419 definitive Vorschlag von seiten der Firma Brandt 4 Kirpatrick vorliegen
467 2377 2871 2500 würde. Wir kennen nicht die Bedingungen, die der Verlag Selzer Ihnen gegen
449 2461 2738 2600 über stellen wird, noch können wir heute beurteilen, was Brandt & Kir-
452 2591 2823 2711 Patrick in dieser Beziehung anbieten werden. Bei aller gebotenen Skepsis
464 2675 2883 2802 scheint es uns jedoch einzig und allein Ihr Interesse, tunlichst auf Grund
461 2778 2805 2916 zweier Angebote zu entscheiden, welches Sie wählen wollen. Wenn Brandt &
464 2874 2868 3019 Kirpatrick in Ihrem Briefe bemerken, dass sie auf diese Angelegenheit eine
482 3009 2853 3106 erkleckliche Zeit verwendet haben, so haben wir in dieser Bemerkung keine
491 3058 2729 3214 wegs die Anmeldung eines Anspruches erblickt (die Firma ist vielmehr
497 3178 2681 3317 auf das Genaueste darüber orientiert, dass unsere Verhandlungen völl
485 3272 2747 3443 unverbindlicher Art sind). Dass andererseits ein Kaufmann das Bestrebe
