3210 4007
503 253 2568 476 FISCHER,VERLAG, BERLIN. Herrn Dr. Schnitzler Blatt 2
575 683 2482 874 Auflage nicht binden können, weil uns die Radierungen zu den
583 750 2654 933 Exemplaren fehlen. Es liegen eine ganze Menge Bestellungen da, die
589 882 2627 1043 nicht ausgeführt werden können, und es wäre eigentlich am besten,
600 963 2667 1140 wenn Sie uns die Platte nach Berlin senden liessen, damit wir hier
602 1062 2576 1274 die Abzüge machen lassen, denn das vollkommene Stocken der Aus-
602 1194 2584 1387 lieferung schädigt das Buch. Die Bücher sind nur gegen bar ver-
613 1269 2708 1473 kauft worden, das ist bei einem Buche wie diesem, dass zum wohltäti-
621 1395 2743 1570 gen Zweck herausgegeben ist, notwendig gewesen, da wir sonst grösse-
621 1490 2780 1670 re Auflagen für die Kommissionsversendung hätten drucken müssen, ohne
632 1600 2697 1758 zu wissen, ob die Exemplare auch verkauft werden können, was unter
629 1662 2726 1890 Umständen zur Folge gehabt hätte, dass durch die zurückgelangenden,
637 1818 2667 1955 unverkauften, meist beschädigten Exemplare die Gewinnchancen ver-
2595 1834 2743 1901 mais d'en ai-
645 1906 2759 2062 kleinert oder aufgehoben wären. Wie gut es war, dass wir die Bücher
651 1998 2630 2213 in Kommission (auch an den Bahnhofsbuchhandel) nicht verschickt
656 2092 2713 2283 haben, können Sie ja daraus sehen, dass wir Not haben, die bar be-
659 2250 1670 2406 stellten Exemplare auszuliefern.
1180 2334 1885 2471 Mit herzlichen Grüssen
1928 2441 2049 2560 Ihr
1772 2546 2312 2775 S. Fischer
