3093 3959
1356 283 1501 422 ener.
596 383 2707 552 FISCHER.VERLAG
477 502 2710 699 Baukkonto: Deutsche Bank, Depositenkasse P in Berlin / Postscheckkono Berlin Nr. 1662 — — Fernsprech=Anschlüsse: Amt Lützow Nr 1662 und 6102
2033 613 2574 724 Berlin W 57, Bülowstraße 90
2066 693 2416 796 16/4. 1917
666 943 1542 1115 Herrn Dr. Arthur Schnitzler
1559 1004 1711 1179 Wien
671 1198 1143 1345 Lieber Freund,
810 1270 2771 1481 für Meinhard und Bernauer haben wir den Vertrag in Ihrem Sinne
699 1484 1121 1595 ausgefertigt.
824 1495 2693 1698 Ich benutze diese Gelegenheit, um Ihnen die Versicherung zu
702 1642 2702 1784 geben, dass wir uns nicht etwa aus eigensüchtigen Interessen in
1775 1728 1870 1792 G.H.F.P.
2036 1722 2164 1792 G.C.H.F.P
699 1722 2635 1914 Ihre Berliner Theatergeschäfte einzumischen versuchen. Es lag
710 1845 2738 1989 auch nicht etwa die Absicht vor, Sie für das Residenz-Theater ir-
718 1933 2754 2097 gendwie zum Nachteil Barnowskys zu beeinflussen. Wir haben da nur
713 2053 2718 2186 die Anregungen des Residenz-Theaters vermittelt, von wo uns ver-
724 2161 2713 2297 traulich mitgeteilt wurde, dass Bassermann eventl. im "Einsamen
724 2230 2879 2408 Weg" pastieren würde. So wie die Berliner Theaterverhältnisse liegen,
727 2369 2824 2502 haben wir im Gegenteil nicht nur allein in Ihrem Interesse die Ten-
735 2455 2929 2610 denz, die Position Barnowskys zu stützen. Aber das schliesst natürlich
729 2535 2865 2696 nicht aus, dass wir Anregungen anderer Berliner Bühnen Ihnen getreu-
732 2652 2912 2804 lich übermitteln, da Barnowsky ja doch nicht alle Ihre Stücke spielen
741 2801 918 2943 kann.
899 2779 2935 3010 Sehr gern würde ich Ihnen für die Hirt'sche Sammlung von Novellen
738 2962 2788 3120 aus der "Jugend" einen Rat wegen des Honorars geben, wenn ich nur
749 3059 2829 3204 wüsste, wieviel Autoren an dem Novellenband beteiligt sind und wel-
754 3173 2887 3312 chen Verkaufspreis das Buch haben soll. Ich kenne dieses Unternehmen
752 3259 2840 3423 nicht, und vielleicht ist es am zweckmässigsten, wenn Sie sich ein-
