<?xml version="1.0" encoding="UTF-8" standalone="yes"?>
<PcGts xmlns="http://schema.primaresearch.org/PAGE/gts/pagecontent/2013-07-15" xmlns:xsi="http://www.w3.org/2001/XMLSchema-instance" xsi:schemaLocation="http://schema.primaresearch.org/PAGE/gts/pagecontent/2013-07-15 http://schema.primaresearch.org/PAGE/gts/pagecontent/2013-07-15/pagecontent.xsd">
    <Metadata>
        <Creator>prov=READ-COOP:name=TrHtr:version=2.1.0:model_id=51170:date=27_07_2023_22:32</Creator>
        <Created>2023-05-02T08:11:37.899+02:00</Created>
        <LastChange>2023-07-27T22:32:19.804+02:00</LastChange>
        <TranskribusMetadata docId="1416743" pageId="54954857" pageNr="518" tsid="131306189" status="IN_PROGRESS" userId="64420" imgUrl="https://files.transkribus.eu/Get?id=CBLWRNSQPVBEYATMEMGILTJD&amp;fileType=view" xmlUrl="https://files.transkribus.eu/Get?id=GHXAGIBOPEGVABAYOLWUQQBH" imageId="44458582"/>
    </Metadata>
    <Page imageFilename="1416743_0518.jpg" imageWidth="2930" imageHeight="4008">
        <ReadingOrder>
            <OrderedGroup id="ro_1711826505500" caption="Regions reading order">
                <RegionRefIndexed index="0" regionRef="tr_3"/>
                <RegionRefIndexed index="1" regionRef="tr_1"/>
                <RegionRefIndexed index="2" regionRef="tr_2"/>
            </OrderedGroup>
        </ReadingOrder>
        <TextRegion id="tr_3" custom="readingOrder {index:0;}">
            <Coords points="385,392 2610,392 2610,1640 385,1640"/>
            <TextLine id="tr_3_tl_1" custom="readingOrder {index:0;}">
                <Coords points="1860,495 1900,498 1928,475 2019,450 2205,489 2234,478 2237,353 2174,339 2118,370 2064,345 1945,410 1892,387 1863,396"/>
                <Baseline points="1875,453 1887,450 1932,450 1977,447 2021,447 2066,447 2111,450 2156,450 2201,442 2245,442"/>
                <TextEquiv>
                    <Unicode>M.O.A.F.K.V.</Unicode>
                </TextEquiv>
            </TextLine>
            <TextLine id="tr_3_tl_2" custom="readingOrder {index:1;}">
                <Coords points="1309,464 1349,455 1394,478 1442,461 1479,469 1476,345 1448,348 1431,362 1422,356 1405,370 1385,359 1366,368 1343,359 1306,362"/>
                <Baseline points="1326,445 1370,447 1415,447 1460,447 1487,445"/>
                <TextEquiv>
                    <Unicode>"    "</Unicode>
                </TextEquiv>
            </TextLine>
            <TextLine id="tr_3_tl_3" custom="readingOrder {index:2;}">
                <Coords points="393,763 2310,758 2497,744 2497,676 393,684"/>
                <Baseline points="409,758 445,755 489,755 534,755 579,758 624,755 668,758 713,758 758,758 803,758 848,758 892,758 937,758 982,758 1027,758 1072,755 1116,755 1161,755 1206,755 1251,755 1296,755 1340,755 1385,755 1430,755 1475,752 1520,755 1564,752 1609,752 1654,752 1699,752 1744,752 1788,749 1833,749 1878,749 1923,749 1968,746 2012,746 2057,746 2102,743 2147,743 2192,740 2236,740 2281,737 2326,737 2371,734 2416,731 2460,731 2505,728"/>
                <TextEquiv>
                    <Unicode>meine hier geschilderte Auffassung vollends hinfällig und die</Unicode>
                </TextEquiv>
            </TextLine>
            <TextLine id="tr_3_tl_4" custom="readingOrder {index:3;}">
                <Coords points="2155,809 2239,795 2287,806 2316,795 2347,809 2420,789 2437,803 2480,786 2516,795 2516,735 2497,732 2412,752 2355,738 2276,755 2265,746 2194,761 2157,755"/>
                <Baseline points="2171,791 2210,791 2254,788 2299,788 2344,785 2389,782 2434,782 2478,779 2523,779"/>
                <TextEquiv>
                    <Unicode>DnstamU reb</Unicode>
                </TextEquiv>
            </TextLine>
            <TextLine id="tr_3_tl_5" custom="readingOrder {index:4;}">
                <Coords points="489,817 1844,826 1844,755 489,772"/>
                <Baseline points="504,806 507,806 552,806 597,806 642,803 686,806 731,806 776,806 821,806 866,809 910,806 955,806 1000,809 1045,806 1090,806 1134,806 1179,803 1224,803 1269,803 1314,803 1358,806 1403,806 1448,806 1493,803 1538,803 1582,800 1627,800 1672,803 1717,800 1762,797 1806,797 1851,797"/>
                <TextEquiv>
                    <Unicode>nelleismantl neale bhegri alislaeniex ei</Unicode>
                </TextEquiv>
            </TextLine>
            <TextLine id="tr_3_tl_6" custom="readingOrder {index:5;}">
                <Coords points="396,879 1527,868 1646,930 1733,868 2522,845 2491,786 1852,837 396,783"/>
                <Baseline points="412,866 424,866 468,863 513,866 558,866 603,866 648,866 692,866 737,866 782,866 827,866 872,866 916,866 961,866 1006,866 1051,866 1096,866 1140,866 1185,863 1230,863 1275,863 1320,863 1364,863 1409,863 1454,860 1499,863 1544,863 1588,863 1633,863 1678,860 1723,860 1768,857 1812,857 1857,860 1902,857 1947,854 1992,851 2036,854 2081,851 2126,851 2171,848 2216,848 2260,845 2305,845 2350,842 2395,842 2440,839 2484,836 2529,836"/>
                <TextEquiv>
                    <Unicode>Tatsache eines reinen Rechtsbruchs gegeben, aber ich will immer</Unicode>
                </TextEquiv>
            </TextLine>
            <TextLine id="tr_3_tl_7" custom="readingOrder {index:6;}">
                <Coords points="2282,902 2319,899 2330,913 2347,902 2369,908 2381,899 2392,908 2412,896 2446,896 2477,899 2519,919 2522,848 2491,843 2466,854 2440,845 2423,860 2389,862 2364,845 2341,860 2285,860"/>
                <Baseline points="2296,898 2299,895 2344,895 2389,892 2434,890 2478,887 2523,887"/>
                <TextEquiv>
                    <Unicode>aeberioe</Unicode>
                </TextEquiv>
            </TextLine>
            <TextLine id="tr_3_tl_8" custom="readingOrder {index:7;}">
                <Coords points="1725,939 1781,910 1835,922 1954,902 2081,910 2112,927 2140,902 2205,919 2205,851 2115,868 2019,857 1974,882 1945,862 1889,860 1849,879 1821,865 1725,874"/>
                <Baseline points="1741,907 1765,907 1809,907 1854,904 1899,904 1944,904 1989,901 2033,898 2078,901 2123,901 2168,898 2213,901"/>
                <TextEquiv>
                    <Unicode>nennöri nehiel'n</Unicode>
                </TextEquiv>
            </TextLine>
            <TextLine id="tr_3_tl_9" custom="readingOrder {index:8;}">
                <Coords points="998,922 1089,922 1131,942 1156,922 1182,936 1210,919 1227,930 1261,922 1275,936 1323,919 1383,925 1383,871 1278,882 1261,871 1156,874 1145,862 1080,882 998,879"/>
                <Baseline points="1015,916 1033,916 1078,916 1122,916 1167,916 1212,913 1257,913 1302,913 1346,910 1391,910"/>
                <TextEquiv>
                    <Unicode>neileisnant.</Unicode>
                </TextEquiv>
            </TextLine>
            <TextLine id="tr_3_tl_10" custom="readingOrder {index:9;}">
                <Coords points="393,942 973,925 973,868 681,888 393,879"/>
                <Baseline points="409,916 453,916 498,916 543,919 588,916 633,916 677,916 722,916 767,916 812,916 857,916 901,913 946,916 979,916"/>
                <TextEquiv>
                    <Unicode>Jiedgilschleifswä</Unicode>
                </TextEquiv>
            </TextLine>
            <TextLine id="tr_3_tl_11" custom="readingOrder {index:10;}">
                <Coords points="396,990 1855,964 2477,1046 2508,908 396,939"/>
                <Baseline points="412,973 450,976 495,976 540,976 585,976 630,976 674,976 719,973 764,976 809,976 854,976 898,976 943,976 988,973 1033,976 1078,973 1122,973 1167,973 1212,973 1257,973 1302,973 1346,970 1391,970 1436,970 1481,970 1526,970 1570,967 1615,967 1660,964 1705,967 1750,967 1794,967 1839,967 1884,964 1929,961 1974,961 2018,961 2063,961 2108,961 2153,955 2198,955 2242,955 2287,952 2332,949 2377,949 2422,946 2466,946 2511,946"/>
                <TextEquiv>
                    <Unicode>noch nicht hoffen, dass es dahin kommt. Im übrigen erlaube ich</Unicode>
                </TextEquiv>
            </TextLine>
            <TextLine id="tr_3_tl_12" custom="readingOrder {index:11;}">
                <Coords points="1309,1043 1332,1041 1352,1026 1366,1035 1377,1029 1383,1035 1394,1032 1400,1041 1414,1038 1425,1026 1448,1026 1451,975 1425,975 1419,981 1388,978 1369,987 1357,981 1340,992 1312,990"/>
                <Baseline points="1326,1024 1364,1021 1409,1018 1454,1018"/>
                <TextEquiv>
                    <Unicode>reu le</Unicode>
                </TextEquiv>
            </TextLine>
            <TextLine id="tr_3_tl_13" custom="readingOrder {index:12;}">
                <Coords points="421,1032 481,1029 500,1046 566,1032 642,1046 679,1032 701,1046 746,1029 828,1032 828,995 803,981 752,992 735,978 664,992 566,981 506,995 489,978 421,995"/>
                <Baseline points="436,1027 477,1027 522,1024 567,1024 612,1024 657,1024 701,1024 746,1024 791,1024 836,1021"/>
                <TextEquiv>
                    <Unicode>Monsieur M. D. F.</Unicode>
                </TextEquiv>
            </TextLine>
            <TextLine id="tr_3_tl_14" custom="readingOrder {index:13;}">
                <Coords points="396,1094 2333,1077 2333,1009 396,1029"/>
                <Baseline points="412,1081 415,1081 459,1084 504,1084 549,1084 594,1084 639,1084 683,1084 728,1084 773,1084 818,1081 863,1081 907,1081 952,1081 997,1081 1042,1081 1087,1081 1131,1081 1176,1084 1221,1081 1266,1081 1311,1081 1355,1081 1400,1078 1445,1078 1490,1078 1535,1078 1579,1075 1624,1075 1669,1075 1714,1072 1759,1072 1803,1072 1848,1072 1893,1069 1938,1069 1983,1066 2027,1066 2072,1066 2117,1063 2162,1063 2207,1063 2251,1060 2296,1057 2341,1060"/>
                <TextEquiv>
                    <Unicode>mir darauf aufmerksam zu machen, dass die Inhibierung von</Unicode>
                </TextEquiv>
            </TextLine>
            <TextLine id="tr_3_tl_15" custom="readingOrder {index:14;}">
                <Coords points="1677,1142 1691,1142 1702,1131 1722,1139 1747,1128 1759,1139 1776,1131 1793,1139 1804,1128 1838,1128 1838,1077 1804,1072 1784,1083 1770,1077 1759,1086 1716,1083 1711,1089 1677,1080"/>
                <Baseline points="1693,1119 1738,1119 1782,1119 1827,1119 1845,1119"/>
                <TextEquiv>
                    <Unicode>aenie</Unicode>
                </TextEquiv>
            </TextLine>
            <TextLine id="tr_3_tl_16" custom="readingOrder {index:15;}">
                <Coords points="370,1145 735,1156 778,1137 837,1159 930,1134 964,1151 1046,1142 1046,1089 936,1111 778,1080 647,1114 616,1091 546,1108 370,1091"/>
                <Baseline points="385,1137 427,1134 471,1134 516,1134 561,1134 606,1134 651,1137 695,1137 740,1134 785,1134 830,1131 875,1131 919,1134 964,1131 1009,1131 1054,1128"/>
                <TextEquiv>
                    <Unicode>dlschaed. heraub mea</Unicode>
                </TextEquiv>
            </TextLine>
            <TextLine id="tr_3_tl_17" custom="readingOrder {index:16;}">
                <Coords points="402,1210 2242,1202 2468,1171 2468,1111 404,1151"/>
                <Baseline points="418,1194 459,1191 504,1191 549,1191 594,1191 639,1191 683,1191 728,1191 773,1191 818,1191 863,1191 907,1191 952,1191 997,1188 1042,1188 1087,1188 1131,1188 1176,1188 1221,1188 1266,1185 1311,1185 1355,1182 1400,1185 1445,1182 1490,1182 1535,1182 1579,1182 1624,1182 1669,1182 1714,1182 1759,1182 1803,1179 1848,1176 1893,1176 1938,1176 1983,1173 2027,1173 2072,1170 2117,1170 2162,1170 2207,1167 2251,1167 2296,1164 2341,1164 2386,1161 2431,1161 2475,1158"/>
                <TextEquiv>
                    <Unicode>Aufführungen im Ausland natürlich sehr grosse Schwierigkeiten</Unicode>
                </TextEquiv>
            </TextLine>
            <TextLine id="tr_3_tl_18" custom="readingOrder {index:17;}">
                <Coords points="424,1247 441,1247 461,1264 472,1253 481,1261 532,1253 568,1261 597,1250 650,1284 664,1284 664,1205 614,1196 568,1210 549,1202 512,1210 498,1199 489,1207 467,1199 424,1213"/>
                <Baseline points="439,1242 483,1245 528,1245 573,1242 618,1242 663,1242 671,1245"/>
                <TextEquiv>
                    <Unicode>G.H.F.P.</Unicode>
                </TextEquiv>
            </TextLine>
            <TextLine id="tr_3_tl_19" custom="readingOrder {index:18;}">
                <Coords points="404,1306 1004,1301 1125,1366 1309,1301 2451,1287 2514,1221 1753,1247 1538,1185 404,1261"/>
                <Baseline points="421,1305 459,1302 504,1302 549,1302 594,1302 639,1305 683,1302 728,1299 773,1302 818,1299 863,1302 907,1299 952,1299 997,1299 1042,1296 1087,1299 1131,1296 1176,1296 1221,1296 1266,1293 1311,1293 1355,1293 1400,1290 1445,1290 1490,1290 1535,1287 1579,1290 1624,1287 1669,1287 1714,1284 1759,1284 1803,1284 1848,1284 1893,1284 1938,1284 1983,1281 2027,1278 2072,1278 2117,1278 2162,1275 2207,1275 2251,1275 2296,1272 2341,1272 2386,1269 2431,1266 2475,1266 2520,1263"/>
                <TextEquiv>
                    <Unicode>macht, zumal da wir, ohne dokumentarische Vollmacht uns bei den</Unicode>
                </TextEquiv>
            </TextLine>
            <TextLine id="tr_3_tl_20" custom="readingOrder {index:19;}">
                <Coords points="554,1357 568,1357 582,1371 599,1366 605,1360 614,1369 625,1363 642,1363 645,1312 631,1312 622,1320 608,1320 597,1309 591,1309 585,1315 582,1312 557,1315"/>
                <Baseline points="570,1352 603,1349 648,1349"/>
                <TextEquiv>
                    <Unicode>G.F.P.</Unicode>
                </TextEquiv>
            </TextLine>
            <TextLine id="tr_3_tl_21" custom="readingOrder {index:20;}">
                <Coords points="407,1422 1829,1397 1923,1456 2601,1397 2604,1329 1598,1289 410,1360"/>
                <Baseline points="424,1412 459,1412 504,1412 549,1412 594,1412 639,1409 683,1409 728,1409 773,1409 818,1409 863,1406 907,1406 952,1406 997,1406 1042,1406 1087,1403 1131,1403 1176,1403 1221,1403 1266,1403 1311,1400 1355,1400 1400,1400 1445,1400 1490,1400 1535,1397 1579,1397 1624,1397 1669,1394 1714,1394 1759,1391 1803,1391 1848,1391 1893,1391 1938,1391 1983,1391 2027,1388 2072,1385 2117,1385 2162,1382 2207,1379 2251,1379 2296,1376 2341,1379 2386,1376 2431,1376 2475,1373 2520,1370 2565,1367 2610,1370"/>
                <TextEquiv>
                    <Unicode>Gerichten nicht ausweisen können. Ich bitte, gegebenenfalls diese</Unicode>
                </TextEquiv>
            </TextLine>
            <TextLine id="tr_3_tl_22" custom="readingOrder {index:21;}">
                <Coords points="1465,1465 1490,1470 1510,1459 1524,1470 1535,1459 1569,1459 1592,1473 1612,1465 1626,1473 1646,1462 1705,1462 1705,1402 1668,1411 1634,1400 1581,1417 1555,1400 1507,1402 1496,1414 1465,1408"/>
                <Baseline points="1481,1454 1487,1454 1532,1457 1576,1457 1621,1457 1666,1454 1711,1451"/>
                <TextEquiv>
                    <Unicode>(diese</Unicode>
                </TextEquiv>
            </TextLine>
            <TextLine id="tr_3_tl_23" custom="readingOrder {index:22;}">
                <Coords points="416,1538 1139,1578 1244,1516 2511,1499 2570,1439 416,1484"/>
                <Baseline points="430,1520 471,1520 516,1517 561,1517 606,1517 651,1517 695,1517 740,1517 785,1517 830,1514 875,1514 919,1517 964,1517 1009,1517 1054,1514 1099,1514 1143,1514 1188,1514 1233,1511 1278,1508 1323,1508 1367,1505 1412,1505 1457,1505 1502,1505 1547,1505 1591,1505 1636,1505 1681,1502 1726,1499 1771,1499 1815,1499 1860,1496 1905,1496 1950,1496 1995,1493 2039,1493 2084,1490 2129,1490 2174,1487 2219,1487 2263,1484 2308,1484 2353,1481 2398,1481 2443,1481 2487,1478 2532,1475 2577,1472"/>
                <TextEquiv>
                    <Unicode>sowie Ihre endgiltige Entscheidung telegraphisch Herrn Hechts-</Unicode>
                </TextEquiv>
            </TextLine>
            <TextLine id="tr_3_tl_24" custom="readingOrder {index:23;}">
                <Coords points="404,1643 1004,1626 1219,1691 1538,1617 2485,1612 2511,1547 1733,1575 1467,1510 1278,1575 404,1589"/>
                <Baseline points="421,1627 456,1630 501,1630 546,1630 591,1630 636,1630 680,1627 725,1627 770,1627 815,1624 860,1627 904,1624 949,1624 994,1624 1039,1624 1084,1624 1128,1621 1173,1621 1218,1621 1263,1618 1308,1618 1352,1618 1397,1618 1442,1618 1487,1618 1532,1618 1576,1618 1621,1615 1666,1612 1711,1612 1756,1612 1800,1612 1845,1606 1890,1606 1935,1606 1980,1606 2024,1606 2069,1606 2114,1603 2159,1600 2204,1600 2248,1597 2293,1597 2338,1594 2383,1594 2428,1591 2472,1591 2517,1591"/>
                <TextEquiv>
                    <Unicode>anwalt Pinner zu übermitteln. Ihr Schreiben vom 1. 8. habe ich</Unicode>
                </TextEquiv>
            </TextLine>
        </TextRegion>
        <TextRegion id="tr_1" custom="readingOrder {index:1;}">
            <Coords points="433,1652 2711,1652 2711,2835 433,2835"/>
            <TextLine id="tr_1_tl_1" custom="readingOrder {index:0;}">
                <Coords points="424,1804 2403,1776 2542,1764 2545,1660 427,1708"/>
                <Baseline points="439,1750 445,1750 489,1750 534,1750 579,1750 624,1747 668,1747 713,1747 758,1744 803,1744 848,1741 892,1741 937,1741 982,1741 1027,1741 1072,1741 1116,1738 1161,1738 1206,1735 1251,1735 1296,1735 1340,1735 1385,1732 1430,1732 1475,1732 1520,1732 1564,1729 1609,1729 1654,1729 1699,1726 1744,1726 1788,1726 1833,1723 1878,1723 1923,1720 1968,1720 2012,1717 2057,1717 2102,1717 2147,1714 2192,1714 2236,1711 2281,1711 2326,1711 2371,1708 2416,1708 2460,1705 2505,1702 2550,1702"/>
                <TextEquiv>
                    <Unicode>erhalten und werde es beantworten, sobald ich mit Herrn Fischer</Unicode>
                </TextEquiv>
            </TextLine>
            <TextLine id="tr_1_tl_2" custom="readingOrder {index:1;}">
                <Coords points="424,1863 2508,1877 2579,1866 2582,1756 424,1810"/>
                <Baseline points="439,1857 480,1857 525,1857 570,1857 615,1857 660,1857 704,1857 749,1857 794,1854 839,1851 884,1851 928,1848 973,1848 1018,1851 1063,1848 1108,1851 1152,1845 1197,1845 1242,1845 1287,1842 1332,1839 1376,1839 1421,1836 1466,1836 1511,1836 1556,1833 1600,1833 1645,1833 1690,1833 1735,1833 1780,1830 1824,1830 1869,1827 1914,1824 1959,1827 2004,1824 2048,1821 2093,1821 2138,1821 2183,1818 2227,1818 2272,1815 2317,1815 2362,1815 2407,1812 2451,1809 2496,1809 2541,1809 2586,1809"/>
                <TextEquiv>
                    <Unicode>der xxx gegenwärtig in Schreiberhau ist, darüber korrespondiert</Unicode>
                </TextEquiv>
            </TextLine>
            <TextLine id="tr_1_tl_3" custom="readingOrder {index:2;}">
                <Coords points="418,2002 2386,1991 2468,1971 2471,1869 418,1920"/>
                <Baseline points="433,1962 462,1965 507,1965 552,1965 597,1965 642,1968 686,1965 731,1962 776,1962 821,1959 866,1956 910,1956 955,1956 1000,1956 1045,1956 1090,1953 1134,1953 1179,1953 1224,1950 1269,1950 1314,1947 1358,1947 1403,1947 1448,1944 1493,1944 1538,1944 1582,1944 1627,1944 1672,1941 1717,1938 1762,1938 1806,1938 1851,1935 1896,1935 1941,1932 1986,1932 2030,1932 2075,1929 2120,1926 2165,1926 2210,1926 2254,1923 2299,1923 2344,1920 2389,1920 2434,1917 2478,1911"/>
                <TextEquiv>
                    <Unicode>habe. In der Anlage übersende ich Ihnen in deutscher Ueber -</Unicode>
                </TextEquiv>
            </TextLine>
            <TextLine id="tr_1_tl_4" custom="readingOrder {index:3;}">
                <Coords points="433,2008 478,2019 515,2013 526,2024 560,2019 560,1965 546,1965 523,1979 509,1971 478,1971 450,1988 433,1985"/>
                <Baseline points="447,2006 477,2006 522,2004 567,2004"/>
                <TextEquiv>
                    <Unicode>S.H.F.P</Unicode>
                </TextEquiv>
            </TextLine>
            <TextLine id="tr_1_tl_5" custom="readingOrder {index:4;}">
                <Coords points="421,2118 2627,2070 2627,1993 2514,1968 424,2019"/>
                <Baseline points="436,2075 480,2075 525,2072 570,2072 615,2069 660,2072 704,2069 749,2069 794,2066 839,2066 884,2066 928,2063 973,2063 1018,2066 1063,2063 1108,2063 1152,2060 1197,2060 1242,2057 1287,2057 1332,2057 1376,2057 1421,2054 1466,2057 1511,2054 1556,2057 1600,2054 1645,2051 1690,2048 1735,2048 1780,2048 1824,2048 1869,2045 1914,2045 1959,2045 2004,2045 2048,2042 2093,2042 2138,2039 2183,2036 2227,2036 2272,2036 2317,2033 2362,2033 2407,2033 2451,2033 2496,2030 2541,2030 2586,2027 2631,2027"/>
                <TextEquiv>
                    <Unicode>setzung einen Brief von Brandt &amp; Kirpatrik, dessen Tendenz Ihren</Unicode>
                </TextEquiv>
            </TextLine>
            <TextLine id="tr_1_tl_6" custom="readingOrder {index:5;}">
                <Coords points="430,2234 2384,2191 2423,2075 433,2115"/>
                <Baseline points="445,2183 459,2183 504,2183 549,2183 594,2180 639,2180 683,2180 728,2177 773,2177 818,2174 863,2174 907,2171 952,2171 997,2171 1042,2171 1087,2171 1131,2171 1176,2168 1221,2168 1266,2165 1311,2165 1355,2165 1400,2162 1445,2162 1490,2162 1535,2162 1579,2162 1624,2159 1669,2159 1714,2156 1759,2153 1803,2153 1848,2150 1893,2150 1938,2150 1983,2147 2027,2147 2072,2144 2117,2141 2162,2141 2207,2141 2251,2141 2296,2138 2341,2138 2386,2135 2431,2135"/>
                <TextEquiv>
                    <Unicode>eigenen in Ihrem Schreiben vom 1. 8. nun wieder geäusserten</Unicode>
                </TextEquiv>
            </TextLine>
            <TextLine id="tr_1_tl_7" custom="readingOrder {index:6;}">
                <Coords points="430,2321 2010,2316 2460,2245 2460,2194 430,2239"/>
                <Baseline points="445,2290 450,2287 495,2287 540,2287 585,2284 630,2284 674,2281 719,2281 764,2278 809,2278 854,2275 898,2275 943,2275 988,2275 1033,2272 1078,2275 1122,2272 1167,2272 1212,2269 1257,2266 1302,2266 1346,2266 1391,2263 1436,2263 1481,2263 1526,2263 1570,2263 1615,2257 1660,2257 1705,2254 1750,2254 1794,2254 1839,2251 1884,2251 1929,2251 1974,2251 2018,2251 2063,2248 2108,2245 2153,2245 2198,2242 2242,2239 2287,2239 2332,2236 2377,2236 2422,2236 2466,2233"/>
                <TextEquiv>
                    <Unicode>Intentionen so sehr zuwider läuft, dass wohl nichts anderes</Unicode>
                </TextEquiv>
            </TextLine>
            <TextLine id="tr_1_tl_8" custom="readingOrder {index:7;}">
                <Coords points="427,2446 2539,2415 2584,2304 430,2330"/>
                <Baseline points="442,2392 486,2395 531,2395 576,2395 621,2392 666,2392 710,2392 755,2389 800,2386 845,2386 890,2386 934,2383 979,2383 1024,2383 1069,2383 1113,2380 1158,2380 1203,2377 1248,2377 1293,2374 1337,2374 1382,2374 1427,2371 1472,2371 1517,2371 1561,2368 1606,2365 1651,2365 1696,2365 1741,2365 1785,2362 1830,2362 1875,2359 1920,2359 1965,2359 2009,2356 2054,2356 2099,2356 2144,2353 2189,2350 2233,2350 2278,2347 2323,2347 2368,2350 2413,2347 2457,2347 2502,2344 2547,2344 2592,2338"/>
                <TextEquiv>
                    <Unicode>übrig bleiben wird, als dass ich die ganze Frage Ihrer Auslands-</Unicode>
                </TextEquiv>
            </TextLine>
            <TextLine id="tr_1_tl_9" custom="readingOrder {index:8;}">
                <Coords points="430,2525 2237,2533 2466,2463 2466,2406 433,2443"/>
                <Baseline points="445,2511 453,2511 498,2508 543,2505 588,2502 633,2502 677,2499 722,2496 767,2496 812,2493 857,2493 901,2490 946,2493 991,2490 1036,2490 1081,2487 1125,2487 1170,2487 1215,2484 1260,2481 1305,2484 1349,2481 1394,2481 1439,2478 1484,2478 1529,2475 1573,2475 1618,2475 1663,2472 1708,2469 1753,2472 1797,2469 1842,2466 1887,2466 1932,2463 1977,2463 2021,2463 2066,2463 2111,2460 2156,2460 2201,2460 2245,2457 2290,2454 2335,2454 2380,2454 2425,2454 2469,2451"/>
                <TextEquiv>
                    <Unicode>geschäfte noch einmal von Grund aus vor Ihnen aufrolle, doch</Unicode>
                </TextEquiv>
            </TextLine>
            <TextLine id="tr_1_tl_10" custom="readingOrder {index:9;}">
                <Coords points="427,2615 614,2669 2542,2624 2567,2508 427,2570"/>
                <Baseline points="442,2610 468,2613 513,2610 558,2610 603,2607 648,2607 692,2607 737,2604 782,2604 827,2601 872,2598 916,2598 961,2595 1006,2595 1051,2595 1096,2592 1140,2592 1185,2589 1230,2589 1275,2589 1320,2586 1364,2586 1409,2586 1454,2586 1499,2583 1544,2583 1588,2583 1633,2577 1678,2577 1723,2577 1768,2574 1812,2571 1857,2571 1902,2571 1947,2568 1992,2568 2036,2568 2081,2568 2126,2565 2171,2565 2216,2565 2260,2565 2305,2562 2350,2562 2395,2562 2440,2559 2484,2559 2529,2562 2574,2565"/>
                <TextEquiv>
                    <Unicode>möchte ich mir dies bis zu meiner Rückkehr aufsparen. Vorläufig</Unicode>
                </TextEquiv>
            </TextLine>
            <TextLine id="tr_1_tl_11" custom="readingOrder {index:10;}">
                <Coords points="433,2734 967,2762 1052,2700 2336,2689 2542,2624 433,2669"/>
                <Baseline points="447,2717 489,2714 534,2714 579,2711 624,2711 668,2711 713,2708 758,2708 803,2705 848,2705 892,2705 937,2702 982,2702 1027,2699 1072,2696 1116,2696 1161,2693 1206,2693 1251,2693 1296,2690 1340,2690 1385,2690 1430,2687 1475,2687 1520,2687 1564,2684 1609,2681 1654,2681 1699,2678 1744,2681 1788,2678 1833,2675 1878,2675 1923,2675 1968,2672 2012,2672 2057,2670 2102,2667 2147,2667 2192,2667 2236,2667 2281,2664 2326,2664 2371,2664 2416,2664 2460,2664 2505,2661 2550,2661"/>
                <TextEquiv>
                    <Unicode>bitte ich lediglich höflich mir mitzuteilen, ob und was Sie an</Unicode>
                </TextEquiv>
            </TextLine>
            <TextLine id="tr_1_tl_12" custom="readingOrder {index:11;}">
                <Coords points="435,2833 1999,2853 2652,2802 2706,2692 438,2762"/>
                <Baseline points="450,2825 471,2825 516,2822 561,2822 606,2819 651,2819 695,2819 740,2816 785,2816 830,2816 875,2813 919,2813 964,2810 1009,2810 1054,2807 1099,2807 1143,2804 1188,2801 1233,2801 1278,2801 1323,2801 1367,2798 1412,2798 1457,2798 1502,2795 1547,2795 1591,2795 1636,2789 1681,2789 1726,2789 1771,2786 1815,2786 1860,2786 1905,2783 1950,2783 1995,2780 2039,2783 2084,2783 2129,2780 2174,2780 2219,2780 2263,2777 2308,2777 2353,2774 2398,2774 2443,2774 2487,2777 2532,2774 2577,2771 2622,2771 2667,2771 2711,2774"/>
                <TextEquiv>
                    <Unicode>Brandt und Kirpatrik schreiben (Adresse : New York, 35 West 45 th</Unicode>
                </TextEquiv>
            </TextLine>
        </TextRegion>
        <TextRegion id="tr_2" custom="readingOrder {index:2;}">
            <Coords points="450,2826 2720,2826 2720,3629 450,3629"/>
            <TextLine id="tr_2_tl_1" custom="readingOrder {index:0;}">
                <Coords points="435,2980 2350,2949 2672,2895 2675,2811 438,2867"/>
                <Baseline points="450,2932 483,2935 528,2932 573,2932 618,2929 663,2929 707,2932 752,2932 797,2929 842,2926 887,2923 931,2920 976,2917 1021,2917 1066,2914 1111,2914 1155,2911 1200,2911 1245,2908 1290,2908 1335,2908 1379,2905 1424,2905 1469,2905 1514,2905 1558,2902 1603,2902 1648,2899 1693,2896 1738,2896 1782,2894 1827,2894 1872,2891 1917,2888 1962,2888 2006,2888 2051,2888 2096,2885 2141,2885 2186,2885 2230,2885 2275,2882 2320,2882 2365,2882 2410,2882 2454,2882 2499,2879 2544,2879 2589,2876 2634,2876 2678,2876"/>
                <TextEquiv>
                    <Unicode>Street ). Ich persönlich lege auf Zusammenarbeit mit diesen nach</Unicode>
                </TextEquiv>
            </TextLine>
            <TextLine id="tr_2_tl_2" custom="readingOrder {index:1;}">
                <Coords points="435,3048 2443,3006 2508,2994 2511,2884 2350,2949 438,2994"/>
                <Baseline points="450,3034 453,3037 498,3034 543,3034 588,3031 633,3031 677,3028 722,3028 767,3028 812,3022 857,3022 901,3022 946,3019 991,3016 1036,3016 1081,3013 1125,3010 1170,3010 1215,3007 1260,3007 1305,3004 1349,3004 1394,3004 1439,3004 1484,3001 1529,2998 1573,2998 1618,2995 1663,2992 1708,2995 1753,2992 1797,2992 1842,2989 1887,2989 1932,2986 1977,2986 2021,2986 2066,2983 2111,2983 2156,2980 2201,2980 2245,2980 2290,2980 2335,2980 2380,2980 2425,2977 2469,2977 2514,2974"/>
                <TextEquiv>
                    <Unicode>allen bisherigen Erfahrungen äusserst ehrenwerten Herren, die</Unicode>
                </TextEquiv>
            </TextLine>
            <TextLine id="tr_2_tl_3" custom="readingOrder {index:2;}">
                <Coords points="2395,3037 2415,3037 2426,3045 2446,3042 2451,3048 2463,3045 2471,3037 2491,3037 2491,2994 2474,2997 2454,2989 2437,3003 2420,2991 2412,3000 2395,3000"/>
                <Baseline points="2410,3034 2454,3031 2499,3034"/>
                <TextEquiv>
                    <Unicode>G.H.F.P.</Unicode>
                </TextEquiv>
            </TextLine>
            <TextLine id="tr_2_tl_4" custom="readingOrder {index:3;}">
                <Coords points="444,3153 2307,3136 2621,3096 2621,3025 2115,2983 444,3088"/>
                <Baseline points="459,3141 474,3138 519,3138 564,3138 609,3135 654,3135 698,3135 743,3132 788,3129 833,3129 878,3126 922,3126 967,3123 1012,3120 1057,3117 1102,3117 1146,3115 1191,3115 1236,3112 1281,3112 1326,3109 1370,3109 1415,3109 1460,3109 1505,3106 1550,3106 1594,3103 1639,3103 1684,3100 1729,3097 1774,3100 1818,3097 1863,3097 1908,3097 1953,3094 1998,3094 2042,3094 2087,3091 2132,3091 2177,3088 2222,3088 2266,3088 2311,3088 2356,3088 2401,3088 2446,3085 2490,3085 2535,3085 2580,3082 2625,3085"/>
                <TextEquiv>
                    <Unicode>bereits sehr vorteilhafte Abschlüsse für uns getätigt haben, ein</Unicode>
                </TextEquiv>
            </TextLine>
            <TextLine id="tr_2_tl_5" custom="readingOrder {index:4;}">
                <Coords points="1320,3167 1326,3170 1337,3167 1352,3170 1357,3164 1371,3170 1405,3167 1408,3116 1394,3116 1383,3127 1371,3122 1354,3122 1352,3119 1349,3122 1340,3113 1323,3110"/>
                <Baseline points="1335,3165 1367,3162 1412,3162"/>
                <TextEquiv>
                    <Unicode>G.F.P.</Unicode>
                </TextEquiv>
            </TextLine>
            <TextLine id="tr_2_tl_6" custom="readingOrder {index:5;}">
                <Coords points="450,3286 2652,3212 2692,3110 450,3206"/>
                <Baseline points="465,3249 501,3249 546,3246 591,3246 636,3246 680,3243 725,3240 770,3237 815,3237 860,3234 904,3231 949,3231 994,3228 1039,3225 1084,3225 1128,3225 1173,3222 1218,3222 1263,3219 1308,3219 1352,3216 1397,3216 1442,3213 1487,3213 1532,3213 1576,3213 1621,3210 1666,3207 1711,3207 1756,3207 1800,3204 1845,3204 1890,3204 1935,3207 1980,3207 2024,3201 2069,3198 2114,3195 2159,3195 2204,3195 2248,3195 2293,3192 2338,3192 2383,3192 2428,3192 2472,3192 2517,3192 2562,3189 2607,3189 2652,3186 2696,3192"/>
                <TextEquiv>
                    <Unicode>sehr grosses Gewicht und bedauere aufrichtig, mich hierin in einem</Unicode>
                </TextEquiv>
            </TextLine>
            <TextLine id="tr_2_tl_7" custom="readingOrder {index:6;}">
                <Coords points="2299,3252 2350,3254 2375,3246 2386,3257 2446,3246 2457,3254 2477,3246 2511,3252 2514,3204 2491,3195 2474,3209 2460,3201 2420,3209 2412,3201 2381,3206 2375,3198 2355,3206 2333,3201 2313,3215 2299,3212"/>
                <Baseline points="2314,3246 2338,3246 2383,3243 2428,3243 2472,3240 2517,3237"/>
                <TextEquiv>
                    <Unicode>medes I</Unicode>
                </TextEquiv>
            </TextLine>
            <TextLine id="tr_2_tl_8" custom="readingOrder {index:7;}">
                <Coords points="681,3291 729,3300 789,3291 803,3303 843,3283 857,3294 930,3283 939,3294 967,3280 1007,3288 1032,3280 1035,3237 961,3235 939,3252 916,3240 899,3249 834,3237 817,3249 792,3240 780,3252 772,3243 681,3252"/>
                <Baseline points="698,3288 722,3288 767,3285 812,3285 857,3282 901,3279 946,3276 991,3276 1036,3279"/>
                <TextEquiv>
                    <Unicode>G.C.F.P.</Unicode>
                </TextEquiv>
            </TextLine>
            <TextLine id="tr_2_tl_9" custom="readingOrder {index:8;}">
                <Coords points="444,3365 2627,3322 2680,3226 447,3303"/>
                <Baseline points="459,3353 489,3353 534,3350 579,3350 624,3347 668,3347 713,3347 758,3344 803,3344 848,3341 892,3339 937,3336 982,3333 1027,3330 1072,3330 1116,3330 1161,3327 1206,3327 1251,3327 1296,3324 1340,3321 1385,3324 1430,3321 1475,3321 1520,3318 1564,3318 1609,3315 1654,3315 1699,3315 1744,3312 1788,3312 1833,3309 1878,3309 1923,3306 1968,3306 2012,3303 2057,3303 2102,3303 2147,3300 2192,3300 2236,3297 2281,3297 2326,3297 2371,3297 2416,3297 2460,3300 2505,3297 2550,3297 2595,3297 2640,3294 2684,3294"/>
                <TextEquiv>
                    <Unicode>solchen Gegensatze zu Ihnen zu befinden. Sollte Ihr Brief an Brandt</Unicode>
                </TextEquiv>
            </TextLine>
            <TextLine id="tr_2_tl_10" custom="readingOrder {index:9;}">
                <Coords points="1889,3362 1923,3379 2474,3362 2522,3356 2522,3303 1889,3317"/>
                <Baseline points="1905,3359 1944,3359 1989,3356 2033,3356 2078,3353 2123,3353 2168,3350 2213,3350 2257,3350 2302,3350 2347,3350 2392,3347 2410,3347 2454,3347 2499,3347 2526,3347"/>
                <TextEquiv>
                    <Unicode>in dno i nedaid jus¬</Unicode>
                </TextEquiv>
            </TextLine>
            <TextLine id="tr_2_tl_11" custom="readingOrder {index:10;}">
                <Coords points="927,3410 947,3413 975,3385 1185,3396 1272,3376 1315,3393 1315,3348 1270,3336 1233,3353 1205,3328 1173,3342 1137,3331 1103,3351 1083,3334 1041,3331 1001,3351 973,3334 927,3345"/>
                <Baseline points="943,3383 964,3383 1009,3383 1054,3380 1099,3377 1143,3377 1188,3377 1233,3374 1278,3374 1323,3374"/>
                <TextEquiv>
                    <Unicode>dale jai ad</Unicode>
                </TextEquiv>
            </TextLine>
            <TextLine id="tr_2_tl_12" custom="readingOrder {index:11;}">
                <Coords points="532,3418 566,3418 568,3424 577,3421 585,3427 591,3421 611,3424 619,3416 639,3427 659,3427 662,3368 631,3362 625,3356 616,3365 608,3356 597,3365 582,3365 571,3353 560,3359 534,3356"/>
                <Baseline points="546,3401 579,3401 624,3395 668,3395"/>
                <TextEquiv>
                    <Unicode>G.H.F.P</Unicode>
                </TextEquiv>
            </TextLine>
            <TextLine id="tr_2_tl_13" custom="readingOrder {index:12;}">
                <Coords points="447,3506 1465,3495 2655,3368 450,3413"/>
                <Baseline points="465,3476 507,3476 552,3473 597,3473 642,3470 686,3467 731,3464 776,3461 821,3461 866,3458 910,3455 955,3452 1000,3449 1045,3449 1090,3449 1134,3446 1179,3446 1224,3446 1269,3443 1314,3443 1358,3440 1403,3440 1448,3437 1493,3434 1538,3431 1582,3431 1627,3428 1672,3425 1717,3425 1762,3422 1806,3422 1851,3422 1896,3419 1941,3419 1986,3416 2030,3416 2075,3416 2120,3413 2165,3410 2210,3407 2254,3407 2299,3407 2344,3407 2389,3404 2434,3404 2478,3404 2523,3404 2568,3404 2613,3401 2658,3401"/>
                <TextEquiv>
                    <Unicode>die bestehende Verbindung irgendwie fortsetzen, so wäre ich Ihnen</Unicode>
                </TextEquiv>
            </TextLine>
            <TextLine id="tr_2_tl_14" custom="readingOrder {index:13;}">
                <Coords points="458,3602 2635,3526 2714,3444 461,3523"/>
                <Baseline points="474,3577 480,3577 525,3574 570,3571 615,3571 660,3565 704,3565 749,3565 794,3560 839,3560 884,3557 928,3557 973,3554 1018,3557 1063,3551 1108,3548 1152,3548 1197,3545 1242,3542 1287,3542 1332,3539 1376,3539 1421,3536 1466,3533 1511,3533 1556,3533 1600,3530 1645,3530 1690,3527 1735,3524 1780,3524 1824,3524 1869,3521 1914,3518 1959,3518 2004,3515 2048,3512 2093,3512 2138,3512 2183,3509 2227,3509 2272,3509 2317,3509 2362,3506 2407,3506 2451,3506 2496,3506 2541,3506 2586,3503 2631,3503 2675,3500 2720,3497"/>
                <TextEquiv>
                    <Unicode>sehr verbunden, wenn nicht im Unklaren gelassen würde, dass trotz-</Unicode>
                </TextEquiv>
            </TextLine>
            <TextLine id="tr_2_tl_15" custom="readingOrder {index:14;}">
                <Coords points="1951,3599 1968,3602 1982,3588 2002,3602 2016,3594 2024,3599 2039,3588 2044,3591 2070,3580 2081,3588 2101,3588 2104,3529 2081,3532 2073,3526 2064,3534 2050,3520 2036,3517 2027,3526 2019,3523 1974,3543 1957,3534"/>
                <Baseline points="1968,3574 1974,3574 2018,3568 2063,3568 2108,3565"/>
                <TextEquiv>
                    <Unicode>P.P.F.</Unicode>
                </TextEquiv>
            </TextLine>
            <TextLine id="tr_2_tl_16" custom="readingOrder {index:15;}">
                <Coords points="1747,3588 1778,3585 1795,3599 1832,3585 1877,3628 1928,3622 1928,3537 1883,3543 1866,3526 1810,3546 1795,3532 1747,3532"/>
                <Baseline points="1762,3577 1797,3577 1842,3574 1887,3574 1932,3574"/>
                <TextEquiv>
                    <Unicode>befels.</Unicode>
                </TextEquiv>
            </TextLine>
            <TextLine id="tr_2_tl_17" custom="readingOrder {index:16;}">
                <Coords points="769,3647 814,3667 851,3650 871,3664 936,3656 959,3673 981,3667 1015,3679 1021,3560 990,3571 953,3554 908,3571 775,3568"/>
                <Baseline points="788,3610 800,3607 845,3607 890,3604 934,3598 979,3598 1024,3595"/>
                <TextEquiv>
                    <Unicode>Il sa mr.</Unicode>
                </TextEquiv>
            </TextLine>
            <TextLine id="tr_2_tl_18" custom="readingOrder {index:17;}">
                <Coords points="1055,3599 1072,3599 1083,3608 1089,3605 1108,3622 1120,3622 1134,3614 1151,3628 1165,3628 1165,3563 1148,3563 1137,3551 1131,3551 1106,3577 1080,3568 1055,3571"/>
                <Baseline points="1069,3595 1113,3595 1158,3595 1170,3595"/>
                <TextEquiv>
                    <Unicode>.3.</Unicode>
                </TextEquiv>
            </TextLine>
            <TextLine id="tr_2_tl_19" custom="readingOrder {index:18;}">
                <Coords points="469,3628 503,3639 526,3628 560,3628 568,3636 602,3628 619,3631 642,3653 653,3642 667,3647 707,3628 710,3571 687,3577 676,3563 645,3577 616,3577 605,3568 566,3597 534,3577 509,3582 498,3594 472,3588"/>
                <Baseline points="486,3619 489,3616 534,3616 579,3616 624,3610 668,3610 713,3610"/>
                <TextEquiv>
                    <Unicode>Dv Votr.</Unicode>
                </TextEquiv>
            </TextLine>
        </TextRegion>
    </Page>
</PcGts>
