3121 3896
1165 287 1988 451 P. FISCHER /VERLAG.
359 315 563 541 2. Blatt
467 439 1465 624 Dr.A. Schnitzler 30/10. 1922
2495 507 2671 683 a eu de
2179 572 2281 689 P.S.
430 575 2748 794 also auch die aus den Einbänden enthalten. Der Autor braucht sich also
2322 736 2454 798 G.H.F.P
427 736 2912 921 weder um den Ladenpreis, noch um die Höhe des Einbandpreises zu kümmern, er
439 828 2909 998 erhält einfach aus allen eingegangenen Beträgen seinen prozentualen Anteil.
439 968 2915 1144 Dieser Anteil darf nicht geringer sein, als der aus dem bisherigen Verrech-
2322 1042 2433 1097 G.H.F.P.
1536 1066 1626 1113 G.C.H.F.P.
439 1039 2918 1227 nungsmodus resultierende. Der Vorteil für beide Teile ist der der jederzei-
1032 1187 1122 1246 G.C.H
445 1168 2828 1363 tigen Abrechnungsmöglichkeit über eingegangene Summen, wodurch der Autor
869 1196 1005 1255 que le sujet a lire
448 1277 2794 1437 jederzeit seinen Anteil aus dem Erlös / bekommen kann; also nicht mehr
458 1376 2866 1536 Jahresabrechnung, sondern je nach den Wünschen des Autors, monatlich oder
458 1478 2838 1638 vierteljährlich. Bei den sehr hohen Preisen kommen verhältnismässig hohe
467 1570 2813 1762 Summen heraus und bei der stetigen Entwertung des Geldes ist es für den
464 1641 2912 1876 Autor wichtig, dass er seinen Honoraranteil nicht erst nach vielen Monaten
473 1777 2937 1966 verrechnet bekommt.-Ich möchte wissen, wie Sie prinzipiell dazu stehen; der
467 1879 2853 2068 Prozentsatz müsste erst noch genau errechnet werden, er bestimmt sich im
473 2003 2881 2220 wesentlichen durch die Höhe der Einbandpreise, die bei der palkulation in
482 2114 1444 2281 die Hauptrolle spielt.
609 2164 2890 2356 Sie sind in Oesterreich mit Ihren eigenen Schwierigkeiten genügend in
479 2312 2903 2473 Anspruch genommen, ich will Sie nicht mit den Schwierigkeiten langweilen,
488 2399 2924 2563 mit denen wir hier zu kämpfen haben. Wir müssen die Preise der Bücher, die
492 2488 2890 2665 vorhanden sind, auch immer der Entwertung des Geldes folgen lassen, damit
492 2609 2705 2757 auch Ihr Honorar immer automatisch der Entwertung des Geldes folgt.
587 2686 2934 2856 Bitte lassen Sie mich wissen, in welchem Einband die beiden Ergänzungs-
504 2794 2906 2980 bände Ihrer Gesammelten Werke der Hofrätin Zuckerkandl zugeschickt werden
1475 2965 2232 3128 Mit herzlichen Grüssen
507 2983 751 3141 sollen.
1796 3073 2294 3258 H. Fische
451 3141 2822 3388 N.B. Ich kann nicht sagen, ob die tashechisch-elowakischen Hartinnater
535 3298 2887 3490 industriell genug sind, sich Ihre Bücher aus Anlass dieses Vortrages auf
560 3450 2835 3598 Lager zu legen. Die Andrésche Buchhandlung in Prag, die grösste in der
