3065 3623
1387 145 1554 287 377
796 186 2348 432 S. Fischer Verlag Berlin M., Bülowstrasse 90
1562 367 1902 498 18/1. 1917
717 684 1595 870 Herrn Dr. Arthur Schnitzler
1582 777 1765 963 Wien
558 996 1034 1130 Lieber Freund,
763 1133 2594 1264 vielen Dank für Ihre freundlichen Nachrichten. Wir hatten
572 1212 2619 1376 gedacht, dass Sie uns eine Novalle anwie ten könnten im Umfang von
569 1330 2654 1475 etwa 30-40 Rundschauseiten, die in einem, höchstens in zwei Heften
569 1426 2725 1573 abgedruckt werden kann. Wir haben mit dem Abdruck eines neuen (übri-
575 1546 2679 1661 gens prachtvollen) Romans von Hermann Stehr begonnen; er wird durch
566 1636 2594 1776 mindestens zehn Hefte gehen, und daneben können wir nur Novellen
569 1757 2706 1880 bringen, die in einem, höchstens in zwei Heften unterzubringen sind.
569 1852 2649 1987 Eine grössere Novelle könnte also, wenn Sie sie in diesem Jahr als
566 1967 2621 2096 Buch nicht herausgeben, eventl. nur fürs nächste Jahr in Betracht
577 2063 2668 2205 kommen, eine kürzere in dem hier genannten Umfang ist uns jederzeit
575 2159 1092 2285 sehr willkommen.
826 2263 2671 2391 An eine Veröffentlichung neuer Arbeiten von Ihnen in meiner
572 2350 2744 2482 Mark-Bibliothek habe ich natürlich nicht gedacht, denn die Verwertung
580 2474 2698 2594 Ihrer Arbeiten ist selbstverständlich zunächst vorteilhafter ausser-
572 2572 2662 2690 halb dieser Sammlung, und es ist ja überhaupt auch so gedacht, dass
572 2682 2679 2794 die Bibliothek eine neue Verwertungsmöglichkeit für solche Arbeiten
580 2794 2712 2909 der Autoren meines Verlages bietet, die in der ersten teuren Ausgabe
569 2859 2769 2980 nicht mehr verbreitungskräftig genug sind. Unter diesem Gesichtspunkt
569 2966 2720 3117 können Sie nach meiner Meinung mit den Resultaten für "Bertha Garlan"
580 3089 2610 3218 und "Die "griechisch ###nzerin" sehr zufrieden sein; Sie haben für
583 3169 2186 3335 "Bertha Garlan" bisher für 43 000 Exemplare M. 4300
361 3284 473 3426 F. 276
