3179 4040
1587 211 1773 377 spol.
831 293 2334 481 S. FISCHER / VerLAG
536 403 2641 602 Bankkonto: Deutsche Bank, Depostenkasse P Berlin / Postscheckkonte: Berlin 1062
1014 501 2166 672 BERLIN W57, BÜL à WSTRASSE 90
1205 602 1975 724 Fernruf: Lützow 1662, 6162 und 9292
2030 626 2410 759 3/XI. 1919
597 985 1471 1141 Herrn Dr. Arthur Schnitzler
1749 1060 1926 1208 Wien
576 1295 1054 1442 Lieber Freund!
655 1416 2734 1590 Im Buchhändler-Börsenblatt war die anliegende Anzeige von Gebrüder
547 1529 2859 1674 Paetel abgedruckt. Infolge Ihrer Mitteilung, dass die "Schwestern" Anfang
559 1607 2806 1781 Dezember im Burgtheater zur Uraufführung kommen, habe ich geglaubt, die
559 1738 2676 1897 Bemerkung von Gebrüder Paetel: "Der Text ist nur im Oktoberheft der
562 1825 2804 1978 Deutschen Rundschau zu haben"inanstanden zu müssen. Darauf ist mir die
573 1946 2876 2071 abschriftlich beiliegende Antwort zugogangen, die mich nun aufklärt, wenn
579 2048 2844 2224 sie auch den Text der Anzeige nicht vollkommen rechtfertigt. Wir werden
573 2152 2876 2329 nun die Dispositionen so zu treffen suchen, dass die "Schwestern", die ja
582 2250 2792 2395 schon gedruckt vorliegen, Anfang Dezember in Wien eintreffen. Dass bei
579 2360 2792 2508 den jetzigen Verkehrsverhältnissen eine Sicherheit dafür nicht gegeben
588 2459 2728 2604 werden kann, dass die Bücher ein par Tage vor oder nach der Premiere
585 2592 2071 2740 ankommen, das werden Sie ohne weiteres zugeben.
736 2641 2769 2847 Ich benutze diese Gelegenheit, um auf einen Ihrer letzten Briefe
594 2775 2922 2951 wegen der leidigen Honorarfrage zurückzukommen. Es tut mir sehr leid, dass
588 2882 2861 2995 Sie immer wieder Anlass zu haben glauben, über den jetzigen Honorarmang
591 2980 2838 3119 Klage zu führen. Ich wünschte, die Verhältnisse lägen so, dass wir, wie
602 3064 2749 3224 vor dem Krieg, über das Honorar garnicht zu sprechen brauchten. Aber
602 3163 2853 3357 während Sie zugeben, dass die Herstellungskosten, Löhne und Vertriebs-
602 3284 2728 3447 kosten ins Ungemessene gewachsen sind und dass diese Mehrkoste auf
617 3374 2885 3536 irgend eine Weise hereingebracht werden müssen, wollen sie für sich eine
