3288 4199
1408 380 1519 534 1782
1371 502 1825 687 Verlaten
1348 659 1786 781 Aktien-Gesellschaft
659 744 2490 877 Amt Lühzow Nummer 6162 Theaterabteilung postscheckkonto Nr. 1669
659 843 2262 931 Ma/Ro. Bankkonto: Deutsche Bank Depostrenkasse P in Berlin
1002 886 2240 1025 Berlin W, Bülowstraße 90, den 16.12. 1926.
792 1059 1002 1229 Herrn
1090 1101 2209 1286 Dr. Arthur Schnitzler
2368 1138 2637 1272 Wien
1059 1331 1993 1553 Sehr verehrter Herr Doktor!
1158 1524 2904 1672 Die Kölner Intendanz erinnert an den Aufführungsver-
673 1649 2913 1774 trag vKomödie der Verführungen. Dieser wurde, wie Sie sich entsinnen
681 1726 2913 1859 werden, gegen xxx
673 1851 2944 1990 gerer Zeit an Sie verrechnet wurden. Da nun das Kölner Theater keine
678 1970 2930 2072 Aussicht hat, das Werk aufzuführen, fragt es an, ob die finanzielle
676 2050 2890 2194 Seite dieser Sache in anderer Form geregelt werden könnte, weshalb
687 2163 2898 2331 wir um Ihre Stellungnahme hierzu bitten. Vermutlich würde das Thea-
678 2262 2450 2393 ter auf einen Tausch gegen ein anderes Werk eingehen.
2535 2299 2836 2498 mit, dass
1161 2356 2507 2518 Bei dieser Gelegenheit teilen wir Ihnen
2393 2441 2504 2492 G.C.F.P
693 2484 2907 2606 ein Herr Schall der in unserem Interesse in Paris tätig sein wird,
684 2575 2966 2705 die Absicht hat, die dortigen Bühnen für Aufführungen unserer Stücke
687 2688 2958 2819 zu interessieren. Für den Fall als Sie auch irgendwelche Interessen
678 2756 2944 2913 in dieser Hinsicht wahrzunehmen hätten, bitten wir Sie um Nachricht,
693 2890 2915 3029 ob wir Herrn Schall auch in Ihrem Namen zu einer solchen Propagands
701 3009 2878 3123 ermächtigen sollen und für welche Stücke. Das uns seinerzeit über-
693 3100 2609 3242 gebene Verzeichnis über die französischen Uebersetzungen
693 3228 2055 3355 ke dürfte wohl unterdessen überholt sein.
1854 3310 2907 3520 niglicher Hochachtung a ergebensten Gräs¬
1558 3316 1811 3512 Mit vor
1817 3446 2350 3517 S. FISCHER.VERLAG
1865 3500 2316 3565 AKTIENGESEL L SCHAFT
1882 3548 2356 3659 HEATERABTEILUNG
1947 3622 2248 3767 exnerie
