3077 4057
1370 352 1557 516 722
635 913 2604 1152 S·FISCHER/VERLAG^THEATERABTEILUNG·BERLIN
1957 1069 2595 1211 W 57. BÜLÖWSTR90
567 1160 1886 1302 Herrn Dr. Arthur Schnitzler, Wien
1994 1339 2754 1526 Den 5. Februar 19 25
579 1441 1472 1617 Sehr geehrter Herr Doktor,
1472 1523 2626 1679 auf unser Drängen, die Aufführung
590 1685 2819 1807 "Komödie der Verführung " betreffend, erhalten wir heute von Herrn
576 1787 2859 1900 Intendant Hartung den beiliegenden Brief, den wir nicht beantworten
576 1897 2728 2025 möchten, ohne Sie vorher davon in Kenntnis gesetzt zu haben und
579 1988 2848 2161 Ihre Stellungnahme zu dieser Sache zu wissen. Dprfen wir Sie daher
579 2082 2822 2241 um recht baldige Erledigung erwuchen? Den Brief erbitten wir nach
573 2209 1741 2391 Einsichtnahme gleichezitig zurück.
1574 2337 2550 2462 Mit vorzüglicher Hochachtung
1985 2431 2317 2601 ergebenst
2190 2493 2720 2609 S. FISCHER, VERLAG
2229 2589 2689 2652 AKTIEGESELISCHAFT
2181 2635 2737 2726 THEATERABTEILUNG
2212 2703 2683 2828 Dr Kllard
