3085 3865
659 1087 2541 1296 S· FISCHER/VERLAG^THEATERABTEILUNG·BERLIN
1283 1242 1885 1346 W 57. BÜLÖWSTR90
562 1304 2316 1469 Herrn Dr. Arthur Schnitzler, Wien, Sternwatestr. 21
2507 1383 2690 1521 19 24
1955 1432 2321 1573 Den 3. Mai
578 1558 1479 1733 Sehr geehrter Herr Doktor,
1451 1678 2671 1809 in der Anlage überreichen wir Ihnen
591 1775 2690 1890 eine Abrechnung von Aufführung „Antol“ in Italien. Wir hatten
588 1843 2682 1968 angefragt, auf welcher kontraktlichen Unterlage sie die Auffüh-
585 1892 2661 2015 rung vorgenommen haben, und erhielten beiliegende Antwort. Das
585 1939 2627 2065 Geld Lire 717,85 lassen wir Ihnen von der Deutschen Bank auf
585 1955 2684 2156 Ihr Konto In der Schweiz "Eidgenössischen Bank", Zürich über-
583 2107 852 2216 weisen.
1194 2122 2164 2295 Mit vorzüglicher Hochachtung
1479 2261 2000 2376 S. FISCHER, VERLAG
1516 2342 1976 2418 AKTRENGE8ELLSCHAFT
1464 2384 2018 2546 THEATERAETELUNG
1234 3369 2784 3563 denen wir Ihnen ausserdem Goldmark 1000.–, sowie
2561 3510 2812 3633 2. Blatt
374 3502 606 3651 R 20000. 4. 22.
