3130 3816
1226 257 1390 386 G12.
435 317 2586 605 S. Fischer/Verlag/ Berlin W 57/Bülowstraße 90
736 498 2277 607 Fernsprechanschlüsse: Amt Lützow Nr. 1662. 6162 und 9292 / Postecheckkonto: Berlin Nr 16892
1116 550 1899 690 THEATERABTEILUNG
1056 648 1943 837 Berlin, den 29. März 1923
1486 835 1598 1001 G.H.F.P
531 1007 742 1163 Herrn
706 1070 1571 1264 Dr. Arthur Schnitzler
1978 1177 2080 1357 P.
1620 1149 1913 1365 Wien
553 1341 1472 1532 Sehr gerehrter Herr Doktor,
1505 1417 2649 1612 in der Angelegenheit Wotitzky er -
564 1530 2638 1765 laube ich mir darauf hinzuweisen, dass eine Bewerbung seitens
566 1702 2720 1888 des Foreig, Press Service nicht notwenig auszuschliessen braucht,
566 1820 2723 1989 dass jemand in Amerika, mit Woditzkys Uebersetzung in der Hand,
575 1962 2550 2129 im Trüben fischt. Die betreffenden Kreise arbeiten da sehr
580 2066 2586 2266 energisch Hand in Hand und Sie können nicht wissem, wer das
580 2208 2777 2389 Poreign Press Service von Amerika aus aufgefordert hat, sich hier
588 2320 2687 2506 bei Ihnen um das Aufführungsrecht zu bewerben. Im übrigen be-
586 2424 2635 2627 steht in dieser Angelegenheit zwischen uns wohl insofern ein
586 2547 2766 2750 Missverständnis, xxx als ich ja nicht gesagt, noch auch gedacht
594 2671 2692 2911 habe, Sie hätten in Amerika irgend jemand ausser Woditzky be-
605 2805 2734 2980 rechtigt, das Aufführungsrecht von "Weites Land " zu vergeben.
613 2944 2580 3125 Vielmehr nahm ich an, dass irgendwer in Amerika an Sie ge
2244 3059 2829 3212 dung der Angelegen¬
613 3056 2211 3273 schrieben habe und Ihnen deshalb nun die Erledi,
613 3182 2777 3393 heit Wohitzky dringlich geworden sei, da Sie negativenfalls dann
632 3305 2818 3524 jene andere Person evtl. ermächtigen würden. Jedenfalls danke ich
1688 3431 2706 3664 Eine befristete Verlängerung
