2938 3943
797 484 1849 670 3. Fischer - Verlag
1908 489 2248 681 Berlin
619 738 2448 870 Amt Lüzow 1662 u. 6162 Theaterabteilung postscheckkonto Nr. 16692
1124 803 1967 924 Berlin W 57, Bülowstraße Nr. 90
1062 889 1384 989 doie je se
568 824 1000 1013 affaires
1584 905 1670 995 G.F.P.
1705 870 2513 1008 xyz xxx nach momek xxx
1238 916 1916 1043 Den 4. Mai 191
535 970 730 1051 G/Sch
549 995 2508 1143 sich redoirs seb darub eib, " Regieff" esb nachmündlich es
430 1084 2497 1267 hebbst nevossörg negindö neh m. nebraw jedlsdanzrev detmedt
486 1192 2497 1367 Ihm meJfadrev seitornd messorg neh al.Iive eiwos siendos tot
532 1300 724 1373 Herrn
1440 1313 2513 1478 xxx dolz edläldte malsneä wederid
535 1311 1419 1467 xxx xxx
930 1413 1651 1489 Dr. Arthur Schnitzler
346 1449 2513 1565 nemdenrejng us sjiroM.JH bnn sovsi, melisä.13 Jasd, med ni
1800 1511 2067 1586 Wien
2070 1522 2508 1678 ̃"̃ '̃ ̃̃ V:V: ':
1516 1524 1881 1697 G.O.W.H.
1284 1522 1419 1646 ntod
378 1527 1232 1692 .diiindedos edso hebstel
362 1651 2513 1794 Sehr geehrter Herr Doktor,
349 1746 2505 1873 Direktor Wenzler und dessen ge¬
1467 1851 1754 1916 G.C.P.
511 1840 2646 2011 schäftlicher Mitarbeiter Herr dieser erklären zu der Erwerbung
2227 1951 2600 2121 einen Vor -
932 1992 2343 2124 dass sie nicht in der Lage seien und
535 2005 940 2138 ven “Reigen”
2416 2059 2497 2119 O
549 2111 2619 2221 schuss zu bezahlen und, falls auf dieser Bedingung bestanden
346 2116 438 2265 P.S.
824 2189 997 2251 G.C.H.F.S
546 2203 2713 2338 so sehr sie dies auch bedauern müssten, auf die Eerwerbung
554 2311 2719 2443 zu verzichten. Wir haben die Sache zunächst dillatorich behandelt
381 2254 535 2457 G.C.H.F.F
549 2416 2559 2554 und bitten, ehe wir Herrn Direktor Wenzler eine Entscheidung
535 2540 2240 2662 geben, uns gefällist Ihren Standpunkt mitzuteilen.
2270 2530 2475 2657 G.H.F.P.
565 2627 2611 2762 Zu Ihrer Orientierung bemerken wir noch;
551 2732 2597 2875 wir haben inzwischen an verschiedenen Stellen Informationen
565 2867 2621 2975 eingeholt und dabei auch unsererseits bestätigt erhalten, dass
554 2962 2586 3075 die Direktion Wenzler für Zürich ein Monopol besitzt. Darüber
559 3062 2559 3178 hinaus aber muss als feststehend betrachtet werden, dass die
551 3154 2724 3316 Schweiz überhaupt Gastspiele ausländischer Gesellschaften sowohl
570 3257 2635 3370 der deutschen wie der französischen nicht mehr zulässt und die
576 3351 1262 3500 Einreiseerlaubnis all
1513 3362 2686 3516 tigen Ensembles grundsätzlich ver-
2351 3470 2605 3648 Tag noch keine
