2957 3959
1245 247 1403 357 48a
349 343 2522 492 S. Fischer/Verlag/Berlin W 57/Bülowstrasse 9o.
557 453 2314 573 Bankkonto: Deutsche Bank. Depositenkasse P in Berlin / Postscheckkonto; Berlin Nr: 16692
843 523 2035 638 Fernsprechanschlüsse: Amt Lützow Nr. 1662. 6162 und 9292
298 722 486 860 F/Si.
2134 745 2558 883 5. Jan. 1921
630 810 1361 961 erhüb.dinekrev gebaadet
270 843 427 945 a P0e 7
1541 807 2024 973 Er möl meinam
554 928 728 1094 les
1712 947 1999 1071 G.H.F.K.P.
787 922 1695 1082 Herrn Dr. Arthur Schnitzler
2030 1051 2263 1200 Wien
1785 1102 1903 1245 G.F.P.
551 1192 1032 1327 Lieber Freund,
618 1355 2614 1470 die illustrierte Ausgabe des " Casanova " ist vor Weihnachten
484 1467 2696 1577 nicht fertig gevorden. Es wäre leichtsinnig gewesen, die sorgfältige
495 1557 2637 1664 Herstellung des Buches über den Haufen zu rennen, um ein paar Tage
492 1661 2643 1763 vor Weihnachten dafür zu gewinnen. Es kommt hinzu, dass die Luxus-
492 1757 2673 1875 Ausgabe sich an einen bestimmten bibliophilen Kreis wendet, der mit
492 1878 2747 1990 der Weihnachtskonjunktur nichts zu tun hat. Die beiden Ausgaben werden,
495 1968 2676 2100 wie ich hoffe, im nächsten Monat erscheinen und sicher Ihre Wirkung
489 2078 647 2190 tun.
613 2148 2721 2294 Es ist mir nicht bekannt, dass die Druckerei anstatt 125, 131 Ex-
495 2263 2721 2378 emplare der Luxusausgabe hergestellt hat; ich vermute es handelt sich
489 2378 2685 2513 um Ueberschussbogen oder um einige Exemplare, die wegen mangelhafter
484 2494 2634 2598 Papier- oder Druckbeschaffenheit nicht in die Auflage eingerechnet
484 2598 2631 2730 werden können. Ich werde Ihnen darüber noch Bescheid geben; jeden-
486 2702 2685 2820 falls dürfen mehr als 125 Exemplare nicht in den Handel kommen; wird
484 2803 2668 2918 es einige Exemplare mehr geben, dann werden wir uns diese als Frei-
469 2873 1046 3008 Exemplare teilen.
576 2955 2662 3118 In der gewöhnlichen Casanovanagaben haben wir Ihnen die letzten
481 3059 2572 3230 10 000 Exemplare, das 31. - 40. Tausend, im April vorigen Jahres
484 3191 2567 3365 honoriert; übrigens sind diese Exemplare noch ziemlich vollzählig
486 3269 790 3418 vorrätig.
649 3334 2662 3562 Wegen des "Reigens" habe ich mich erkundigt, das Buch wird in
177 3503 458 3725 R.M. 10000. x. 20.
