2903 3991
1850 298 2377 440 Blatt...
205 312 1809 462 S. FISCHER, VERLAG, BERLIN,
527 434 801 555 Theaterabteilung
336 585 2170 746 ue renieamie älreinnte. fave ach nagelw.Hellow menehmie
350 648 2457 803 dasc die Angelegenheit mit Ihnen nunmehr geordnet werden würde.
1866 735 2325 814 rehns nov eidosz
1142 757 1694 828 nemann xxxrems
358 784 784 866 am xxx nach xxx
355 806 2416 945 Zweifellos handelt es sich aber auch hierbei nur um eine Hin-
2249 842 2334 907 G.F.P.
1355 847 2181 935 og hrof weM doss nogamnA
544 896 746 976 " doobe
352 896 2342 1049 haltung. Wir glauben, dass es sachlich doch wohl nicht der
350 902 497 976 G.A.F.S.
2107 948 2328 1019 G.C.F.P.S
1798 959 2030 1027 de V:A:S:
1391 967 1779 1044 G.C.H.F.K.D.
355 995 2380 1139 Mühe wert ist, die Drohung eines Prozesses wegen eines rein
366 1082 2563 1230 formalen Momentes wahr zu machen und glauben erreichen zu können,
374 1180 2541 1374 dass falls Sie den durch uns geschlossenen "ertrag im übrigen an-
380 1317 2355 1476 erkennen, wir überdies einen Vorschuss von etwa 10000 Mark
391 1399 2323 1574 erhalten. Wir würden die Verhandlungen so führen, dass Ihr
393 1467 2396 1680 Prästige-in keiner Weise darunter leidet. Eine Provision für
2063 1599 2186 1664 aae
399 1672 2164 1782 diese Bemühungen würden wir nicht in Anspruch nehmen.
2047 1749 2369 1869 en ist uns
710 1762 877 1864 lʼhonneur lʼautre
798 1765 2006 1880 Von " Reigen " Aufführungen in Rumän
1000 1844 1303 1918 Votre très avoir beaucoup de nouveau.
396 1855 2465 2006 nichts bekannt. Wenn wir nicht irren gehört dies jedoch zu den
402 1981 1088 2123 Agenden von Karczag,
847 2071 2424 2216 Ueber Demetz berichteten wir Ihnen vor längerer
839 2077 1077 2167 G.C.H.F.P.M
1962 2156 2538 2284 ischen " Reigen "-
407 2175 1976 2314 Zeit dahingehend, dass Demetz die beiden chechi
1965 2213 2377 2290 la fois de la foisse avec maître
410 2276 2522 2465 Aufführungen die er in eigenmächtigerweise gestattete hat, mit
426 2377 2443 2579 8% Tantieme unter Abzug von 50 % verrechnet und bezahlt hat.
429 2492 2462 2648 Eine darauf bezügliche energische Reklamation hat er unbeant-
434 2607 2536 2754 wortet gelassen. Wir verständigten Sie bereits davon, dass wir
437 2713 2481 2866 gleichzeitig unser Verhältnis zu Demetz von dem wir praktisch
448 2817 2478 2984 seit langem keinen Gebrauch mehr machten, auch formell gelöst
440 2976 672 3107 haben.
814 2970 2394 3167 Die Angelegenheit der amerikanischen Gesamtaus-
459 3085 2585 3293 gabe dürfte sich nicht realisieren, da Boni und Liveright sicht-
462 3219 2593 3399 lich auf andere als die ursprünglich vorgeschlagenen Bedingungen
