2930 4008
2156 264 2339 378 Blatt
1900 308 2135 407 ..g.
288 285 1177 456 S. FISCHER, VERLAG, BERLIN,
598 410 866 508 Theaterabteilung
2266 543 2452 668 entem
1798 552 1961 680 G.C.M.
1569 587 1743 680 G.H.F.P.
1406 601 1551 691 G.C.F.P.
497 596 857 715 berichtsrei
334 593 2426 761 der Umstand, dass Sie keinesfalls irgend einen finanziellen
2173 706 2376 773 edasad
1301 718 2013 805 xxxndidoeii neaier xxx
1011 738 1156 808 and
340 752 2466 860 Schaden erleiden können. Bei der finanziellen Zweifelhaftigkeit
340 752 738 822 Temmi liiw f
2292 808 2455 871 vioon
500 857 837 933 G.C.H.F.P.S.
343 819 2452 982 Ziegels war mir von Anfang an klar, dass wir ihm hinsichtlich
352 866 471 927 G.C.F.P.
352 915 2507 1089 der Finanzgebarung keinesfalls alles überlassen durften, deshalb
1577 1040 1836 1118 peu bais
354 1081 2478 1223 bat ich Sie seinerzeit telegraphisch, die zu fordernde Garantie
1223 1159 1557 1229 G. A. v. M.
354 1121 2542 1299 für je zehn Vorstellungen festzulegen. Die betreffende Summe wäre
1755 1255 1909 1322 O.W.S.
363 1261 2519 1412 denn jeweils von 10 zu 10 Vorstellungen vorauszuerlegen gewesen.
346 1299 450 1360 a e. h.
959 1383 1075 1479 G.F.P.
360 1362 2620 1511 Dies hätte auch den Vorteil gehabt, dass die Garantie eine tragbare
1627 1470 1810 1540 G.C.F.P.
363 1473 2516 1633 Form angenommen hätte, denn da zunächst nur 10 Vorstellungen im
360 1569 2504 1734 Haag beabsichtigt sind und der Erfolg, worüber wir uns ja einig
378 1685 2414 1836 sind, nicht abgemessen werden kann, so ist eine Garantie von
372 1784 2484 1952 2000 Gulden ohne Rückzahlung zunächst nicht leistbar oder doch
372 1865 2542 2054 nur dann, wenn die betreffneden Unternehmer gewillt sind, alles
378 2002 2510 2158 auf diese eine Karte zu setzen. Die Situation ist also so: dass
378 2089 2490 2278 Ziegel gemäss Ihrem Telegramm eine Kaution (nicht
389 2187 2548 2373 Garantie ) zu stellen verpflichtet ist, dass man die von ihm als
389 2312 2469 2472 Ersatz angebotene Bankbürgschaft nicht anzunehmen braucht und
395 2429 2429 2583 daraus einen wie ich glaube zureichenden Rechtsgrund erwirnt
1490 2545 1682 2612 A.N.P.
398 2524 2661 2696 bei Nichterlegung gegen ihn vorzugehen, zumal diese Auffassung noch
1842 2646 1955 2710 in S
1548 2652 1641 2719 G.C.P.
404 2658 2600 2803 durch eilige weitere Momente, die ich in meinem gestrigen Briefe
1595 2748 1842 2829 L:H:F:H.H:
1862 2745 1949 2812 to be
401 2725 2737 2928 ausführlich auseinandergesetzt haben, gestüzt wird. Rein kaufmännisch
1508 2832 2516 2934 begründalnden mögliche Stadt
407 2905 2559 3056 gesehen gebe ich aber der Bürgschaft den Vorzug vor der Kaution.
1290 2943 2513 3044 saabifoadA edladltej-tov Ides sjiered
985 2983 2614 3103 Wie Sie aus meinem an Ziegel gerichteten "Triefe
2275 3047 2504 3123 The Tries
1124 3071 2228 3146 Ihm xxx
418 3088 2734 3213 ersehen, ist die von zugesagte Bürgschaftserklärung der Hanze-
712 3059 1020 3166 ein dolm
357 3059 456 3166 G.C.F.P.
941 3166 2501 3251 sulioe.nebnf'ed pa nendl xxx nedolc¬
709 3198 831 3262 fra
424 3201 2707 3312 bank bisher nicht hier eingetroffen. Es ist also, wenn auch keines-
1795 3274 2016 3364 ändre V
1702 3286 1789 3347 G.H.P.
497 3291 1391 3381 e, même très-près bien.
427 3294 2644 3463 wegs wahrscheinlich, immerhin nicht unmöglich, dass inzwischen die
2042 3370 2373 3440 nebundrev.
1583 3381 1938 3457 Jno Ih xxx
1275 3390 1589 3463 Deinem xxx
732 3402 1130 3471 brijw meaaie
421 3413 2585 3553 Bank die Bürgschaftsleistung verweigert hat, dann natürlich wäre
