3032 3929
775 397 1037 583 Der /w
1091 391 2007 589 lag/Berlin 57/B.
1127 532 2058 676 ###t Lützow Nr. 1662. 6162 und 9292 / Postscheckkonto: B.
1151 610 1917 748 THEATERABTEILUNG
1079 703 1917 844 erlin, den 15. April 1925
490 1007 697 1229 Herrn
805 1130 1530 1334 Dr. Arthur Schnitzler
1659 1253 1899 1397 Wien.
376 1412 1289 1608 Sehr verehrter Herr Doktor,
1280 1490 2599 1716 auf Ihr Telegramm vom 91 ds. haben wir
370 1650 2656 1803 sofort telegraphisch weitere Aufführungen von Ihren Werken ohne vor-
370 1776 2735 1941 herige Genehmigung untersagt. Die Aufführung von
379 1902 2629 2022 war allerdings nicht mehr zu verhindern, da die Funkstunde sich auf
394 2013 2590 2149 den Standpunkt stellte, dass sie auf Grund unserer ersten Abmachung
358 2122 2753 2230 noch spielen konnte und auch das Geld gleichzeitig an uns zur Absendung
361 2197 1533 2371 gebracht hat. Ein Präjudiz ist meil
1524 2203 2683 2335 ger Ansicht nach durch diesen Sach
1166 2302 1533 2368 G.C.H.F.P.P
373 2311 2593 2482 verhalt nicht geschaffen worden, da es ja ganz in unserem Belieben
364 2416 2518 2569 steht, welche Beträge wir für die einzelnen Aufführungen von den
361 2548 2629 2677 Sandegesellschaften verlangen und wie Sie sehen fügen sich doch die
361 2653 2683 2777 Gesellschaften, obwohl eine gesetzliche Grundlage noch nicht besteht.
361 2768 2644 2891 Solange der von uns angestrengte Prozess in Sachen Hoffannstahl noch
2659 2765 2816 2966 geget
355 2885 2768 3017 nicht in letzter Instanz entschieden ist, ist dafür keine sichere Basis.
1590 2957 1998 3035 eingesellene
361 2954 2708 3086 Immerhin wird die erste für uns günstige Entscheidung die Gesellschag-
361 3086 2656 3218 ten veranlassen, zunächst keine Dramen ohne vorherige Genehmigung zu
355 3191 607 3336 senden.
1295 3275 1878 3468 im besten Empehlung.
2025 3312 2137 3459 VE /
1944 3555 2152 3663 sema
