3023 4103
667 436 2265 678 S. Fischer - Verlag = Berlin
2285 587 2370 706 Examinanten
561 701 2404 892 Amt Lützow 1662 u. 6162 Theaterabteilung postscheckkonto Nr. 16692
892 769 2082 880 Bankkonto: Deutsche Bank Depositenkasse P in Berlin
943 818 2134 983 Berlin W, Bülowstraße 90, den 23.12.191 25
442 1182 658 1339 Herrn
789 1248 1621 1459 Dr. Arthur Schnitzler
1675 1370 1940 1524 Wien
464 1473 1393 1704 Sehr verehrter Herr Doktor,
1407 1564 2629 1772 aus Ihrem Schreiben vom 21. ds. Mts.
479 1689 2618 1909 entnehme ich mit Dank Ihre Zustimmung zum Abschluss des General
479 1835 2621 2011 vertrages mit Italien von dessen zustandekommen ich Ihnen noch
476 1912 2752 2100 Mitteilung machen werde. Die Tantiemenausrechnung die versehentlich
1843 2017 2017 2091 DATES DES ACTES
496 2028 2769 2239 dem Brief nicht beilag, finden Sie in der Anlage. - Was Sie über den
493 2165 2752 2356 Urheberrechtschutz schreiben, ist aber doch längst Wirklichkeit ge
487 2222 2649 2439 worden. Insofern ist doch das geistige Eigentum dem materiellen
501 2364 2746 2558 Eigentum gleichgestellt, als das Stehlen auf geistigem Gebiet eben-
507 2490 2758 2632 so strafrechtlich verfolgt wird, wie die Verletzung anderer Rechte.
504 2570 2712 2772 Allerdings mit dem einem Unterschied, dass die Verletzungen nicht
518 2658 2809 2880 von seiten des Staatsanwaltes verfolgt werden, sondern nur auf priva-
2672 2755 2815 2863 au moins de ses
530 2846 914 2997 ten Antrag.
1083 2883 2778 3079 Nach Ihrem entgiltigen Imprimatur werden noch drei
536 2983 2792 3182 Wochen zur Fertigstellung des Buches benötigt.
524 3131 2740 3316 Eintreffen der Korrektur abhängen, zu welchem Zeitpunkt das Stück
524 3302 1151 3441 herauskommen kann.
