3146 4023
1391 324 1632 465 bl4
562 397 2750 594 S. Fischer/Verlag/Berlin M 57/Bülowstraße 9o.
832 553 2535 668 alkonto: Deutsche Bank. Depositenkasse P in Berlin / Poetscheckkonto: Berlin Nr. 16692
1256 618 2241 747 anschlüsse: Amt Lützow Nr. 1662, 6162 und 9292
512 691 703 844 F/Si
2138 724 2603 853 5. Nov. 1920
868 879 1794 1044 Herrn Dr. Arthur Schnitzler
2203 991 2459 1150 Wien
665 1029 2724 1229 Lieber und sehr verehrtem Freund, xxx
747 1191 2827 1371 wir drucken von »Anatol» vier Auflagen ( 23.-26.) vom „Weiten
603 1329 2821 1447 Land » drei Auflagen ( 8.-10), der Preis des broschierten Exemplars
603 1418 2941 1556 wird zu je 6 Mark betragen, wozu noch der 25%ige Verlagszuschlag hinzu-
606 1547 2850 1671 kommt. Vom Ladenpreis zu 6 Mark gerechnet wird das Gesamthonorar für
626 1618 800 1685 G.H.M.
1053 1624 1674 1700 bei nogendödnesie.
1918 1627 2368 1706 G:C:S:a:r:a;a:o:r I:a.
606 1638 2850 1777 den Neudruck der beiden Bücher zu 20 % Tantieme 8 400 Mark betragen.
1065 1732 2703 1815 ogel nedandän neb al neadlam.t xxxi Jut.
600 1774 2821 1877 Nun wäre aber doch noch zu besprechen, ob Sie mir Tantiemenfreiheit
606 1862 2838 1974 auf diesen Verlagszuschlag zubilligen; Sie haben sich darüber bisher
594 1962 1691 2097 prinzipiell noch nicht geäussert.
694 2059 2962 2215 Wir drucken 3 150 Exemplare der illustrierten Ausgabe von "Casanovan".
591 2141 2812 2309 Der Preis wird gebunden etwa 30 — 35 Mark betragen. Wir haben Ihnen
594 2271 2871 2388 dafür ein Honorar von 10 % vom gebundenen Exemplar vorgeschlagen (es
597 2356 2862 2482 wird nur gebunden herausgegeben). Wir drucken ferner 150 Luxemdrucke,
2424 2450 2868 2527 iVVHVVVtVVyVVllVVmVVitVV1
588 2468 2894 2574 die in Leder und Pergament etwa 5 - 600 Mark, in Pappband etwa 250—300
579 2577 2768 2703 Mark kosten werden. Bezüglich der Luxusdrucke würde ich Ihnen eine
579 2671 2924 2791 Teilung des Reingewinns vorschlagen. Die Schlussbogen der 150 Exemplare
2418 2765 2568 2827 a
585 2797 2835 2932 werden wir Ihnen zur Unterzeichnung zusenden, schleunige Rücksendung
582 2871 932 2994 erwartend.
712 2938 2129 3127 Vielleicht würde es Ihnen eine gewisse Ruhe
2121 2921 2241 3079 un
2232 2962 2853 3147 Sicherheit geben,
2118 3041 2241 3124 G.C.H.P.
582 3094 2759 3244 wenn wir überhaupt für Ihre neu gedruckten Bücher eine Teilung des
574 3162 2856 3300 Reingewinns prinzipiell vereinbaren. Ihr Honorar wäre dann der garan-
576 3262 2938 3432 tierte Anteil auf die Hälfte eines Reingewinns, der mit Jahresende nach-
574 3394 2888 3547 zuweisen wäre. Ich sehe keine andere Möglichkeit, Ihnen die Gewissheit
562 3474 2791 3677 zu geben, dass Sie an der Royalität, mit der Ihre Honorarinteressen
