2918 3976
933 668 1562 821 Abschrift
747 936 2337 1111 Bezugnehmend auf Ihr wertes Schreiben vom 28.4.
315 1064 2309 1212 betreffend Uraufführung von Schnitzler " Reigen" teilen wir
312 1196 2271 1319 Ihnen mit, dass wir zwar auf dem Standpunkt stehen, dieses
293 1316 2438 1439 Stück kraft des geschlossenen Vertrages aufzuführen zu können,
306 1415 2509 1554 mit Rücksicht auf die bisherigen guten Beziehungen zum S. Fischer
320 1530 2372 1661 Verlag aber von einer Aufführung nach dem Wunsch des Verlages
315 1653 848 1790 absehen wollen.
1223 1743 2375 1992 gez. Deutsches Landestheater,Prag
