3066 3816
1721 291 2565 499 A 57/Bülowstrasse
700 300 1410 533 Fischer / Verlag /
925 467 2332 571 prechanschlüsse: Amt Lützow Nr. 1662. 6162 und 9292 / Postschsekkonto: Berlin Nr 1669.
1706 548 1810 669 EIL
1254 551 1660 709 HEATERABT
2306 646 2640 824 30.8.1924
801 879 945 1003 Dr.
545 896 758 1006 Herrn
1023 957 1675 1165 Arthur Schnitzler,
2260 1023 2401 1196 Wien
2165 1127 2294 1297 B.
804 1231 1718 1482 Sehr verehrter Herr Doktor,
1343 1369 2733 1608 Vielen Dank für Ihr Schreiben in der Ange-
542 1580 2721 1701 legenheit Hartung; es freut mich sehr, dass dieser Vorschlag Ihren
2052 1646 2165 1704 G.C.F.P.
545 1669 2753 1804 Beifall gefunden hat, und Hartung wird es wohl noch mehr freuen. Ich
545 1799 2790 1926 habe mir erlaubt, Ihre gute Meining über ihn, mit Ihren Worten an ihn
556 1897 2689 2041 weiter zu leiten. Mit Hartung werde ich nun mit ihm unter den ge-
530 2012 2727 2147 wünschten Kautelen abschliessen,und füge noch die Forderung einer
542 2113 2770 2286 Kautions hinzu, zu deren Leistung er sich prinzipiell bereit erklärt
545 2231 2666 2358 hat. Wir werden Ende der kommenden Woche über die Exemplare des
551 2323 2874 2502 Stückes verfügen. Der Termin bis Mitte Oktober ist knapp, und ich möch-
562 2444 2649 2583 te nun gerne wissen, ob Sie nunmehr noch Einwendungen gegen ein
571 2571 1784 2707 bot an auszückgewählten Bühnen haben.
2323 2635 2874 2793 Berlin schon ir-
1441 2666 2035 2813 Darf ich wissen, ob
602 2747 2874 2906 gend welche Abmachungen getroffen haben? Für weitere Führung ev. Ver-
1617 2848 2813 3015 erlich gern zur Verfügung, ohne daraus
588 2882 1286 3027 handlungen stellen wir in den
637 2989 1237 3133 irgend welche Anspr.
628 3093 1130 3237 einz liegen vor:
755 3226 1000 3347 berg, St
