3072 4072
994 411 1872 623 S. FISCHER / VerLAG
249 409 452 614 2. Blatt
348 652 2602 878 Prozenten ist ja vorher schon die Rode. Wäre etwas Anderes gemeint, so
362 791 2338 982 würde es den Sinn der vorhergehenden Sätze vollkommen aufheben.
484 895 2689 1075 Ich möchte Sie bitten, sich den Tatsachen nicht zu verschliessen, dass
368 1000 2582 1173 die Voraussetzungen für die vereinbarte Tantiene durch den ungeheuren
629 1127 852 1194 G.C.H.F.P
365 1089 2616 1246 Prozentsatz, den Herstellungs- und Vertriebskosten innerhalb des Laden-
1489 1202 2492 1315 sind. Ich müsste oft Gesagtes
368 1231 1501 1399 preises einnehmen, nicht mehr gegeben
1486 1284 1617 1371 le sujet.
919 1318 1313 1388 Mais elle lʼhonneur de luyant.
382 1318 2579 1501 wiederholen. Nur das muss ich noch einmal hervorheben: dass Sie trotz
371 1414 2579 1597 der geringeren Prozente einen viel grösseren Gewinnanteil haben, denn
385 1495 2573 1663 Sie bekommen Ihre Tantiene auf einen bedeutend erhöhten Preis, der nur
382 1602 2515 1796 durch die hohen Material - und Vertriebskosten in Erscheinung tritt.
1110 1721 1536 1791 und Neudrucke
591 1701 2709 1866 Für die Gesamtausgaben können wir auf den Verlegerteuerungszuschlag
1918 1799 2544 1886 iM~iH~t~i~i.t~tM~-uM~.
391 1820 2579 1985 von 20 % nicht verzichten, und zwar deshalb nicht, weil innerhalb des
391 1938 2582 2083 Testzusetzenden Ladenpreises eine weitere Belastung der Herstellungs-
472 1947 782 2017 G.C.H.F.T.K
388 2040 2614 2167 kosten durch Tantiemen unmöglich ist. Wir stehen unter dem Druck einer
391 2133 2561 2292 sehr starken Depression, die mit riesigen Kosten hergestellten Bücher
397 2251 2561 2408 bedeuten heute ein grosses Risiko, der Absatz bleibt zweifelhaft, und
403 2338 2567 2489 was mir übrig bleibt für den Fall, dass die Auflagen restlos verkauft
397 2422 2605 2593 werden, steht tatsächlich nicht im Verhältnis zu demirkierten Anlage
397 2530 2570 2724 kapital. Die Bücher dürfen also nicht in Preise überspannt sein, sie
1342 2643 1434 2709 G.C.H.P
397 2671 2727 2811 müssen so billig sein, als es heute möglich ist, und wir müssn wenigstens
403 2767 2608 2941 das zu erreichen suchen, dass etwas für den Verleger übrig bleibt. Es
411 2842 2695 3016 geht nicht, verehrter Freund, dass Sie sich solchen zwingenden Notwendig-
409 2944 2608 3132 keiten entgegenstellen, Sie werden billigerweise nicht verlangen, dass
884 3068 1005 3129 (ouvrage
411 3039 2651 3216 ich Geld und Arbeit daran wende, um an Ihren Büchern zuzusetzen. Es ist
2101 3141 2246 3208 G.C.H.F.P
411 3170 2648 3335 peinlich genug, immer wieder über das Honorar sprechen zu müssen, aber
423 3274 2741 3396 ich versichere Ihnen noch einmal und bin bereit, es nachzuweisen, dass wir
423 3378 2669 3584 bei Ihren Büchern bisher in vielen Fällen xxx Geld zugesetzt habe. Sie
