3075 3944
1384 293 1527 417 622
407 372 2666 601 S. Fischer/Verlag/Berlin M 57/Bülowstraße g
964 515 2504 732 Deutsche Bank. Depositenbesser P in Berlin / Postenhechterto: Berlin Nr. 16692
1320 601 1724 732 füsse: Amt Lützow N
2103 773 2504 977 6. Juni 23
474 786 662 970 F/Si.
767 954 1699 1168 Herrn Dr. Arthur Schnitzler
2166 1053 2357 1196 Wien
646 1158 1142 1333 Lieber Freund,
716 1247 2997 1470 der Nachtrag zu unserm Vertrag muss an einer Stelle abgändert werden,
630 1393 2927 1594 es muss heissen, dass Sie für broschierte Exemplare 24 X Tantiene vom
633 1517 2981 1724 Erlös bekommen, das entspricht bei broschierten Exemplaren der Tantiene
646 1626 2994 1804 von 15 X vom Ladenpreis des broschierten Exemplars gerechnet. Im Allge-
636 1731 2936 1890 meinen werden bei Neuherstellungen nur noch gebundene Exemplare ange-
649 1797 3035 2007 fertigt, aber bei Autoren, deren werk im Wesentlichen aus Dramen besteht
655 1896 2930 2119 werden mehr broschierte Exemplare als bei erzählenden Werken gekauft,
652 2033 2997 2205 da letztere fast nur noch gebunden abgesetzt werden. Aus diesem Grunde
665 2112 2946 2306 ist die Korrektur bei Ihnen notwendig und Sie werden ja darüber nicht
671 2287 1018 2437 böse sein.
722 2338 2984 2507 Die bestellten Freiexemplare Ihrer Bücher gehen, sobald wir die Aus-
671 2481 1788 2660 fuhrbewilligung haben, an Sie ab.
1476 2574 2249 2730 Mit herzlichen Grüssen
1721 2688 1867 2825 Ihr
1527 2806 2195 3051 F. Fischer.
484 3083 2752 3258 P.S. Ihr Guthaben aus der letzten Theaterabrechnung wurde bereits am
487 3204 3044 3375 5. Mai auf Ihr Konto bei der Deutschen Bank überwiesen. Wir haben von der neues¬
464 3296 2558 3490 Adresse für die Ueberweisungen von zahlungen Henntnis genommen.
2281 3643 2612 3830 of the
