3224 3735
1621 191 2231 369 Nr. 10092 — Fernsprech-Anschlasse
578 231 761 394 Dankkonto:
2075 256 2671 445 Berlin W. 57, Bülowstraße 90
985 761 1844 970 Herrn Dr. Arthur Schnitsler
1847 852 2138 1048 Vian. XVII.
2354 1018 2616 1166 P.S.
1203 1113 1829 1284 Sehr geehrter Herrl
1030 1224 2731 1450 Wir haben von verschiedenen Seiten Anfragen wegen des
887 1394 2832 1558 Uebersetzungsrechts von „Casanovas Heimfahrts für Schweden er-
894 1497 2912 1666 halten. Wie Ihnen bekannt, beeitst Herr Linden ein Vorrecht auch
894 1628 2889 1786 für Ihre ersählenden Werke. Wir haben ihm auf seinen Wunsch vor
899 1716 2887 1867 ca vier Wochen ein Exemplar des Buches geschickt und um baldige
889 1819 2864 1985 Entecheidung mit Angabe des Honorars gebeten. Heute erhalten
902 1937 2794 2085 wir eine Anfrage von Nyt Nordick Forlag, Kopenhagen, der die
905 2033 2789 2183 Uebersetzungerechte von „Caschovas, sowie auch für „Reigene
915 2173 2912 2299 für ganz Skandinarien zu erwerben wünscht. Wir haben heute noch
917 2269 2827 2394 den mal an Herrn Linden geschrieben und un beschleunigte Ent-
899 2352 2884 2490 schliessung ersucht, bitten aber inwischen uns Ihrerseite mit-
915 2482 2854 2603 suteilen, unter welchen Bedingungen Sie die Uebersetzungsrecht
915 2595 2817 2719 für Schweden oder für ganz Shandinavien zu vergeben wünschen.
912 2683 1995 2849 und wie es mit dem „Reigens steht.
1834 2731 2638 2927 at vorzüglicher Bebrachtung
1904 2879 2563 3070 Qua 8. Etegner. Vorzug
2437 2990 2588 3103 you
