3128 4102
1432 350 1852 526 milma
1004 498 2078 609 nicht xxx werden mögten. Denn xxx
1193 570 1983 734 OMUJISTASSTASHT
648 768 2662 929 1. Von einer beabsichtigten "Reigen" Aufführung in Kopen -
656 851 2756 1054 hagen ist mir hichts bekannt. Ich habe deshalb bei Kalokar an-
668 1012 2703 1210 gefragt und werde Sie sogleich benachrichtigen, sobald Ant -
2320 1104 2531 1232 G.C.H.F.F:D
1569 1121 2128 1224 B nesseiffo am xxx
1385 1143 1502 1218 G.H.P.
670 1196 1430 1310 wort eingetroffen ist,
2225 1171 2311 1299 G.F.P.
1516 1185 1911 1329 Pieter et Décembre
773 1274 1012 1360 ais sil
832 1221 2881 1407 2. Von "Kömödie der Worte "in Spanien habe ich trotz einer
676 1368 2876 1585 schon im Sommer erfolgten Anfrage nichts mehr gehört. Eine Fermi-
565 1385 676 1482 G.H.F.P.
1455 1499 1569 1571 do.F.
1046 1524 1132 1588 G.C.F.P.
673 1468 2859 1699 nierung ist in der Ermächtigung, die wir einem Herrn Kingaro San
2506 1585 2653 1663 end
1652 1624 1747 1691 G.H.F.P.
681 1633 2884 1794 Martin bezgl. Druck und Aufführung erteilt haben, nicht erhalten,
492 1583 587 1758 G.C.F.P.
693 1741 2776 1900 dagegen besitzt Herr Kingaro kein ausschliessliches Recht der
693 1858 2870 2044 Uebersetzung ins spanische, sodass ich durchaus glaube, dass der
698 1986 2865 2142 Annahme eines anderen Angebotes rechtlich nichts im Wege steht.
706 2075 2784 2289 Wahrscheinlich wird Herr Kingaro ohnedies kaum mehr etwas von
1405 2219 2614 2347 Redsdagefeil befremied Told Tiw eib
701 2264 1335 2411 sich hören lassen.
868 2311 2784 2564 3. Brandt & Kirpatrik haben neben einigen kleineren Ab -
715 2498 2809 2645 schlüssen zwei für den Verlag und die beteiligten Autoren sehr
712 2573 2826 2776 wichtigen Dinge durchgesetzt: ihrer Tätigkeit verdanke ich die
2347 2701 2445 2784 mais ils
1468 2717 1708 2792 Bildot
1260 2745 1341 2809 G.P.
729 2692 2931 2870 erste Einführung Thomas Manns, und Hermann Hesses in Amerika, zu-
754 2751 854 2820 G.H.F.P.
1888 2826 1997 2904 G.F.P.
1360 2840 1716 2926 Monsieur Même mais il est
720 2826 2956 2993 mal bei Hesse ist Br. & K. ein weitausgreifender Abschluss zu sehr
1530 2945 2211 3037 xxx, xxx zu xxx
1279 2968 1368 3045 G.C.F.P.
731 2965 2962 3160 günstigen Bedingungen gelungen. Demnächst erscheinen die "Budden-
729 3118 2303 3285 brooks " auf Grund der Vermittlung von Br. & K.
937 3196 2901 3360 4. Die Uerweisung des Betrages für die jiddische Ueber-
2489 3285 2792 3477 suchen er-
743 3326 1446 3549 setzung "Toten Gabri
731 3504 1168 3643 folgt heute.
2139 3538 2862 3732 oveva in Spaa " (nicht
1032 3582 1813 3760 Die Angelegenheit Ungar
