3141 3799
2485 581 2656 775 No 14
1090 809 2590 939 3.) Ueber Anträge aus Berlin, Wien, Hamburg.
806 883 2471 1045 München. Frahkfurt a.M. bitte ich sich vor einem
811 987 2622 1165 eventuellen Abschluss stets mit mir ins Einvernehm
806 1106 1180 1266 zu setzen.
1081 1178 2588 1338 Ueberlasse ich Ihnen den Vertragsabschluss,
842 1295 2532 1430 so berechnen Sie bei Berlin, Wien,Hamburg 5./6, bei
820 1392 2532 1570 München und Frankfurt die üblichen 7% Provision.
1115 1498 2487 1658 8.) Falls Sie im gegenseitigen Ueberin-
845 1604 2466 1748 kommen nur die Einkassierung der Tantiemen für
838 1719 2430 1861 meine Rechnung. Übernehmen,während der Vertrag
840 1816 2462 1935 direkt zwischen mir und der betreffenden Bühne
847 1899 2525 2030 abgeschlossen wurde, oder wenn eine Art von Gene-
845 2025 2498 2169 ralabmachung besteht, wie z.B. mit dem Hamburger
836 2140 2494 2232 Deutschen Schauspielhaus,so berechnen Sie keine
836 2223 1203 2349 Provision
1991 2379 2579 2530 Arthur Schnitzler
