3112 4039
1121 395 1317 560 836
688 481 2162 714 S. Fischer / Verlag / A.=G. Berlin W 57.
455 680 2424 854 Bankkonto: Deutsche Bank, Depositenkasse P in Berlin / Postscheckkonto; Berlin Nr. 16692
868 751 2009 865 Fernsprechanschlüsse: Amt Lützow Nr. 6162 bis 6164
1257 819 1627 916 Bülowstraße 90
873 848 2014 1013 Telegramm=Adresse: Fischerverlag 6162 Berlinlützow
464 876 703 1016 Ma/Ro.
1980 876 2726 1070 den 10. Dezember 1927.
615 1155 817 1303 Herrn
1004 1138 2102 1349 Dr. Arthur Schnitzler,
2270 1212 2432 1317 W 1.
2282 1300 2569 1411 ̃  —  — — —
916 1434 1824 1602 Sehr verehrter Herr Doktor!
794 1562 2689 1701 Vertraulich möchte ich Ihnen mitteilen, dass ich über die
504 1696 2754 1826 Uebersetzung der "Theresen von Frau Menzcel folgende Auskunft erhal-
1670 1792 1912 1909 le sujet de ses ancêmes.
1107 1809 1371 1926 G.C.R.S.
512 1829 825 1955 ten habe:
805 1881 2689 2040 «Dem Uebersetzer ist die russische Sprache - ihre Gesetze
836 1935 2859 2077 ihr Geist - vollkommen fremd. Sogar grammatisch und syntanisch
836 2028 2754 2117 ist die Arbeit ungenügend. Die literarischen Eigenschaften
834 2088 2495 2222 der Uebersetzung kommen überhaupt nicht in Frage.»
501 2185 2760 2319 Ich bitte nunmehr um Ihre Weisung, ob ich versuchen soll, statt die-
512 2273 2797 2418 ser Uebersetzung lieber die deutschen Bogen nach Russland zu schicken
512 2393 2157 2563 und welche Antwort ich Frau Menckel erteilen soll.
1693 2495 2464 2726 Mit ergebensten Grüssen
1881 2686 2006 2822 Ihr
1943 2799 2319 3016 kleine
