3065 3640
1003 157 2311 348 Fischer, Verlag, Berlin Wa., Bülowstrasse
717 701 1583 843 Herrn Dr. Arthur Schnitzler
1604 815 1766 946 Wien
719 985 1173 1142 Lieber Freund,
877 1101 2607 1279 über Avicena hat Ihnen Heimann neulich geschrieben, ich
717 1258 2558 1385 nehme an, dass Sie inzwischen den Brief bekommen haben. Die
719 1364 2669 1483 Angelegenheit hat sich länger hingezogen, als ich es gewünscht
714 1452 2620 1594 hätte, weil Herr Prof. Saenger mit der Sache beschäftigt war.
707 1578 2679 1694 Bei dem grossen Eingang von politischen Arbeiten, nicht zum we-
717 1661 2785 1803 nigsten über das österreichische Problem, hat Herr Professor Saen-
717 1766 2752 1908 ger einen schweren Stand. Ich bin nicht dazu gekommen, die Arbeit
719 1890 2664 2004 zu lesen, aber ich glaube, wir können uns beide bei dem Urteil
722 2001 1792 2115 von Saenger und Heimann beruhigen.
931 2050 2785 2220 Wir drucken von "Zwischenspiel" die fünfte Auflage (und 100
712 2197 2726 2326 Bühnenexemplare). Das Honorar von M. 500.- überweisen wir gleich
717 2295 2708 2429 zeitig Ihrem Conto bei der Allg. Oester. Bodenkreditanstalt in
1083 2388 1795 2527 Mit herzlichen Grüssen
1823 2432 1952 2625 Ihr
1689 2586 2375 2798 F. Tische
428 3192 539 3329 F. 208
