3096 3912
1259 512 1408 698 114
1521 506 1675 710 P.S.
404 640 2563 812 zügliche Korrespondenz fortgeführt. An Abschlüssen des Verlages
398 797 2592 925 über Ihre Werke in Italien findet sich hier ein Vertrag mit Emil
407 905 2635 1021 Thieben aus dem Jahre 1911, über "Liebelei " und "Grüner Kakadu
404 1004 2627 1129 der nach einer Vormerkung 1913 abgelaufen ist. Ferner ein Vertrag
401 1129 2673 1233 mit Girolamo Enrico Nani über "Einsamer Weg " aus dem Jahre 1906,
404 1210 2743 1341 der eine zweijährige Verfallsfrist vorsah. Es ist ja wohl anzunehmen,
407 1335 2682 1486 dass er sich während dieser Frist niemals praktisch ausgewirkt hat.
401 1449 2496 1579 Endlich findet sich ein Vertrag mit Gesare Cantoni über & Die
401 1553 2583 1693 letzten Masken", " Literatur", " Ruppenspieler " und "Anatol”.
401 1693 2725 1833 Bezüglich der Möglichkeit, dass dieser Vertrag sich noch in Geltung
401 1809 2682 1940 befindet, werde ich Ihnen in ein, zwei Tagen Nachricht geben können.
678 1899 1687 2024 Mit den besten Empfehlungen
1745 1894 2155 2039 G.H.F.P.
1248 2004 2118 2155 bin ich Ihr. FISOMERLAG
1594 2103 2062 2182 AKTRENGE SELLSCHAFT
1553 2106 2406 2310 THEATERABTE, les peunes
451 2568 2609 2731 P.S. Soeben wird mir der Vertrag mit Cantoni nochmals vorgelegt
454 2702 2516 2888 Auch dieser enthält eine zweijährige Verfallfrist und stammt
465 2830 2632 3016 aus dem Jahre 1923. Ich darf also wohl auch in diesem Falle an-
454 2984 2595 3115 nehmen, dass der Vertrag sich nicht ausgewirkt hat. Nachkriegs
460 3101 2711 3249 abschlüsse mit Italien sind wie Sie wissen von unserer Seite nicht
460 3211 983 3339 gemacht worden.
858 3252 2624 3473 Die Beträge für die unautorisierte polnische Ausgabe
471 3412 2621 3613 von „Griechische Tänzerin werden Ihrem Wunsche gemäss auf Ihre
457 3569 1006 3720 Bank überwiesen.
1332 3554 1798 3735 Engebuit
1850 3595 2071 3755 0
