3336 4200
1455 461 1746 613 Votre très jusqu'a M.
384 517 917 792 Shaw.
1471 600 1751 815 Blatt 2.
855 807 2700 957 Ich gestehe, daß ich mich aus der Affaire zog, indem ich
672 927 2673 1095 einfach davonlief. Eine Rede bei einem Bankett, ein Brief an
669 1039 2796 1149 Herrn Stresemann, der die erfreulichsten Eifersuchtsäußerungen in
666 1119 2806 1234 der Londoner Presse hervorrief - und ich flüchtete nach Italien
672 1221 2769 1346 und gab Anweisung, allen Journalisten und allen Leuten, die aus¬
672 1287 2764 1434 sahen, als ob sie die Absicht hätten, mir zu gratulieren, mitzu-
677 1410 2745 1551 teilen, daß ich am Morgen beim Baden im Lago Maggiore ertrunken
680 1540 855 1642 wäre.
871 1594 2817 1698 Bei meiner Rückkehr hoffte ich, daß alle meinen siebzigsten
682 1684 2689 1810 Geburtstag ganz vergessen hätten; aber die Ermahnungen meiner
680 1770 2817 1903 Frau, die darauf zu achten hat, daß ich mich richtig benehme, und
693 1866 2761 1980 ein Besuch von Trebitsch weckten mein eingelulltes Gewissen auf
690 1956 2785 2081 und brachten mir zum Bewußtsein, daß ich Ihnen schreiben und Sie
690 2055 2758 2169 bitten müsse, zu tun, was Sie können, um den Unterzeichnern der
690 2159 2697 2271 Adresse die Versicherung zu übermitteln, daß nicht eine Zeile
690 2225 2724 2343 davon ohne Eindruck auf mich geblieben ist. Abgesehen von der
698 2321 2769 2446 warmen persönlichen Freude, die sie mir bereitet hat, werde ich
698 2430 2820 2526 sie als eine unanfechtbare Bestätigung meines Erfolges als Diener
696 2521 2774 2630 der europäischen Literatur bewahren. Wenn ich dereinst vor dem
2710 2601 2828 2676 wie
698 2625 2585 2721 Jüngsten Gericht erscheine, und von mir zur Sprache kommt
704 2657 2820 2801 es sicherlich der Fall sein wird, wenn der Engel des Gerichts zu-
704 2766 2801 2897 fällig ein Engländer sein sollte —, ich hätte mich anmaßender¬
704 2852 2790 3009 weise für einen Schriftsteller von einigen Verdiensten gehalten,
701 2950 2748 3089 dann werde ich erwidern: „Deutschland hat so gedacht", und das
698 3094 1607 3235 wird die Sache entscheiden.
2012 3241 2454 3342 Ihr ergebener
1871 3331 2628 3438 gez. G. Bernard Shaw.
2580 3395 2692 3478 perdu-
