3341 4152
910 497 2330 626 S. Fischer. Verlag. Berlin
874 687 2352 799 Amt Lützow 1662, 6162 u. 9292 Theaterabteilung postscheckkonto Nr. 16692
1237 742 1999 845 Berlin W 57, Bülowstraße Nr. 90
933 770 1160 888 Ma/Ro.
1283 829 1973 961 Den 16. Juni 17
1010 1024 1225 1141 Herrn
1263 1068 2399 1202 Dr. Arthur Schnitzler,
2113 1170 2370 1283 Wien
902 1308 1809 1462 Sehr verehrter Herr Doktor!
1219 1450 2469 1551 Ich bekomme heute von Frau Konstantin
898 1551 2528 1673 ein Schreiben, aus dem ich Ihnen das Nachstehende
890 1624 1219 1760 mitteile:
1002 1727 2488 1837 „Ich komme erst heute dazu, Ihnen Ihren Brief
1040 1825 2490 1892 vom 28.Mai zu beantworten. Ich habe auf mei-
1030 1861 2429 1928 ner Gastspielreise leider keine Stücke von
1036 1914 2514 1985 Arthur Schnitzler gespielt. Ich habe tatsäch-
1036 1977 2502 2036 lich die Absicht gehabt, die auch jetzt noch
1030 2023 2336 2096 nicht fallen gelassen wurde, Stücke von
1032 2076 2348 2137 Schnitzler zu spielen, in meiner letzten
1036 2125 2538 2188 Tournée konnte ich aber das nicht durchführen.
1036 2178 2520 2251 Seinen Sie übrigens versichert und versichern
1030 2222 2490 2295 Sie davon auch Herrn Dr. Schnitzler, dass ich
1032 2283 2512 2344 meine Tantiemeverbindlichkeiten derart präzis
1030 2332 2534 2411 und korrekt erledige, dass die Verleger lieber
1030 2394 2520 2465 mit mir abschliessen als mit Theaterdirektio-
1030 2441 2301 2508 nen. Hätte ich irgendwo oder irgendeinne
1030 2480 2484 2581 Schnitzler gespielt, hätte ich mich bestimmt
1032 2538 1689 2630 bei Ihnen gemeldet.„
1742 2630 2514 2788 Mit ergebensten Grüssen
2023 2940 2309 3074 König
