3064 4055
1448 355 1598 535 907
497 445 2691 676 S. Fischer/Verlag/Berlin M 57/Bülowstraße 90
855 616 2355 749 Fernsprechanschlüsse: Amt Lützow Nr. 1662. 6162 und 9222 / Postscheckkonto: Berlin Nr 1669.
1202 679 1983 812 THEATERABTEILUNG
1150 751 2393 922 Berlin, den 30. Oktober 1924
1384 1000 1584 1199 1706
523 1121 2451 1327 S. FISCHER/VERLAG / THEATERABTEILUNG / BERLIN
1855 1263 2454 1399 W 57, BÜLÖWSTR. 90
465 1344 2040 1488 Herrn Dr. Arthur Schnitzler, Wien XVIII
503 1517 2641 1688 bliw xxxogebrasdens aanldosch nie xxxennenDasseß7,sekto###eß“ 24
483 1659 1370 1786 Sehr geehrter Herr Doktor,
491 1757 2728 1896 Öffentlicherndliche Berliner Kritiken über die Wiener
483 1855 2740 2011 Aufführung der "Komödie der Verfühnung" haben Sie wohl inzwischen
486 1983 2708 2107 erhalten? Wir bitten Sie sehr, uns diese nach Einsichtnahme wieder
477 2092 2737 2220 zuzustellen, die reichsdeutsche Uraufführung des Werkes hat nunmehr
1488 2168 2063 2234 aae ettämme ettreimme maa
1162 2173 1468 2254 A.W.S.
480 2170 2696 2309 in Wiesbaden am 24. ds. stattgefunden. Wir werden Ihnen auch hier-
468 2300 2766 2439 über, falle Sie es wünschen, die Kritiken gern zugehen lassen. Einen
488 2384 2682 2546 endgiltigen Termin über die Erstaufführung in Köln haben wir noch
483 2514 2800 2670 nicht erhalten können. - Mit Barnay haben wir über  „Reigen“ nicht
486 2618 2292 2763 abgeschlossen, da er die Garantie nicht gezahlt hat.
1020 2748 2774 2850 Von unserem Vertreter in Kopenhagen hörten wir, dass
468 2812 2760 2959 sich das dortige Kgl. Theater noch nicht entschliessen konnte, einer
474 2919 2653 3046 Aufführung der “ Verführnung“ näherzutreten. Wir haben daraufhin
471 3037 2659 3228 noch einmal ein eingestrichenes Exemplar an die Direktion gesandt
396 3228 668 3367 B. 54. 2000. 8. 19.
