3082 3929
1740 371 2017 573 peine
682 377 1532 622 auf wolmäß xxx
787 525 2062 665 31. rt. sind wirckanndsamtt gege bis 2.10. Löbl.m.I. m.A. wenbildern
399 456 576 673 O0 3
465 536 2676 830 der Option habe ich Wohitzky überhaupt nicht gegeben, sondern ihn
462 676 2567 958 lediglich ohne Uebernahme einer rechtlichen Verpflichtung ver-
474 867 2599 1093 sichert, dass wir auf seine moralischen Ansprüche nach Tunlich-
479 964 2673 1170 keit Rücksicht nehmen werden,Sollte also ein Fall eintreten, wo-
485 1078 2713 1315 nach eine Aufführung von " Weites Land " nur ohne Berücksichtigung
1871 1178 2584 1295 1 1/2 1/3 1/4
1646 1238 1746 1309 G.F.P.
499 1249 2701 1458 Wotitzkys durchführbar wäre, so besteht jederzeit die Möglichkeit,
496 1321 2693 1603 ihm zu erklären, dass wir raschestens, sagen wir innerhalb zweier
511 1500 2758 1717 Wochen eine Entscheidung von ihm brauchen, widrigenfalls uns unsere
511 1609 2667 1828 Interessen schliesslich doch geböten, die andere, sich ergebende
522 1717 2667 1977 Chance auszunützen. Wenn ich Sie bat, die Angelegenheit Woditzky
2393 1786 2781 1914 G.C.F.M.S
2191 1831 2276 1908 G.C.F.P.
519 1874 2653 2114 selbst zu behandeln, so lag der Grund hierfür darin, dass diese
528 1960 2727 2214 Angelegenheit an und für sich von hier, die anderen Chancen aber
542 2094 2838 2339 direkt durch Sie behandelt wurden. Dies führt meistenteils zu nichts
539 2236 2721 2465 gutem und bedeutet tatsächlich eine Erschwerung und Behinderung
556 2422 1192 2624 auf beiden Seiten.
1098 2499 2870 2676 Um noch auf die Angelegenheit Reyding zurückzukommen,
559 2599 2724 2841 so ist es ein Irrtum von Ihnen zu glauben, dass Reyding sich auf
573 2727 2770 2969 den Standpunkt gestellt habe, van der Lugt könne “Reigen“ usw.
585 2847 2867 3078 tantiemenfrei aufführen. Er hat dies höchstens in einem Sinne getan,
588 2938 2778 3198 der ja leider unbestreitbar ist, nämlich unter Bezugnahme auf die
590 3104 2744 3349 Dauer des Urheberschutzes, der von Seiten Hollands gewährt wird.
2559 3269 2750 3375 e, un
1395 3283 1848 3463 nen, dass es
599 3315 1135 3503 Er wollte damit
2242 3346 2718 3531 zu verhindern,
1800 3429 1943 3551 van
602 3480 756 3628 aute
2539 3474 2969 3657 dieses Herrn
