3210 4007
1365 203 1536 317 loi.
771 240 2349 515 S. Fischer Verlag, Berlin Wi., Bülowstrasse 90
1565 456 1970 584 23/9. 1915
797 784 1682 1051 Herrn Dr. Arthur Schnitzler
1688 933 1840 1130 Wien
653 1128 1114 1328 Lieber Freund,
888 1245 2693 1485 die Postverbindung hat wohl eine Weile gestockt, denn wir
667 1373 2778 1589 haben erst heute auf einmal Ihren Brief, Ihre beiden Karten und die
667 1578 1256 1706 Depesche bekommen.
1781 1576 2784 1741 Ermstadter Hoftheater die gleich-
901 1594 1720 1746 Wir hatten Bedenken, dem
653 1704 784 1778 G.C.F.P.
675 1712 2714 1882 zeitige Aufführung mit Wien zu gestatten, weil wir den Bühnen in
672 1808 2818 1981 Deutschland die Aufführung erst gleichzeitig mit dem lessing-Theater
691 1922 2797 2048 zur Bedingung gemacht haben. Nun da Sie aber Barnowskys wegen keine
675 2010 2645 2160 Bedenken haben und da Sie auch dem barmstädter Hoftheater die
691 2101 2768 2261 gleichzeitige Aufführung mit Wien zugestanden haben, so müssen wir
691 2210 2805 2357 auch den andern deutschen Bühnen anheimgeben, gleichzeitig mit Wien
693 2298 2776 2490 aufzuführen. Wir haben dabei den 12. Oktober als den Wiener Termin
699 2413 2728 2592 angenommen, und ich bitte Sie, falls sich daran etwas ändert, es
696 2557 1781 2704 mich rechtzeitig wissen zu lassen.
939 2626 2781 2794 Die Buchausgabe ist inzwischen fertig geworden und die par
704 2722 2632 2925 Korrekturen, die Sie noch wünschen, müssen für einen Neudruck
2021 2858 2242 2970 votre
709 2869 1357 2992 vorbehalten bleiben.
925 2904 2824 3085 Die Radierungen zum "Geronimo" sind inzwischen bei Bösenberg
421 2909 531 3098 le 4
715 3090 1154 3223 eingetroffen.
928 3104 2709 3306 Die Liste der Frei- und Rezensions-Exemplare liegt bei.
1053 3269 1784 3397 Mit herzlichen Grüssen
1816 3279 1941 3413 Ihr
467 3317 2568 3581 Wien und Berlin in Futter betrift xxx Pfischer
421 3349 1869 3525 und Sie theaterbericht waren die Annahme
