3118 4023
705 627 1959 768 Lkonto: Deutsche Bank, Depositenkasse P in Berlin / Postso
1062 743 1738 857 ernsprechanschlüsse: Amt Lützo
1451 786 1705 884 ###vwstrasse
1232 851 1651 986 Jn.Adresse: Fischer
2235 1067 2335 1184 Septr.
505 1062 622 1197 Si.
816 1159 1754 1362 Herrn Dr. Arthur Schnitzler
697 1394 1532 1570 Sehr geehrter Herr Doktor
692 1554 2867 1692 Herr Judr. Jan Löwenbach, Praha II, Jungmannova 25 teilt uns unter
695 1684 2724 1797 Anderem mit, dass der Verlag » Pritek knihy » sich für die nach
705 1786 2675 1911 stehenden Werke für die cechische Uebersetzung interessiert:
2719 1884 2840 2016 und
919 1884 2497 2084 " Casanovas Einkehrs (er meint wohl "Heimfahrt
1640 2008 1992 2097 Votre très obéissant serviteur, comme
927 2038 1913 2184 „ Doktor Gräsler, Badearzt „.
1697 2078 2754 2213 xxx gesagt, dass er sicherlich in
746 2089 1054 2238 G.H.F.P.
700 2192 2867 2308 Nach unsern Notizen sind beide Werke für die oechische Sprache
692 2297 2821 2408 noch frei. Wenn Sie die Verhandlungen selbst zu führen wünschen,
689 2397 2681 2524 haben Sie wohl die Güte, direkt zu antworten, im anderen Fall
708 2478 2348 2616 erbitten wir freundlichst umgehend Ihre Nachricht
697 2592 1508 2735 Windestforderungen.
1230 2686 1935 2851 Wir empfehlen uns Ihnen.
900 2700 986 2838 G.H.F.P
2084 2792 2643 2913 züglicher Hochacht
2040 2884 2540 2967 S. FISCHER, VERLAG
2062 2946 2497 3021 AKτIENGE SELLSCHAFT
2124 3000 2435 3116 ANDSABTEIL
2086 3084 2440 3213 Könne
