3091 4105
1060 163 1269 286 noch
859 419 2298 656 Vällt.
1361 594 1885 721 nunlich sein Hn.
1454 607 2643 761 Kritall nr 7 xxx kamtsgeld „Anaxk rdastusd rotuodäuad
634 702 1284 850 G.C.F.K. ny rn r : nt : n
1759 727 2190 798 V.A.W.A v. r. A.
1383 742 1691 825 G.H.C.S.
1786 776 2218 853 V.A.P.K.M.H.Ä.
634 742 2843 983 5. Von einem Optionsrecht Lindens wegen "Therese" ist mir
496 906 2834 1060 nichts bekannt. Ein solches könnte sich meines Wissens höchstens auf
499 1010 2883 1189 dramatische Werke beziehen. Er ist unlängst in Berlin gewesen und ich
517 1081 2867 1294 hatte eine Unterredung mit ihm, besonders wegen der Radiorechte. Ich
524 1217 2883 1408 übersende Ihnen ein mir von ihm übergebenes Exemplar der schwedischen
527 1334 2818 1485 Autorenzeitung, aus dem hervorgeht, dass das dortige Radio 2 Kronen
527 1438 2892 1629 pro Druckseite für literarische Werke bezahlt, jedoch ein Minimum von
524 1543 2655 1725 10 Krönen und ein maximum für dramatische Werke von 80 Kronen.
530 1648 2908 1811 Da die schwedische Rechtssprechung bisher entschieden hat, dass die
536 1774 2837 1977 sendungen frei sind, ist das eine freiwillige Leistung, auf die wir
536 1891 2128 2061 wohl zunächst keinen Einfluss gewinnen können.
582 1999 3009 2159 6. Wir haben zur Kenntnis genommen, dass wir Abschlüsse auch in schwach
551 2119 2908 2264 valutarischen Ländern in Zukunft nicht tätigen sollen, wenn sie nicht
792 2224 1583 2288 (votre russeuriteur)
1577 2248 1971 2384 gergeben.
1583 2242 1740 2338 at ei
551 2258 1537 2393 ein irgendwie lohnendes Resul
1358 2313 1537 2378 Ilmoit à
588 2319 2855 2482 7. Wir haben weiters zur Kenntnis genommen, dass Sie "Therese" für
557 2412 3015 2606 Ungarn vergeben haben und "Casanova" für Frankreich abgeschlossen haben.
591 2556 2834 2732 3. Herr Dr. Berthold Merwin, Warschau, Zelazna 75 a schreibt uns
564 2655 2941 2855 betreffs der polnischen Ausgabe von "Therese". Wir bitten um Stellung
567 2787 2938 2944 nahme an uns oder direkt an Herrn Dr. Merwin. Ebenso schreibt uns ein
2101 2858 2211 2911 8.
570 2898 2800 3077 Fräulein Dr.Helene Rosenzweig, Krakau in derselben Angelegenheit.
613 2966 2948 3166 9. Herr Dr. Paul Koller, Wien IX/L. Liechtensteinstr. 22 Tele fon
576 3080 2883 3293 16055 hat sich mit uns in Verbindung gesetzt wegen einer Option für
1207 3105 1574 3191 cʼest eu dʼaprès de lʼadresse.
576 3212 3052 3419 Frankreich bis Ende August für "Therese". Eventuell bitten wir Sie, sich
576 3400 1934 3554 mit ihm direkt in Verbindung zu setzen.
1947 3379 2738 3579 Mit herzlichen Grüssen
2116 3536 2600 3668 Ihr ergebener
2504 3610 2886 3761 Doauvel
