3086 4200
1356 334 1530 499 988
835 457 2321 661 S. Fischer / Verlag / A.=G. Berlin W 57
582 636 2554 737 Bankkonto: Deutsche Bank, Depositenkasse P in Berlin / Postscheckkonto; Berlin Nr. 1669a
997 695 2152 830 Fernsprechanschlüsse: Amt Lützow Nr. 6162 bis 6164
1398 761 1756 862 Bülowstraße 90.
1007 803 2147 933 Telegramm-Adresse: Fischerverlag 6162 Berlinlützow
769 889 1022 1029 Ro./Re.
1550 897 2336 1054 Berlin, den 25. 10. 1928
1294 1012 2019 1336 Tho Geitre
1005 1304 2392 1471 Herrn Dr. Arthur Schnitzler,
1891 1430 2356 1557 W i e n XVIII
1786 1545 2353 1670 Sternwartestr. 71
1108 1695 1977 1827 Sehr verehrter Herr Doktor!
1100 1800 2636 1906 Die "Gesammelten Schriften" in 6 Bänden gelangen
764 1889 2545 2007 in dieser Woche zur Ausgabe, und zwar zunächst die 5 neu
1574 1977 1810 2041 komplette
769 2017 2638 2110 gedruckten Einzelbände (die Gesamtausgabe folgt voraussicht
759 2090 1683 2250 lich in derſ nächsten Woche).
1100 2208 2527 2356 Wir honorieren von diesen 5 Einzelbänden, der
757 2326 2692 2471 Vereinbarung entsprechend, je 1000 Exemplars voraus und fügen
757 2444 2704 2554 eine Gutschrift-Nota darüber bei. Bitte lassen Sie uns wissen,
742 2527 1540 2680 wohin wir den Betrag von
1275 2633 1609 2756 Rm. 5.500.
752 2724 1344 2876 überweisen sollen.
1513 2874 2650 3043 Mit hochachtungsvollen Empfehlungen
1695 2999 2112 3139 S. Fischer /
1616 3029 2414 3252 B. B. A. K.
730 3372 1061 3520 2 Anlagen
