3193 3976
1314 189 1474 325 401
850 256 2337 424 S. FISCHER / VerLAG
626 400 2628 568 ankkonto: Deutsche Bank, Depositenkasse P Berlin, Postscheckkonto. Berlin 1662
1013 485 2183 632 BERLIN W57 I BULowSTRASSE 90
1207 560 1983 677 Fernruf: Lützow 1662, 6162 und 9292
2132 637 2622 853 6. März 1918
536 738 696 866 /si.
1021 845 1943 1039 Herrn Dr. Arthur Schnitzler
2297 946 2500 1098 Wien
930 1111 1428 1255 Lieber Freund,
879 1223 2857 1378 ich würde für den Luxusdruck der "maatrice " eine Radierung
1895 1335 2244 1402 MmmeWmHimat.
754 1364 2774 1498 von Hans Meid (Berlin-Südende, Bahnstr.8 ) vorschlagen. Nach
752 1458 2809 1602 meiner Meinung der einzige neue Graphiker, der für dieses Werk
754 1540 2897 1684 in Betracht käme. Ich habe nichts dagegen, wenn eine Luxemausgabe
754 1634 2676 1802 in beschränkter Auflage zu entsprechendem Preis erscheint.
890 1783 2963 1897 Ich bin leider noch nicht dazu gekommen, Ihre Novelle zu lesen,
762 1844 2822 1988 ich bin unsagbar überlastet mit Arbeiten und mit dem täglichen
768 1953 2822 2121 Kampf gegen die Schwierigkeiten des Betriebes, die sich leider
1932 2063 2095 2169 G.C.H.
1610 2081 1799 2180 3t
776 2081 1674 2225 immer mehr und mehr türmen.
871 2159 2900 2321 Zifferer hat mir eine sehr ermutigende Depesche geschickt und
967 2297 1061 2359 Imeuble
776 2268 2830 2417 verlangt dringend meine Anwesenheit in Wien. Ich hoffe es wird
781 2391 2921 2513 möglich sein, dass ich zu Ostern hinkomme. Da ich nur einige Tage
786 2486 2900 2630 dort bleiben kann und mir Zifferer eine grosse Anzahl von Konfe-
784 2585 2910 2713 renzen mit Papierfabrikanten, Buchdruckereien und Verlegern ange-
794 2670 2772 2822 droht hat, so werde ich meine Wiener Freunde bitten, mit mir
789 2777 2809 2934 in der Stadt am Abend zu essen und mir zu gestatten, dass ich
786 2897 2068 3046 Besuche auf eine spätere Zeit verlege.
1636 2987 2398 3121 Mit herzlichen Grüssen
2097 3102 2231 3225 Ihr
546 3182 2668 3520 P.S. Wir denken an den Abdruck Ihrer Novel### Fischer
720 3409 1871 3603 im Mai- oder Funiheft der Rundschau.
