3075 3833
486 1039 2403 1338 S'FISCHER-VERLAG' THEATERABTEILUNG'BERLIN
1157 1229 1775 1367 W 57: BÜLÖW STR90
1609 1295 1773 1361 . en
452 1312 1447 1528 Herrn Dr. Arthur Schnitzler
1842 1378 2575 1554 Den 17. Jamuar 19 23
481 1560 1393 1764 Sehr geehrter Herr Doktor,
1364 1534 2702 1778 in holländischer Manager Dr. G. de Koos
512 1712 2685 1962 will mit Schauspielern des Burgtheaters „Liebelei“ in deutscher
2754 1718 2840 1804 G
515 1804 2840 2121 Sprache in Holland spielen. Er bietet 5 % Tantieme an, verweigert
552 1937 2587 2201 jedoch die Zahlung einer Garantie. Wir fragen ergebenst an,
541 2083 2739 2328 wie Sie sich hierzu verhaltem. Dr. G. de Koos,  persönlich
532 2207 2739 2509 kennen und im Sommer mit Ihnen über diese Frage gesprochen haben.
1260 2460 1908 2673 Mit besten Grüssen
1919 2503 2400 2705 ergebenstsecken
2103 2549 2653 2780 THEATERABTEILUNG
437 3367 2011 3654 kronen oel 6 % Tantiene erreichbar sein.
