3113 3688
449 516 2694 748 S. FISCHER VERLAG A.-G.  THEATERABTEILUNG
1228 706 1926 784 BERcelIN W 57, BÜLowSTR. 90
539 717 2624 899 Bankkonto: Deutsche Bank, Depositenkasse F in Berlin    Postacheckkonnte: Berlin Nr. 1662   - Fernsprechanschlütner: Amt Lützow Nr: 6162 bis 6164
1689 829 2627 988 Berlin, den 11. August 1925
642 910 1892 1055 Herrn Dr. Arthur Schnitzler, Wien
645 1103 1541 1264 Sehr geehrter Herr Doktor,
1552 1136 2791 1326 die Nordische Rundfunk A. G., Hamburg,
2850 1225 2948 1365 et
659 1309 2825 1463 will das Senderecht von "Medardus". Wir bitten um Ihren äusser
2853 1359 2962 1454 V.
653 1404 2830 1569 sten Preis, da dieser Sender nicht viel bezahlt. Nebenbei ist es
2409 1496 2830 1666 senden kann.
662 1518 2339 1691 mir unverständlich, wie man den ganzen " Medardus
1432 1647 2409 1772 Mit vorzüglicher Hochachtung
1675 1725 2202 1812 S. FISCHER. VerLAG
1714 1784 2160 1848 AKTIENGESELISCHAFT
1675 1823 2211 1923 THEATERABTEILUNG
1728 1901 2135 2021 Dkeuars
