3174 3993
1159 339 1474 515 rebelà
1203 463 1867 639 her - Verlag
691 631 2535 820 ###: Lützow 1662 u. 6162 Theaterabteilung postscheckkonto Nr. 1669a
1177 734 2007 861 Berlin W 57, Bülowstraße Nr. 90
1311 869 1989 1032 Den... 1., Oktober 191 20
641 908 833 1086 G/Sch
634 1094 846 1298 Herrn
1016 1200 1766 1402 Dr. Arthur Schnitzler,
1916 1283 2185 1402 Wien
667 1459 1549 1676 Sehr geehrter Herr Doktor,
1565 1443 2651 1699 in der Anlage gegen wir Ihnen m
678 1655 2765 1906 bestem Danke den uns freundlichst übersandeten Brief des Herrn
688 1746 2708 1960 Shand zurück, Ihre Vermutung, dass Herr Campbell der von uns
693 1852 2716 2113 benützte Londoner Agent sei, trifft zu. Wir haben mit diesem
724 2010 2651 2201 Herrn bereits mehrfach darüber korrespondiert, welche der
698 2092 2708 2294 beiden vorhandenen englischen Uebersetzungen (die zweite
711 2222 2731 2410 Jahre 1907 stammt von Herrn Williams ) verwendet werden soll.
716 2346 2772 2540 Da wir weder die eine noch die andere Uebersetzung kennen, so
727 2413 2713 2666 war es das natürlichste, für die Wahl unter den beiden, den
729 2547 2778 2772 Wunsch des Birmingham Repertory Theatre, das "Liebelei" auf
734 2635 2765 2884 führen will, massgebend sein zu lassen. Da Herr Campbell bei
750 2770 2824 2966 dieser Entscheidung offenbar auf Schwierigkeiten stösst, haben
2553 2860 2829 3023 emnächst
750 2884 2302 3093 wir ihm heute nochmals geschrieben und werden
763 3057 1673 3207 weiteren Bericht erstatten,
1888 3091 2465 3241 erzüglicher Hochach
2149 3230 2237 3352 ER.
2713 3396 2827 3546 keine
2273 3437 2679 3579 ten wir an diesem Tag in
2710 3538 2840 3639 können
2307 3548 2635 3701 verk anderweitig verst
