3076 3848
1624 487 1744 570 G.H.F.P
1401 552 1719 644 Jahann maa
408 579 2694 745 pro Monat höhere beträge aufgesammelt hat. Wünschen Sie diesen Modus,
414 708 2789 867 so können wir das machen. Diese ganze Massregel ist eine vorübergehende,
1851 800 2336 874 im Ausland
420 846 2535 1002 sie ist entstanden um des Schutzes der deutschen Währung willen.
1532 916 2075 981 G.C.F.K.S.
533 907 2817 1085 Der Verlag Josef Singer in Leipzig befasst sich fast ausschliesslich
414 1057 2743 1171 damit, Sammelbände herauszugeben und auch sonst ist bei kleineren Ver-
417 1140 2746 1290 legern vielfach diese Tendenz vorhanden. Ich halte es nicht für vorteil-
411 1260 2651 1395 haft, zum Nachdruck von NovelIen die Erlaubnis zu geben, damit wird
423 1342 2691 1480 schliesslich der Absatz der legitimen Originalausgabe, geschädigt und
417 1456 2878 1572 für den Autor kommt bei der ganzen Sache nur ein minimales Honorär heraus.
423 1532 2697 1695 Rechnen Sie nach, was Sie für den Abdruck des »Blinden Geronimos» im
423 1634 2758 1793 Herz-Verlag in Wien bekommen haben; das sind ein paar Mark. Man sollte
426 1759 2660 1906 solche Büchermacherei nicht unterstützen, denn der Markt wird sonst
423 1851 1842 2035 mit Sammelbüchern ähnlicher Art verstopft.
493 1946 2896 2133 Vom »Weg ins Freie » drucken wir eine neue Auflage von 3000 Exemplaren.
2109 2081 2277 2173 G.C.H.P.
1588 2072 1762 2182 G.C.H.F.P
1309 2155 2069 2302 Mit herzlichen Grüssen
2093 2149 2651 2286 o ees ies ee
723 2182 1594 2339 am meheb xxx
1615 2265 1747 2332 Ihr
2323 2259 2630 2400 G.C.H.F.P
745 2274 1640 2449 G.C.H.F.S.
1769 2262 2250 2498 lische
2118 2357 2513 2504 G.C. R.P.
1563 2351 1802 2547 P.S.
683 2385 1511 2550 G.H.F.P
1916 2483 2339 2633 G.C.F.K.H.P.H
1413 2477 1879 2611 P.S.C.H.F.P.D'H.D.
797 2504 993 2618 G.H.F.P.
1015 2535 1162 2651 neute
601 2584 2697 2719 Wie haben uns betrefenigete mit Herrn Dinkler, Feilitzenfeld wegen der
441 2682 2798 2838 Nerk - Ueberweisungen in Verbindung gesetzt; er sagte uns, dass Uitumereiungen
447 2783 2700 2912 von 1000 Mk. jedenselbe über die Grenze des Gestatteten keinausgangen, daß
441 2869 993 3019 über wohl die u.
984 2893 2762 3044 re oder andere Inzernenk. der Zwischenfälle welche Zahlungen
877 2967 996 3028 G.C.F.P.
487 2958 729 3034 G.C.H.F.P
429 2995 1073 3132 mal genehmige der
1057 2991 2682 3166 i reimer Lehrall. Die Grenzer sei 500 Md Mk
763 3065 1064 3151 G.C.F.P.
432 3093 2685 3252 Die Ueberweinung des fälliges (Inethabers, das wir durch Vertrag und Abrichung
398 3246 2559 3384 belegten, ist uns jedenfalls vom Devisseminer nicht bewilligt worden
