3125 4122
1273 247 1464 408 912
978 305 1187 509 10
340 446 2029 592 S. FISCHER VERLAG A.=G. BERLIN W 57
842 570 1588 663 Theaterabteilung
197 690 2215 764 Fernsprecher: Lützow Nr. 6162-6164 / Telegramm=Adresse: Fischerverlag 6162 Berlinlützów
197 753 2223 847 Bankkonto: Deutsche Bank. Depositenkasse P in Berlin / Postscheckkonto; Berlin Nr. 16692
932 811 1492 937 Bülowstraße 90
1250 879 1930 1043 Berlin, den 29.4.29.
575 839 814 1048 Ma/Hb.
713 1111 927 1215 Herrn
975 1124 2112 1295 Dr. Arthur Schnitzler,
1761 1318 2356 1517 Sternwartestr. 71
2500 1545 2598 1630 um
630 1590 1298 1734 Lieber Herr Doktor!
796 1696 2202 1842 Ich bin leider jetzt noch operiert worden
2477 1714 2729 1890 else. „
401 1794 2165 1930 und zwar wegen meiner Kiefernhöhlenvereiterung, eine
393 1895 2311 2054 Angelegenheit, die mich fast zwei Wochen wieder ans Bett
2460 1950 2565 2036 me
398 2046 892 2185 gefesselt hat.
804 2134 2165 2250 Ich erhielt nun Ihr Schreiben vom 24. ds.
801 2258 2233 2397 Der Betrag für Holland ist noch nicht ein-
413 2334 2316 2487 gegangen. Wir haben bei unserm Vertreter gemahnt, ebenso
408 2449 2109 2611 haben wir Nachforschungen wegen der Brüsseler Auf-
406 2580 1074 2706 führung angestellt.
809 2659 2321 2795 Was die amerikanische Angelegenheit betrifft,
408 2764 2253 2916 nach der Sie fragen, so wurde Ihnen von Frau Rosenbaum
408 2911 2213 3042 wohl mitgeteilt, dass ein Scheck aus xxxx Amerika für
413 3016 2210 3135 eine Schulausgabe von "Geronimo" über R.M. 733.- ge-
408 3095 2386 3238 kommen wäre. Es handelt sich in diesem Fall um einen neuen
416 3218 2233 3367 Weg, den wir eingeschlagen haben, nämlich den für den
1756 3344 2029 3495 a.Bl. II
234 3591 476 3707 4. 29. 5000. V.
