3071 3879
2525 333 2682 459 a une
1370 308 1601 490 milis.
1342 440 1909 560 ne sont pas dans les mêmes
428 520 2534 693 die man als übertrieben ansehen könnte, Andererseits steigern
1450 634 1576 714 e de cette
422 628 2611 804 sich, was ja selbstverständlich ist die Betriebskosten von Tag zu
419 797 2503 939 Tag in ungewöhnlichem Masse, gleichzeitig mit den technischen
428 884 2509 1050 Schwierigkeiten, die eine immerwährende Arbeitssteigerung ver
428 1004 2512 1164 langt. Ich glaube daher nichts unbilliges zu tun, wenn ich in
428 1151 2540 1265 dieser Beziehung an Ihre Einsicht appelliere und Sie bitte von
437 1247 2657 1379 einer Herabsetzung der Provision jetzt abzusehen, in einem Augen-
434 1348 2546 1506 blicke, in welchem die tief eingreifende Heraufsetzung der Ge
948 1487 1244 1564 entendent les
391 1493 788 1576 stiered ei8
431 1478 2475 1641 hälter, Materialpreise, Portil, etc. um 100 bis 300 % teils
1339 1589 2377 1693 erwählea niixed ni redodso gnaln
844 1610 1241 1690 fol edad.re
453 1616 674 1687 ibeiret.
440 1684 1469 1746 vollzogen, teils im Gange ist.
456 1715 2254 1804 Lixx renifxod mezal os sid tim meriemsgelegma møbnedew
831 1761 2605 1893 An Neuigkeiten allgemeineren Inhalts erlaube ich mir
1342 1835 2371 1915 off sd.nedlow nexdawedins ils
1007 1853 1182 1927 . Teds
446 1826 874 1940 bedoei2 trell
437 1912 2638 2041 mitzuteilen, dass die Angelegenheit des Allien Froperty Custodian
1743 1961 1903 2032 G.C.F.P.
1238 1973 1407 2047 G.C.F.P.
1598 1961 1721 2035 G.F.P.
804 1980 948 2050 G.H.F.P.
1025 1970 1207 2047 ed me
431 1977 2666 2146 nunmehr ernstlich in Fluss geraten ist. Unsere isherigen Versuche
1312 2090 1940 2161 Tobens gewilsdaxobam
1053 2090 1315 2167 G.C.H.F.P.
819 2097 964 2167 G.C.F.S
437 2106 530 2174 G.F.P.
440 2134 2703 2272 waren ja alle etwas verfrüht, oder Gesetzentwurf über die Frei -
2244 2192 2364 2251 G.F.P.
961 2201 1675 2291 Leisindsquik & blieren e
764 2220 859 2297 To
129 2149 259 2297 alles
437 2272 2675 2398 gabe des ehemals feindlichen Eigentums in Amerika bis zur Höhe von
437 2343 2685 2509 10.000 Dollar, vom Kongress auch heute noch nicht verabschiedet ist.
440 2491 2638 2632 Wir beabsichtigen nun, wie dies viele andere Firmen tun, uns in
443 2632 2740 2762 dieser Angelegenheit einer vom Bunde der Auslandsdeutschen besonders
434 2725 2728 2900 für diesen Zweck ins Leben gerufenen Organisation zu bedienen, die
252 2765 394 2894 .H.S.
256 2826 2725 3005 da ihr ein gewisser offziöser Charakter zukommt und Gewinnabsichten
252 2974 2623 3085 nicht bestehen, in jeder Beziehung die weitaus besten Aussichten
228 3076 2632 3227 bietet. Es sind lediglich 3 % des erlangten Betrages (und nur für
289 3168 2626 3331 ner den Fall, dass er erlangt wird) als Spesenersatz an eine deutsch-
305 3307 2580 3457 amerikanische Bankgruppe zu bezahlen, mit der sich der Bund der
471 3430 2549 3562 Auslandsdeutschen wegen Beitreibung der beschlagnahmten Gelder
2171 3537 2263 3654 sunt
1893 3507 2100 3667 reçe
