3132 4204
1124 424 1998 667 S. FISCHER / VERLAG
385 463 598 652 3 Blatt
2383 598 2476 709 P.S.
1647 652 1734 730 D'H.
508 724 2849 895 grössere Teuerung eingetreten, dass der ursprüngliche Vorschlag, bei neuen
517 814 2828 968 Büchern die Ladenpreise gleich so hoch einzustellen, dass die vellen 25 %
520 926 2741 1121 bezahlt werden können, nicht durchführbar ist. Wir hätten den "Casanova"
526 1034 2759 1184 damals schon mit mindestens 5 Mk. für das broschierte Exemplar ansetzen
517 1103 2768 1319 müssen, das Buch kostot noch heute M. 4,50, trotz der sehe gesteigerten
532 1304 1064 1409 Vertriebskosten.
661 1289 2659 1478 Es ist auch nicht richtig, dass Ihr Fall bei der Berechnung der
535 1400 2723 1620 Tantiemen bei Neuauflagen günstiger liegt wie bei andern Autoren. Das
547 1493 2698 1698 Gegenteil ist der Fall. Von den Neuauflagen Ihrer Dramen drucken wir
550 1617 2831 1827 1-3 Auflagen, es macht heute gar keinen Unterschied, ob wir von den Plat-
556 1740 2804 1914 ten drucken und ich kann Ihnen die Versicherung geben, dass wir bei den
556 1809 2858 2007 kleinen Auflagen Ihrer Dramen nichts verdienen. Wenn bei Einbänden etwas
565 1926 2780 2094 bleibt, am broschierten Exemplar ist es nicht der Fall. Dabei ist eine
556 2013 2867 2221 neue Teuerungswelle über uns hereingebrochen, die alle andern weit hinter
574 2158 2840 2305 sich lässt, und wir werden über das problem Ihrer Gesammelten Werke Ende
577 2287 1593 2413 Dezember noch zu sprechen haben.
700 2335 2858 2521 Bei neuen Büchern mache ich es jetzt mit meinen alten Autoren in der
580 2467 2819 2626 Regel so, dass ich mir 10 % honorarfreie Exemplare ausbedinge, die aber
1599 2557 1869 2620 3 1/2 rue 4 1/4 rt 4 r. rt
589 2524 2912 2726 nur zur Verwendung kommen dürfen für Freiexemplare aller Art, insbesondere
1641 2641 2413 2720 MmmeWmschelle.
592 2671 2732 2807 auch für die Rabattfreiexemplare an das Sortiment. Das ist eine ganz
586 2771 2966 2921 kleine Erleichterung und ich bitte Sie mir mitzuteilen, ob Sie damit einver-
598 2870 3011 3020 standen sind, dass wir für die "Schwestern" diese Berechnung anwenden können.
787 2957 2960 3128 Wegen des ungarischen Nachdrucks habe ich noch nichts veranlasst. Die
613 3062 2912 3236 Verhältnisse in Ungarn sind noch nicht so weit geordnet, dass ich mir von
613 3179 2960 3354 einen ordentlichen Gerichtsweg etwas versprechen kann, zumal ein Prozess
613 3290 2921 3456 in Ungarn ein kostspieliges Vergnügen sein könnte, wenn sich der Beklagte
613 3399 2972 3549 als zahlungsunfähig erweist. Zunächst habe ich mich darauf beschränkt, die
613 3498 2617 3657 betreffende Firma wegen des Nachdrucks um Aufklärung zu bitten.
