3117 4119
729 116 2318 313 1902 ein mit Novembr.- 1 Rtens
421 197 590 355 141
704 283 1208 482 31 Duen
618 427 2105 562 S. Fischer/Verlag / A.=G. Berlin W 57
385 590 2352 720 Bankkonto: Deutsche Bank, Depositenkasse P in Berlin/Postscheckkonto; Berlin Nr. 16692
787 656 1950 787 Fornsprochanschlüsse: Amt Lützow Nr. 6163 bis 6164
1183 729 1557 825 Bálowstratze 90
795 767 1953 936 Telegramm-Adresse: Fischerverlag 6162 Berlinlützow
1831 861 2244 1036 1. Febr. 29
263 917 457 1066 M/Si.
562 1019 1834 1271 Herrn Dr. Arthur Schnitzler
2172 1172 2366 1313 Wien
537 1299 1413 1476 Sehr geehrter Herr Doktor,
640 1418 2277 1604 wir hören heute von Frau Dr. Ela Steinberg, Prag,
1440 1535 1537 1604 uns
485 1529 2601 1695 dass es ihr auf Grund der vongeforderten Bedingungen (Pauschal-
479 1626 2584 1795 zahlung von 800 M) nicht gelungen ist, einen polnischen Verlag
493 1767 2518 1886 für „ Therese „ ausfindig zu machen, der die Uebersetzung und
476 1889 2374 2003 Herausgabe dieses umfangreichen Werkes übernehmen wollte.
582 1953 2584 2102 Dagegen hat die T.I.L.A. auf unsere Forderung von 5000 Lire
493 2047 2715 2227 für die Uebersetzung von „ Therese „ geantwortet, dass auch Zsolnay
501 2174 2695 2318 sich mit einer Garantiezahlung von 3000 Lire einverstanden erklärt
493 2280 2532 2413 hätte. Da wir das nicht nachpruefen können, bitten wir sie um
499 2379 2704 2515 Mitteilung, ob diese Behauptung zutrifft. Sie macht deshalb einen
501 2463 2723 2612 Gegenvorschlag von 3000 Lire auf eine Tantieme von 7 1/2 vom Laden-
507 2573 2701 2756 preis des verkauften Exemplars. Dieser Vorschlag soll sich mit dem
510 2692 2374 2842 für "Fräulein Else " gezahlten Honorar annähernd decken.
659 2792 2562 2925 Wir bitten sie um freundliche umgehende Nachricht, ob sie
504 2895 2125 3030 uns zu diesem Abschluss ermächtigen und zeichnen
1360 3041 2316 3174 mit vorzüglicher Hochachtung
1540 3138 2072 3260 S. FISCHER, VERLAG
1568 3216 2039 3288 AKτIENGESELISCHÄFFT
1518 3252 2100 3388 AUSLANDSABTEILUNG
1884 3327 2307 3499 D D Auert
571 3410 1751 3615 F. wovon 10/6 des T.I.L.A. verbleiben
