3046 3912
109 273 2541 512 S. Fischer/Verlag/Berlin M 57/Bülowstraße 90
833 415 2202 569 hanschlüsse: Amt Lützow Nr. 1662. 6162 und 9292 / Postscherkkonto: Berlin Nr: 1669:
1051 497 1823 666 THEATERABTEILUNG
1154 585 1399 703 l'Oe
488 533 836 694 xxx al xxx
2596 563 2750 706 21
2299 566 2493 772 1S
1402 675 1866 806 erendl xxx xxx
591 669 1021 809 xxxdaeß aab xxx
1381 748 2066 881 xxx xxx esb.
351 781 872 893 xxxen.llos nies
376 860 2447 969 nur in Edelvaluten bezahlt und die Honorare sind höher als in
1251 924 1420 996 G.C.F.P.
366 939 457 999 G.C.P.
366 942 2580 1109 Immerhin sind Ihre auch bereits erschienenen Erzählungen
2159 1024 2272 1072 G.C.H.F.P
1896 1024 2023 1093 G.C.F.P.
1333 1039 1424 1087 G.H.F.P
382 1057 2644 1227 nicht etwa von vornherein auszuschliessen, vielmehr lenke ich meine
1248 1142 1414 1208 G.C.F.P.
245 1121 354 1227 G.C.F.P.
388 1133 2677 1330 ganza Aufmerksamkeit darauf bei den verschiedenen Verhandlungen, die
394 1263 2565 1436 bereits im Gange sind und auch schon zu Resultaten geführt haben,
394 1366 2747 1502 diese Werke mit einzubeziehen. Vielleicht kann ich Ihnen bald weiteres
2256 1457 2362 1533 G.F.P.
382 1499 2611 1639 mitteilen. Auch einen Bühnenvertrieb nach Russland suchen wir ge-
388 1569 2590 1778 meinsam mit russischen Verlegern in die Wege zu leiten und fragen
1260 1696 1354 1754 G.F.P.
394 1720 2590 1848 ergebenst an, ob Sie sich mit Ihren Bühnenwerken daran beteiligen
397 1826 2656 1954 wollen. Dies wäre allerdings nur möglich, wenn uns für eine gewisse
388 1923 2608 2057 Zeitdauer, etwa zwei Mahre, der Alleinvertrieb für Russland über -
394 2029 2526 2156 geben würde und wir volle Handlungsfreiheit bekämen, wenigstens
1596 2126 1872 2190 A.W.W
406 2159 2696 2287 grundsätzlich, was ja nicht zu verhindern braucht, dass wir trotzdem
397 2241 2584 2411 nach Möglichkeit nur im Einvernehmen mit Ihnen verhandeln wollen.
854 2344 2562 2505 Direktor Reusch, mit dem ich, wie Sie wissen schon
406 2456 2735 2590 früher in sehr günstiger Weise zusammen gearbeitet habe, beabsichtigt
403 2580 2568 2702 eine Schnitzlertournee nach Schweden. Da es sich dabei in erster
403 2708 2662 2829 Linie um "Neigen " handelt, habe ich mich zunächst reserviert ver-
409 2780 2687 2914 halten. Immerhin wäre in diesem Falle, anders als s. Zt. bei Ziegel,
409 2899 2771 3029 die Mitnahme zweier anderer Ihrer Stücke von vornherein gesichert, so-
415 3008 2617 3150 zwar, dass erst mehrere Male hintereinander ein anderes Stück von
409 3120 2665 3256 Ihnen gespielt würde, bevor "Reigen" herauskäme. 10% Tantieme für
412 3223 2665 3356 jedes Stück wären Ihnen zugesichert. Eine Garantie von 1000 schwed.
412 3338 2674 3507 Kronen würden vor Beginn der Tournee erlegt. - Ich ersuche höflich,
536 3447 1296 3619 ist zu Stellung zu nehmen.
