3112 4039
1451 352 1996 594 Berlin M.
718 401 1284 560 Fischer / Verlag
410 574 2195 724 nkkonto: Deutsche Bank, Depositenkasse P in Berlin/Postscheckkonto: Berlin Nr.
753 638 1881 741 Fernsprechanschlüsse: Amt Lützow Nr. 6162 bis 616.
1131 707 1506 808 Bülowstraße 90
802 713 1887 920 elegramm.Adresse: Fischerverlag 6162 Berlinlützow
1927 776 2369 920 den 8. Februar
545 906 733 1076 G.C.F.P
222 1050 1290 1206 Herrn Dr. Arthur S
1344 1079 1520 1180 n n
110 1016 196 1186 G.C.P.
1644 1148 1852 1304 G.C.H.F.P.
248 1163 1073 1316 gefahren wiederholt sehr
522 1272 782 1417 G.C.H.F.P.
1691 1356 1803 1512 G.F.P.
640 1370 1668 1520 Sehr verehrter Herr Doktor!
340 1463 1018 1601 neusbau Hodellerei
629 1466 2536 1702 Ihr letztes Schreiben hat Herr Fischer noch von seinem Ur-
470 1607 750 1693 G.C.F.F:F:S
1203 1616 1304 1679 G.C.F.P.
329 1607 2599 1780 laubsort selbst zu beantworten sich vorbehalten, Sie dürften also in
338 1688 2654 1861 den nächsten Tagen von ihm Nachricht erhalten. Herr Harz soll Ende der
338 1809 2640 1976 Woche in xxx eintreffen, wo er mir versprochen hat, das Belegmate-
1021 1953 1137 2005 uns
340 1944 2348 2086 rial der zwischen Ihnen schwebenden Fragen zu unterbreiten.
626 2022 2568 2181 Ich schreibe Ihnen heute nochmals in der Angelegenheit des
349 2097 2547 2325 Volksbildungsvereines zu Niesbaden, der die von uns vorgeschlagene
343 2233 2614 2397 Terminierung des Abdrucksrechtes auf 10 Jahre nicht wagt, seinem Aus-
355 2317 2669 2530 schuss zu unterbreiten, weil er fürchtet, dass sonst die ganze Angele-
349 2444 2594 2608 genheit scheitern könnte. Er meint, es wäre ihm mit grosser Mühe ge-
361 2516 2519 2706 lungen, das aussergewöhnlich hohe Hehorar zu bewilligen; der Vere
364 2651 2467 2839 würde nur darauf eingehen, wenn er gegen Konkurrenz sicher geste
358 2752 2371 2946 wäre. Er bittet mich, eine Fassung des § 4 vorzuschlagen, die
1973 2836 2181 2983 gleicht
372 2856 1653 3018 vertragsschliessenden Parteien genehm
364 2951 1613 3127 Fassung vorschlagen, wonach das Recht
369 3073 1445 3228 wird, dass aber der Verein des Re-
372 3182 1428 3344 Ablauf dieser Zeit keine Vorräte
410 3298 1370 3448 Minimal-Auflagenzahl nicht ern
444 3401 1258 3580 sterreich und Deutschland
