3130 4008
1221 147 1432 412 A 5
937 704 1095 795 1018
1186 669 2209 865 Vertrieb Werke Arthur Schnitzler
702 924 2718 1084 1) Von dem Vertrieb sind Berlin, uWien und Hamburg grundsätzlich
819 1066 2774 1202 ausgeschlossen ( Vertrag § 2). Auf Wunsch des Autors kann der
817 1157 2777 1304 Vertrieb jedoch Vertragsabschlüsse übernehmen und erhält dafür
822 1253 2811 1395 eine Provisien von 5 % : Der Vertrieb verpflichtet sich auf xxx
819 1368 2972 1518 Wunsch des Autors das Inkasse sulcher Verträge, die vom Autor selbst
827 1473 2782 1625 abgeschlossen sind, auf dessen Wunsch kostenles zu übernehmen.
835 1590 2752 1700 Tantieme für sämtlichen abendfüllenden Stücke, bzw. Einakter-
696 1598 793 1719 2)
825 1655 2795 1815 Zyklen (schen bei Aufführung von 2 Einaktern) betragen 10 %,
843 1802 2758 1906 ohne Rücksicht auf frühere Vertragsverhältnisse. Tantieme für
825 1877 2742 2019 Einakter 3 %. Für „Grosse Scene“ und „Grüner Kakadu“ 5 %.
739 1989 2830 2145 3) Aus den Einakter- Zyklen kann von den Bühnen auch einzelne Ein-
835 2086 2835 2228 akter gewählt xxxx und gespielt werden. Jedoch ist den Bühnen
830 2206 2897 2351 nahezulegen, tunlichst nur Einakter von Schmitzler an einem Abend
843 2265 2723 2437 zu geben. Der Einskter - Zyklus „Kemödie der Werte“ muss
838 2396 2728 2525 unzerrissen bleiben und darf nur einheitlich gegeben werden.
782 2498 2750 2635 4) Beim Prager Landestheaters ist unbedingt darauf zu dringen,
945 2613 1055 2678 die
849 2581 2809 2750 dass im Verhergehenden angeführten Bedingungen auch von dieser
846 2707 1652 2865 Bühne eingehalten werden.
