3093 3959
2191 396 2311 497 1
664 554 2355 677 fach wegen des Honorars einen Vorschlag machen lassen.
809 684 2511 789 Die "Weltliteratur" hatte bei Eintreffen Ihrer Antwort
677 760 2576 885 "Geronimo" und "Ein Ehrentag" schon im Satz herstellen lassen
664 864 2735 1010 und um nachträgliche Genehmigung gebeten, wegen der grossen techni-
666 966 2634 1083 schen Schwierigkeiten, die mit einer Aenderung verbunden wären.
656 1085 2418 1192 Ich denke, wir machen dort weiter keine Schwierigkeiten.
822 1184 2642 1301 Verbindlichsten Dank für den "Dr. Gräsler". Wir werden den
1853 1262 2090 1322 'M^'n 't:n
664 1270 2704 1418 Satz im Anschluss an die früheren Novellenbände herstellen lassen,
653 1413 2699 1512 aber der Verkaufspreis wird unter den gegenwärtigen Verhältnissen
653 1483 2511 1598 kaum unter 3 Mark möglich sein. Wir haben die allergrössten
656 1588 2688 1694 Schwierigkeiten, um überhaupt Bücher zu drucken und zu versenden.
664 1725 2683 1817 Abgesehen von der enormen Teuerung ist das Papier für uns kontin
658 1830 2647 1936 gentiert, wir dürfen über ein gewisses Quantum hinaus nicht ver-
664 1892 2751 2020 brauchen, die Buchdruckereien und Buchbindereien versagen an Mangel
658 2017 2712 2121 an Arbeitskräften, und was das Allerschlimsste ist, die Transport-
648 2108 2701 2225 mittel sind so schwierig geworden, dass es wochenlang dauert, bis
658 2197 2647 2319 die Pakete an Ort und Stelle sind. Und so wird es wohl kaum mög-
651 2308 2215 2457 lich sein, Ihr Buch vor Ende Juni herauszubringen.
1018 2415 1738 2550 Mit herzlichen Grüssen
1973 2511 2100 2608 Ihr
1616 2655 2275 2982 H. Fische
