3113 3816
1367 635 1508 754 ¼
1059 740 2179 894 FISCHER/VERLAG
782 857 2371 960 Bankkonto: Deutsche Bank. Depositenkasse P Berlin / Postschsekkonto: Berlin 16892
1055 914 2099 1025 BERene W 57 / BÜLowSTRASSE 90
1229 985 1941 1100 Fernruf: Lützow 1662, 6162 und 9292
1613 1025 2311 1181 Berlin, den 10. 3. 23.
1017 1069 1260 1181 Ro./Re.
1148 1193 2038 1338 Herrn Dr. Arthur Schnitzler,
1680 1294 2163 1443 W i e n XVIII.
1619 1397 2224 1551 Sternwartestr. 71.
1211 1488 2036 1646 Sehr geehrter Herr Doktor!
1183 1615 2430 1759 Im Auftrage von Herrn Fischer haben wir
1029 1712 2386 1864 Ihnen a conto der bevorstehenden Abrechnung
1033 1822 2412 1935 M. 700.000.– zu überweisen. Nun muss neuer-
1031 1929 2367 2084 dings für Zahlungen an im Ausland wohnende
1951 2010 2258 2086 bei einer Bank
1021 2054 2446 2190 Personen, auch wenn sie ein Konto in Deutsch-
1035 2137 2414 2303 land haben, in jedem einzelnen Fall die Ge-
1029 2228 2412 2416 nehmigung des zuständigen Finanzamtes einge-
1029 2382 2276 2515 holt werden. etc. dadurch verden sich in dem
1029 2446 2428 2586 heutigen Fall, sowie bei zukünftigen Zahlun-
1043 2559 2432 2727 gen die Ueberweisungen verzögern, worauf wir
1043 2687 2198 2792 jedenfalls aufmerksam machen möchten.
1262 2772 2042 2934 Mit vorzüglicher Hochachtung des
1474 2897 1751 3000 Fischer
1409 2913 2018 3120 Rosenbaum Rübelin
