3066 3944
1602 371 2034 588 57/B
1214 568 2305 654 Lützow Nr. 1662. 6162 und 9292 / Postscheckkonto: Berlin Nrl. 16692
1162 654 1911 794 THEÄTERABTEILUNG
1068 728 1937 908 Berlin, den 4. April 1925
488 1063 705 1234 Herrn
808 1117 1545 1314 Dr. Arthur Schnitzler
1645 1211 1934 1434 Wien
500 1417 1434 1637 Sehr gerehrter Herr Doktor,
1451 1491 2773 1659 da ich zunächst gegen eine weitere Auf-
511 1651 2725 1837 führung von "Liebelei" durch die Breslauer Funkstunde verwahrung
511 1725 2805 1914 eingelegt habe, will ich zunächst abwarten, ob die Funkstunde darauf
511 1888 2628 2011 reagiert. Falls dies der Fall sein sollte, möchte ich doch gern
517 1977 2648 2105 wissen, ob Sie nach den Darlegungen der Funkstunde mit Mk. 100.
523 2054 2793 2216 einverstanden wären, oder aber einen anderen Minimalsatz aufstellen
528 2216 2759 2339 wollen. Soviel mir bekannt ist, wird an mitwirkende erste Künstler
523 2285 2525 2462 ein Honorar von Mk. 50.— bis Mk. 100.— in Berlin gezahlt.
1368 2396 2096 2522 Mit ergebenen Grüssen
1865 2479 2399 2582 S. FISCHER, VTRLAG
1894 2562 2359 2628 AKTRENGESELL GCHAFT
1865 2588 2396 2708 THEATERABTEILUNG
1988 2673 2382 2831 O'Klliary
