3096 3848
1102 863 1638 1042 14. - Juld 2.
1145 1004 1943 1157 G. mk fait 5 sollent!
1085 1107 1880 1256 tre eue aux – vos ich 1 10
1115 1205 2229 1349 daß wir jongen - sie - 100 g.
1095 1278 2209 1437 1) mehr auf halbhaast an, daß,
1087 1379 2312 1580 u nach Valèle in diesen Abweg nach
1105 1472 1399 1573 with
1079 1558 2149 1749 Mr Willm - to - to
1069 1701 2255 1882 bestel - 800 Will.. al 1 Mark auf
1218 1776 1794 1915 V. A....
1105 1862 2010 1988 Reicht inneh - u ihn u. mehr
1102 1945 2139 2104 auf Abm. versteht. die es betr.
1152 2033 1422 2129 en 4.
1145 2086 1653 2232 Bei Kultespolt
1170 2189 1641 2310 me tt & fui..
1175 2270 1414 2393 vile.
702 3231 2662 3374 ### werden/ ou sie sich nun zur à Conto-
606 3347 2629 3482 Zahlung in Buchmark verstehen sollen, die an Exemplaren gemessen
