3130 3816
492 324 2708 603 S. Fischer/Verlag/Berlin M 57/Bülowstraffe 90
1073 495 2230 643 blüsse: Amt Lützow Nr. 1662, 6162 und 9292 / Postscheekkonto: Berlin M
1218 569 2003 717 THEATERABTEILUNG
2174 762 2285 939 be
1314 791 1474 945 III.
663 1047 2515 1263 Verhandlungen einleiten darf.
1166 1132 2666 1323 Sie fragen mich nach den Höchsteinnahmen der
669 1260 2748 1459 Berliner Theater. Diese sind unter den heutigen Verhältnissen
680 1388 2879 1579 schlechthin nicht feststellbar. Zwar liesse sich rein theoretisch
677 1508 2720 1730 auf Grund der Sitzeanzahl und der Eintrittspreisze etwas wie
694 1661 2774 1869 eine Höchsteinnahme konstrujeren, die es aber in der Wirklich-
697 1761 2819 1937 keit nicht gibt. Abonnement, Zwischenverkauf und in grosser An-
694 1872 2748 2071 zahl verschleisste Steuerkarten heben da jede Berechnung auf.
703 2026 2885 2205 Ich weiss nun nicht, gegen welches Theater, sich momentan gerade
706 2137 2677 2324 Ihr Misstrauen wendet. Handelt es sich um die Abrechnungen
720 2279 2836 2498 "Liebelei", so könnte ich eine gewisse Kontrolle insofern aus -
714 2421 2782 2555 üben, als auch ich über die Aufführungen des Stückes, das ja
717 2492 2828 2700 zugleich mit " Lore " gegeben wurde, Abrechnungen besitze, und
725 2657 2822 2817 so eine Vergleichsmöglichkeit besteht, falls Sie mir die Ihnen
723 2737 2802 2959 zugegangen Abrechnungen für einige Tage zur Verfügung stellen
728 2879 2882 3038 würden. Sollte es sich aber, was ich weit eher vermuten möchte,
731 2970 3019 3172 um die Rotters handeln, so wollen Sie mir doch gefälligst mitteilen,
2381 3101 2953 3260 Gernhardi " ver -
748 3132 1798 3334 welche Durchschnittssummen Ihnen
754 3238 2973 3448 rechnet worden sind. Ich werde mir dann auf Grund des hier liegen-
757 3360 3004 3533 den Material ein Urteil bilden können. Die (nicht tantiemenpflich-
1414 3502 3004 3690 keuer beträgt in Berlin z, Zt. 15 % der Brutto-
