3224 3577
1223 77 1498 222 9/1:1919
992 317 2724 477 berenzen bezüglich seines Engagements gehabt, dafür lie¬
921 432 2745 592 Kronen, im August habe ich ihn überhaupt nicht in Anspruch
829 560 2787 678 men, auch dafür liquidiert er 500 Kronen; im September hat ihr
782 598 3018 767 pper während 8 - 10 Tagen in die Geschäfte einzuführen versucht, eine
734 734 2858 906 Vorarbeit, ohne die er überhaupt nichts hätte machen können; dafür
696 814 2917 965 liquidiert er 1000 Kronen. Ich habe ihn ferner gebeten, einstweilen
699 939 3077 1096 bis wir ein richtiges Bureau nach dem Krieg eröffnen können, die Äusserst
696 1048 3023 1220 geringen Arbeiten, für die er gegenwärtig aufzukommen hat, zu Hause in
699 1140 3068 1333 seiner Wohnung zu machen, dafür rechnet er 300 Kronen pro Monat, 40 Kro-
699 1267 3077 1398 nen für Benutzung des Telephons und 30 Kronen für die Heizung monatlich.
699 1347 3009 1498 Sein Gehalt von 2000 Kronen pro Monat bekommt er ausserdem. Sie sehen,
702 1439 2952 1587 es ist schwer, mit einem Mann zu arbeiten, der so wenig seine eigene
699 1561 2935 1706 Leistung einzuschätzen versteht und, wie ich fast sagen möchte, aus
708 1682 2529 1806 einer naiven Geldgier ungebührliche Forderungen stellt.
802 1750 2825 1922 Ich schreibe Ihnen das alles, weil Sie sich für die Frage der
714 1874 2994 2014 Wiener Filiale interessiert haben und weil ich den Wunsch hätte, dass
708 1972 3050 2105 aus der Sache mehr werden soll als ein Interregnum während des Krieges.
705 2105 2952 2230 Augenblick sind wir ja mit der Neuherstellung weiterer Werke in Wien
714 2174 3068 2360 ganz lahm gelegt, denn die Elbemühl kann nicht liefern und die fertigen
711 2304 2822 2455 Bücher können wegen Transportschwierigkeiten nur sehr unvollkomm
711 2440 1155 2564 uns gelangen.
800 2425 2991 2707 Bei uns geht es noch immer sehr scharf zu, es ist nicht abzusehen,
711 2621 1954 2772 wie Ordnung in die Dinge kommen soll.
1738 2713 2242 2884 herzlichen Grü
1990 2866 2496 3059 Pfische
1729 3032 2188 3186 Sie wohl dir
1564 3009 1703 3180 wort
527 2994 1267 3237 N.B. Den anliegenden B
