3085 4071
1419 321 1622 470 854
931 411 2406 626 S. Fischer / Verlag / A.-G. Berlin W 57
1394 598 1917 713 Theaterabteilung
675 629 2652 806 Bankkonto: Deutsche Bank, Depositenkasse P in Berlin / Postscheckkonto. Berlin Nr. 16692
1124 738 2219 819 Fernsprechanschlüsse: Amt Lützow Nr. 6162 bis 6164
1071 778 2253 872 Telegramm-Adresse: Fischerverlag 6162, Berlinlützow
1485 840 1827 949 Bülowstraße 90
1855 840 1980 909 G.H.F.P.
2157 809 2761 1002 Den 13. März 1928
566 862 803 1052 Ma/He.
1584 934 2471 1149 Holland Esq
1226 987 1432 1158 ueglise.
433 1030 1211 1198 Herrn
2285 1111 2415 1261 G.H.F.P
454 1142 2241 1326 Dr. Arthur Schnitzler
909 1236 999 1335 G.H.F.P.
1964 1220 2257 1388 .rebaldes
2309 1198 2804 1398 Wien XVIII
1706 1332 2860 1500 Sternwartstr.71.
389 1348 1295 1531 edselustedil auch ist xxx
448 1475 2369 1625 .effelredam ist eik niea doilduerer oskade edwahn mu###neg
2288 1519 2864 1687 Le d.O. F.A. mets von
451 1572 2229 1712 Sehr verehrter Herr Doktor!
389 1656 2873 1805 Obwohl der Standpunkt Ihres Schreibens vom 10. März,
408 1783 2913 1933 das ich natürlich an unseren holländischen Vertreter weiter-
862 1908 2932 2064 leiten werde, nebst den erforderlichen Instruktionen, selbst¬
492 1936 803 2054 G.C.H.F.P.
872 2029 2944 2176 verständlich ganz der meine ist, glaube' ich doch dass er sich
865 2104 2963 2260 eher da lege ferenda durchsetzen lassen wird als de lege lata.
1170 2229 2910 2375 Die Rechtslage ist durch das holländische Sonderab¬
1233 2344 1662 2412 ou nous avons eu qu'il ne sont pas
875 2372 2885 2474 kommen so, wie wenn bei einem deutschen Schriftsteller nach
875 2468 2885 2602 seinem Tode dreissig Jahre verflossen sind. Im dreisigsten
492 2468 582 2593 G.H.F.P
872 2565 2786 2699 Jahr nach seinem Tode ist es Diebstahl an den Erben sein
875 2674 2879 2814 Werk aufzuführen, im einunddreissigsten steht es jedem frei
884 2811 2898 2910 und ein Rechtseinspruch der Erben an den Theaterdirektor im
884 2848 3047 3038 einunddreissigsten Jahre würde natürlich vor jedem Gericht abge-
878 3022 2994 3181 wiesen werden. In dieser Lage befinden Sie sich aber gegenüber
1846 3100 2901 3265 (sofern natürlich nicht irgend
884 3134 1824 3274 den holländischen Gerichten
1808 3190 1905 3281 4
1447 3218 1690 3299 g-
878 3237 2839 3386 eine Uebersetzung des Werkes erschienen sein sollte). Das
881 3371 2982 3533 deutsche Gesetz beschränkt den Schutz auf dreissig Jahre nach
