3096 3987
831 531 927 612 lin
1684 578 2630 698 Berlin, den 12. November 1923.
1508 779 1650 868 G.C.H.P.
1387 794 1502 878 G.C.F.P.
1041 788 1242 890 Herrn
1060 871 1245 955 G.C.H.F.P.
1261 881 1601 1007 Dr. Arthur
1632 890 1891 1004 Schn
1962 890 2049 1004 t
2107 887 2321 1020 er,
2144 995 2333 1091 AVIII.
2148 1078 2256 1122 — —
1860 1112 2435 1205 Sternwartestr. 71.
1560 1196 1684 1261 G.H.F.P.
1344 1193 1536 1273 G.C.F.P.P
603 1251 1764 1369 Lieber und verehrter Herr Doktor,
763 1357 2667 1446 heute kann ich Ihnen endlich Rositives berichten. Mein Brief
609 1415 2660 1499 wird wahrscheinlich angesichts der Fuffe des Materiales etwas lang
603 1483 2660 1545 und unübersichtlich werden. Ich bitte Sie aber um Nachsicht, denn
603 1523 2809 1613 angesichts der heutigen Umstände habe ich nicht ganz die Konzentration
609 1588 2732 1669 um es Ihnen geordnet mitzuteilen. Ich möchte vorwegnehmen, uass ich
606 1641 2691 1721 die Absicht habe, Anfang Dezember nach Wien zu übersiedeln, da ich
599 1693 2191 1777 hier nicht mehr in der Lage bin ruhig zu arbeiten.
2021 1767 2219 1845 G.C.F.P.
748 1777 1996 1860 Folgendes ergab sich bei Herrn Fischer;
593 1823 2716 1916 Allgemeines. Ich habe mich davon überzeugt, dass alle Nachteile und
599 1894 2673 1956 Fehler der Abrechnung sich nicht etwa durch absichtliche Uebervor-
606 1941 2626 2012 feilung oder Nachlassigkeit in Wahrnehmung der Autoreninteressen
606 1996 2673 2076 ergeben haben, sondern lediglich dadurch entstanden sind, dass der
612 2052 2623 2132 Verlag mit den Problemen der Geldentwertung und ihren Folgen für
599 2107 2679 2191 die Autoren nicht im geringsten vertraut war. An der Royalität des
593 2148 2466 2228 Herrn Fischer ist in keiner Weise zu zweifeln, aber ich bin
599 2197 2673 2287 erschreckenderweise auf einen seltsamen Zwiespalt gekommen. Einer-
596 2262 2741 2339 seits ist Herr Fischer zu grossmütigen Konzessionen bereit, zu denen
599 2311 2707 2373 er in manchen Fällen garnicht verpflichtet ist; andererseits ist er
599 2355 2707 2435 in kleinen Dingen, in denen das Hecht offensichtlich auf Seiten der
201 2407 2679 2534 V die VerwicklungenAutoren liegt, hartnäckig bis zur Unnachgebigkeit. Die Materie ist
599 2469 2682 2540 ungewöhnlich kompliziert, und in gewisser Hinsicht nicht die Schuld
408 2494 501 2562 G.H.F.P.
593 2509 2466 2599 der Menschen, sondern die der unglaublichen Verhältnisse in
593 2562 986 2654 Deutschland
751 2574 2744 2713 Der Verlag Fischer macht folgende Vorschläge, die ich lediglich
596 2657 2648 2750 zur Kenntnis nahm und Ihnen hiermit weitergebe.- xxx
596 2713 924 2781 für die Ve
980 2716 1357 2800 angenheit werden.
754 2753 927 2803 MÎsse & W. & C.S.
1347 2713 2750 2796 den nach dem Erlös durchgeprüft und mit den
1165 2762 1285 2818 G.C.H.
992 2769 1564 2846 teten Zahlungen vor
596 2766 1001 2830 an Sie geleit
1628 2775 2722 2852 lichen. Der Verlag ist der Ansicht,
992 2815 1069 2861 4.
374 2756 525 2911 her
596 2824 2679 2892 dass sie den ungefahren Gegenwert des Erlöses in à Conto-Zahlungen
596 2871 2744 2963 erhalten haben. In Zukunft sollen Sie monatlich eine à Conto-Zahlung
593 2917 1598 2988 erhalten, entweder für verkauft
1687 2926 2651 3031 kemplare oder auf den Erlös hin
596 2966 1576 3037 und diese Zahlungen würden dann
1733 2985 2636 3062 oder zweimal im Jahre ausge¬
587 3022 1341 3102 glichen werden. Dieser
1749 3031 2540 3121 dadurch möglich, dass die
748 3081 840 3143 Om
590 3078 695 3139 Zah
2027 3087 2525 3155 wertbeständigen.
593 3127 1103 3192 Zahlungsmittel.
2027 3124 2701 3220 Pischer den Wertmesser
596 3170 1122 3244 für die am Zahlung
2073 3192 2633 3263 Buchhändler-Böraen
590 3226 1100 3282 blattes berechne
2120 3241 2614 3316 der Ansicht bin
590 3275 1029 3350 dass wir bald.
2055 3297 2614 3359 dann alle Problem
590 3325 1066 3396 der Geldentwert
2135 3350 2614 3436 nun zur à Conto,
578 3374 1137 3473 Zahlung in Buchma
1335 3387 1418 3473 dte
1187 3387 1301 3473 vei
2132 3402 2608 3504 plaren gemessen.
