2926 3912
1053 221 1168 374 56
1875 288 2374 442 2. August. 1922
1530 445 2038 627 ###ebesdarevate re¬
166 499 675 669 auf xxx xxx
1421 570 2131 736 etiaarso aeblw0 000S m
67 624 1171 790 Bef sd tadoß Jus Maaß bmomeH tod aaa
1456 662 2368 829 eV rodostr.xodidssmle aemsM
74 726 1216 906 Jasaw sseg nie osla dois fdeigre
1222 720 1453 858 An den
810 768 2381 966 2.10 aegabgutbel seb nedosiva beidosretnU nedell
1302 883 1866 960 Verlag S. Fischer,
64 851 691 992 keits vom drb.erelz.
186 912 2384 1059 föhle nov eit ausquiben xxx xxx den Herrn xxx und xxx
192 1014 2362 1197 das ins doalteizat) denn nuss doh,nedoerge seblos O.D. m.d.n.
2406 960 2566 1136 G.C.F.P
2221 1085 2410 1130 ralastrissen
1901 1082 1987 1146 xyz
848 1088 1875 1194 xxx verlassen, xxx den xxx
2250 1123 2387 1187 fron
730 1126 2227 1251 xxx miergelei asi na xxx xxx
2246 1149 2426 1238 G.H.F.P
736 1190 2054 1286 meiner zu erinnern und sich für kurze Zeit
195 1174 426 1318 med Ies
1949 1213 2384 1315 bungro, das doh
1747 1235 1933 1325 reasif
640 1264 1763 1363 Herr Greiner###
819 1213 2557 1395 versetzen. Dann wurde xxx, wie ich überzeugt bin,
227 1283 352 1408 Sehr
2269 1296 2630 1443 erlaube ich
678 1325 2285 1466 Jhre Telegramme vom gestrigen und heutigen Tage.
989 1414 1584 1501 ###t xxx
198 1418 576 1523 Jad nedegen
205 1434 2666 1610 mir, Jhnen folgendes zu xxxreidernt xxx Standpunkt ist nach wie vor, dass Sie
186 1510 2637 1690 und Herrenr. Schmitzier mir „Zwischenspiel“ und "Reigen“ für Holland Über-
109 1610 2678 1837 -te kassenshaben. Sie haben meiner Frau, die in meiner Vertretung bei Jhnen war,
195 1715 2682 1898 xxx wieder erklärt, Sie selbst, als Vortröter des Verlagen S. Fischer wären
1715 1824 1866 1885 G.C.H.P.
96 1853 2541 2042 einverstanden, dass wir "Reigen" in Holland spielen, sobald Herr Dr. Sohn
2448 1952 2586 2074 lief-
189 1958 2211 2150 ler seine Einwilligung dazu gegeben hätte. Nach einem ausgede
214 2080 2669 2246 und Bepanckennechsel sandte mir Herr Dr. Schnitzler am 29.7. folgendes Tele-
138 2141 2627 2330 gen: Einverstanden wenn zwischenopiel erbrecht Räut von Bank Holland
205 2256 2659 2470 Vor Beginn klagt. Gruß Schnittler. Das tolegramm gelangte am 29.37 um ge-
179 2352 2538 2547 fähr. 11 Uhr mittags in meine wähde. Da die Perfoktuirung des Castepiels
102 2458 2605 2672 nur noch vom Stunden abhind, wie mir unser Holländischer vermittler, Herr
2227 2563 2451 2634 unterbastl.
144 2582 2637 2758 am H. van Wassdyk gedrahtet hatte, oo röef ich xxxnittags in Rotterdam an und
2259 2669 2477 2736 nejrow.
2256 2723 2445 2803 zu und
272 2678 2013 2851 sagte ihm auf Grund den zitterten Schnittier telegramme
2246 2774 2474 2851 Tenten
166 2778 250 2902 ni
179 2784 2010 2973 nerklärte das in allen Teilen vorbesprochene dästöpfel
2176 2826 2464 2902 fekt. Jch
269 2845 368 2931 kle
2157 2883 2470 3008 sich xxx
2362 2941 2483 3002 ein
330 2899 2013 3082 um auch das Telegramm in Wortlaat vor, mit dessen Jnhe
2362 2992 2474 3062 ben:
269 3027 1469 3174 standen erklärte. Gleichzeitig sandte
256 3136 1261 3280 wärtige Mitglieder abzuführten
304 3248 950 3405 gegen 7 Uhr konnten
954 3331 1376 3475 Begrafischer Wochen in
426 3350 845 3475 vor, die laut
1136 3434 1482 3562 dier ausdrücklich.
2445 3533 2589 3677 nur
2314 3558 2422 3654 a sel
1229 3658 2570 3782 Lugt in Scheeveningen, erhielt ich heute
