3154 4056
1229 282 1427 396 163
490 336 2637 526 S. Fischer/Verlag/Berlin W 57/Bülowstraße 9o
700 460 2430 622 Bankkonto: Deutsche Bank, Depositenkasse P in Berlin / Postscheekkonto; Berlin Nr. 16692
973 529 2163 643 Fernsprechanschlüsse: Amt Lützow Nr. 1662. 6162 und 9292
2007 661 2505 817 18. Juni 1920
399 691 616 886 er/si.
814 790 1730 1054 Herrn Dr. Arthur Schnitzler
2130 892 2298 1081 Wien
595 1018 1238 1235 Sehr geehrter Herr,
673 1174 2884 1367 vor Kurzem telegraphierten wir Ihnen, ob Ihren von einer russischen
511 1277 2890 1451 Ausgabe des „ Casanova „ und „Doktor Gräsler „ durch den Berliner Verlag
508 1394 2884 1535 Erwin Berger etwas bekannt sei und mussten nun aus Ihrer telegraphischen
520 1517 2854 1631 Antwort ersehen, dass die diesbezüglichen Verhandlungen vor einigen Mo-
517 1607 2872 1766 naten durch uns selbst geführt worden waren. Sie rügten dieses Versehen
517 1706 2896 1844 mit der Bemerkung, dass unsere Anfrage "zum mindesten überflüssig" gewe-
532 1805 2929 1955 sen sei. Wir brauchen ja wohl kaum zu erklären, dass dieser Irrtum gerade
529 1883 2938 2046 in dem Umstande begründet ist, dass wir die für uns nicht mehr überblick-
541 2025 2845 2160 baren Auslandsgeschäfte durch die Errichtung unserer Auslandsabteilung
541 2079 2947 2253 zu zentralisieren suchen. Ueber Ihre vielfältigen Auslandsangelegenheiten
940 2130 1198 2202 Monsieur M r de mʼadresse
538 2202 2917 2385 gibt es aber eben infolge der bisherigen Gelegentlichkeit, mit der diese
544 2313 2854 2463 Geschäfte von uns betrieben wurden, zum grossen Teil überhaupt keinerlei
544 2424 2914 2568 Belege als einzelne versteckte Bemerkungen in Ihren an Herrn Fischer ge-
1406 2505 1733 2577 G.O.F.P.
547 2505 2956 2679 richteten Privatbriefen, sodass es zunächst Schwierigkeiten macht, gerade
1078 2628 1229 2691 a-
550 2619 2911 2778 Ihre Angelegenheiten in der Auslandsabteilung zu vereinigen und der neu
559 2745 2974 2872 gegründeten Auslandsregistratur einzufügen. Im Uebrigen hätte Ihnen unse-
553 2830 2872 2995 re Anfrage wie wir glauben, trotz des harmlosen Versehens, auf dem sie
559 2953 2806 3079 beruhte, ein Beweis dafür sein dürfen, dass wir bei Behandlung Ihrer
559 3025 2908 3202 Auslandsinteressen uns nicht engherzig auf den einzelnen Fall beschrän-
568 3145 2929 3295 ken, sondern diese Ihre Interessen auch ganz im Allgemeinen mit Aufmerk-
568 3283 1183 3421 samkeit verfolgen.
706 3355 2917 3499 Was nun Ihren an Herrn Fischer gerichteten Vorschlag betreffend die
439 3577 721 3761 K. 24. 10000. 2.20.
