3288 4199
831 429 2328 659 S. Fischer / Verlag / A.=G. Berlin W 57.
242 619 2588 756 Telegramm. Adreßigkkonto: Deutsche Bank, Depositenkasse P in Berlin / Postscheckkonto: Berlin Nr. 16692
225 689 709 805 Fischerverlag 6162
998 718 2162 831 Fernsprechanschlüsse: Amt Lützow Nr. 6162 bis 6164
295 759 645 872 Berlinlützow
1395 779 1777 913 Bülowstraße so
446 884 656 1062 F/Si.
1990 890 2375 1071 17. Jan. 27
712 1004 1637 1225 Herrn Dr. Arthur Schnitzler
2165 1112 2389 1301 Wien
578 1278 1068 1415 Lieber Freund,
680 1362 2626 1575 seitdem wir uns gesehen haben, habe ich mit einem schweren
584 1543 2626 1686 Katarrh zu kämpfen gehabt, ich bin erst seit einigen Tagen in
584 1643 2454 1756 der Lage, mich mit den laufenden Geschäften zu befassen.
686 1739 2611 1867 Ihre hovelle habe ich gelesen und wieder die ungeschwächte
578 1838 2751 1966 Meisterschaft bewundert, mit der Sie den Leser gefangen zu nehmen
589 1949 2687 2086 vermögen. Ich hoffe, dass wir in Ihrem Fall nicht eine ähnliche
581 2066 2874 2200 Erfahrung machen, wie es mit zwei Romanen von Bernhard Kellermann und
578 2168 2783 2319 Gerhart Hauptmann geschehen ist; mit diesen Romanen, die durch den
575 2270 2807 2419 Vorabdruck in der „Berliner Illustrierten Zeitung“ im Absatz erheb-
578 2381 2652 2532 lich behindert waren. Ich würde vorschlagen, dass wir zunächst
572 2480 2716 2623 15 000 Exemplare drucken und ich hoffe, Sie werden in Anbetracht
572 2573 2900 2696 der Unsicherheit, die durch den Vorabdruck in der willustrierten Zeitung
569 2690 2637 2833 gegeben ist, mit meinem Vorschlag einverstanden sein. Ich darf
572 2766 2830 2955 hinzufügen, dass Sie der einzige Autor meines Verlages sind, der die
581 2888 2742 3020 Voraushonorierung einer geösseren Auflagenzahl bekommen hat. Sie
572 3011 2842 3148 stehen also auch jetzt noch mit Ihrem neuen Buch, einer garantierten
569 3104 2827 3227 Vorauszahlung für 15 000 Exemplare, besser als alle anderen Autoren.
560 3221 2810 3338 Hoffentlich wird der Absatz dazu führen, dass Sie schliesslich doch
560 3326 2258 3475 mit den abgesetzten Auflagen zufrieden sein werden.
2433 3495 2594 3621 Auch
