3219 4199
1513 664 1669 800 1795
871 788 2408 905 S. FISCHER ∙VERLAG A.-G. ‘ BERLIN W • BÜLÖWSTR. 90
1251 863 2051 913 FRNSPRECHER: LÜTZÖW 6162-64
1067 877 2228 1006 TELEGRAMM-ADRESSE: FISCHERVERLAG 6162 BERLINLÜTZÜW
1519 980 2371 1150 Berlin, den 6. April 1927.
895 1015 1146 1144 Ei. /Ar.
895 1209 1098 1306 Herrn
1187 1268 2260 1422 Dr. Arthur Schnitzler
1863 1357 2349 1496 W i e n XVIII
1885 1478 2059 1541 ------
1792 1509 2483 1646 Sternwartestrasse 71
905 1610 2529 1780 Lieber und sehr verehrter Herr Doktor Schnitzler!
1065 1754 2485 1883 Haben Sie vielen Dank für Ihr freundliches
913 1881 2507 1970 Schreiben vom 31.März über Herrn Dr. Gelber. Der
913 1942 2487 2090 Herr hat mit mir bereits einige Male gesprochen
913 2072 2479 2189 und wird Ende der Woche auch mit Herrn Fischer
919 2177 2511 2294 reden. Er besitzt, soviel ich weiss, im Verlags-
923 2264 2485 2448 wesen noch keine Erfahrung, sondern hat seither
917 2398 1863 2515 nur im Sortiment volontiert.
1075 2491 1976 2618 Mit besten Grüssen bin ich
1604 2578 2228 2720 Ihr sehr ergebener
1628 2691 2357 2906 Paul Erène
1150 3756 1233 3931 ist
