2969 3799
614 264 2384 477 lischer/ Verlag/ Berlin M 57 / Bülowstraße
373 334 547 491 S.F.
659 424 2294 547 akkonto: Deutsche Bank. Depositenkasse P in Berlin / Poetschsekkonto: Berlin Nr. 1669.
870 502 2048 620 Fernsprechanschlüsse: Amt Lützow Nr. 1662, 6162 und 9292
1167 578 1818 738 den 19. April 1922
595 662 1091 847 Kaullamie zum
1316 791 1405 906 G.C.F.P.
376 802 1237 954 xxx werden xxx
208 811 342 979 G.H.F.P
424 889 1644 1055 Herrn
1851 982 2317 1161 G.C.H.F.F:F.P.D.
718 990 1475 1170 Dr. Arthur Schnitzler
1602 1094 1874 1251 Wien
435 1268 1330 1436 Sehr geehrter Herr Doktor,
1341 1349 2665 1495 aus Ihrem Schreiben vom 13. 4. entnehme
440 1433 2544 1599 ich mit Vergnügen, dass wir sie zwischen dem 5. und 10. Mai im
438 1562 2642 1708 Berlin werden begrüssen können. Ich denke, dass es das Beste sein
452 1669 2581 1877 wird, wenn wir alle schwebenden Fragen bis zu diesem Zeitpunkte
443 1753 2670 1955 vertagen. Ich werde Sie also während Ihrer Reise nur dann bemühen,
463 1888 2555 2056 falls bestimmte aktuelle Angelegenheiten dies notwendig machen
432 1972 2547 2160 sollten. Die Nachricht, dass die Sache Wottozky inzwischen end-
466 2059 2620 2269 giltig geworden ist, dürfte Sie ja wohl erhalten haben. Wenn Sie
449 2241 2519 2381 auf verschiedene Anfragen, die Sie an Herrn Fischer gerichtet
468 2353 2625 2499 haben, noch ohne Antwort sind, so dürfte dies daran liegen, dass
477 2440 2617 2595 er gegenwärtig zu einem Erhohlungsaufenthalt in Baden-Baden ist.
766 2561 2609 2710 Inzwischen habe ich Herrn Menzler den
393 2600 536 2724 3,4.
457 2651 2564 2816 "Reigen" vertrag um ein Jahr verlängert, auch die Kölner Ange-
488 2726 2645 2900 legenheit dürfte sich noch irgendwie einrenkten. Mein Brief über
496 2878 2749 3041 eigen „im allgemeinen, ist wie ich glaube von Ihnen doch nicht
494 2985 2684 3147 ganz in dem Sinne gewürdigt worden, den ich ihm beilegte. Es wird
499 3080 2752 3226 mir aber nun bei unserem ja nun bald stattfindenden Gespräch gewiss
494 3161 2746 3447 nicht schwer fallen, die Bedenken bei Ihnen zu zerstreuen, die sich
