2930 4008
511 477 2399 653 bei fuhren wird. Es wird das einertlaufendes Geschäft xxx
499 586 2743 753 Houghton Mir Abschrift eine der grössten Verkaufsabteilungen im Lan¬
511 717 2589 887 de und könnten sich wohl um eine Schnitzler-Serie künmern. Aber
497 829 2634 971 Lauten xxx andere den 17. Juli 1922.
508 957 2715 1057 Herrn S. Fischer, Verlag
1970 1021 2687 1175 der mir das Recht zu-
505 1043 1710 1189 Dersönlichen Brief von Mr. Schnitzke
1649 1052 2003 1186 Berlin
1855 1141 2740 1286 so oder der mir ausdrücklich
497 1130 1557 1275 gesteht, in dieser Angelegenheit
817 1222 1378 1381 Arthur Schnitzler
1334 1233 2592 1381 xxxcht dazu habe. Ich muss der alleinie
552 1253 776 1362 G.C.F.P.
2179 1342 2720 1484 Wafflin annehmen
1975 1367 2134 1479 G.C.H.F.P.
502 1342 1911 1493 Sehr geehrte Herren!
505 1451 2631 1568 Unerwarteterweise hat eine grosse Firma besonderes Inter-
516 1571 2748 1682 esse an der Herausgabe einer Schnitzler-Reihe genommen. Ich bin
513 1674 2597 1788 wieder auf den gleichen alten Vorschlag zurückgegangen, den wir
511 1766 2704 1920 Mr. Liveright im letzten Jahre unterbreitet haben. Diese Dinge er-
519 1886 2667 1998 fordern jedoch Zeit. Anbei sende ich Ihnen eine Kopie des Briefes
522 1978 2639 2092 von Houghton Mifflin (die sind wahrscheinlich die grösste Firma
513 2076 2695 2218 in Boston und eine der grössten in Amerika.)
522 2201 644 2293 G.C.H.F.F:F:S
706 2185 2600 2285 Sie mögen nicht gehört haben, dass Mr. Seltzer wegen der
499 2293 2695 2413 Herausgabe von »Casanovas Heimfahrts, das mit zwei anderen Büchern
511 2408 2726 2505 Übersetzt wurde, festgenommen worden ist. Ich soll ein Exemplar des
519 2536 2489 2637 »Casanovaw bekommen und werde es an Houghton Mifflin senden.
737 2617 2659 2723 Latimers englische Uebersetzung von s'Weg ins Freien zu er-
511 2681 2592 2832 langen, wird beinahe eine unmögliche Aufgabe sein und auch sehr
508 2823 2723 2927 kostspielig. Dieses Werk aber wird dasjenige sein, das hier in Kür-
508 2935 2662 3049 ze in irgendeiner guten Schnitzler-Reihe herauskommen wird. Meine
511 3010 2503 3155 Zeit aber oder die von Houghton Mifflin ist zu kostbar, wenn
505 3105 2455 3250 Schnitzler dabei ist, auch anderweitig Rechte zu verkaufen.
742 3217 2701 3323 Ich habe jedoch die Empfindung, dass die Zeit gekommen ist.
508 3295 2659 3437 um in Amerkia eine Arthur Schnitzler-Beihe zu machen und dass der
513 3434 2673 3596 Verleger, wenn auch nicht sofort so doch nach einiger Zeit gut da
