3221 4007
837 714 2645 869 seines Besuches den phrasenhaften und überheblichen Ton
819 843 2616 965 dessen Fortsetzung sein Schreiben darstellt. Er versäu
814 930 2770 1102 damals nicht auf seinen Arbeit als deutscher Kulturträger xxx
814 1027 3082 1184 weisen und überhaupt sehr viel mit kulturellen Belangen zu operieren,
808 1149 3155 1301 worauf ich ihn erinnern musste, dass wir im Augenblick nur die geschäft
1044 1222 1239 1286 par M.
805 1242 3059 1397 liche Seite der Sache zu behandeln hätten. Ich erinnere mich ausser-
1216 1330 1344 1394 best
814 1330 2942 1502 dem, dass Herr Busse an Tage nach diesem Gespräch sich noch über
1126 1426 1368 1502 après de
799 1461 2875 1613 mich beschwerte, weil ich während seines Besuches Briefe unter-
802 1592 2934 1709 schrieben hätte. Aus den bereits erwähnten Gründen war dies aber
793 1656 3018 1820 nicht zu vermeiden, zumal der Besuch des Herrn Busse sich ungebühr-
796 1799 2838 1933 lich lange und bis Geschäftsschluss ausdehnte. Bühnenentrieb
852 1884 2913 2033 Es ist richtig, dass das letzte Schreiben des Herrn Busse noch
790 1951 2951 2152 nicht erledigt ist und zwar deshalb, weil wir in der Zwischenzeit
1201 2065 1347 2132 G.F.P.
1429 2068 1511 2129 at.
784 2082 2945 2246 mit der Firma Prentice-Hall über dasselbe Werk in Verhandlung ge-
1059 2161 1166 2219 G.F.P.
793 2211 2878 2356 treten sind und zu besseren Bedingungen abgeschlossen und zwar
930 2257 1484 2339 dessen einzurechne
782 2286 2960 2438 auf Grund einer prozentualen Beteiligung und einer entsprechenden
776 2403 2867 2563 Anzahlung. Sobald wir in den Besitz der unterfertigten Verträge
784 2496 2972 2695 gelangen werden, wird Herr Prof. Busse von diesem Abschluss benach
776 2622 2598 2797 richtigt werden. Mit herzlichen Grüssen von uns zu xxx
1785 2756 1977 2902 Sei
2420 2770 2940 3039 Dkmarie
1843 2864 2275 3047 fischer
