2925 3897
1737 208 1929 360 G.C.H.a.
906 230 1544 392 auch aufzusammen angeben.
240 584 2633 821 Kronen und beiden wir heiden. Die Herrn Kronen von Dr. Marton sind die
1926 736 2097 802 G.C.Hocke
212 729 2668 944 Garantie für die Aufführungen von Schwestern" in Ungarn. Für das
281 793 2775 1074 ### Buch haben wir 3000 Kronen verlangt; Herr Marton kommt demnächst
300 1017 2422 1181 nach Berlin und will dann persönlich mit uns verhandeln.
278 1058 2703 1238 Meissi ist noch nicht nach Berlin zurück-
218 1194 2649 1386 gekehrt, kommt aber ungefähr am 1. Oktober hier durch. Wir werden
196 1254 2687 1497 ihn dann wegen der schwedischen "Paracelius"-Aufführung genau be-
1216 1405 2283 1557 .w xxx s. m. r. w.
237 1437 1175 1617 fragen können.
256 1475 2788 1680 In der Angelegenheit "Reigen" Holland haben
2144 1576 2545 1648 Mamamamme HZschokkeisen
429 1591 2706 1784 wir bisher nur eine dilatorische Antwort. Wir beauftragen deshalb
262 1715 2734 1917 unsern Amsterdamer Vertreter die Sache an Ort und Stelle weiter zu
208 1838 2744 2030 betreiben. - Die Bewerbung Direktor Arnim (Brief legen wir bestens
142 1942 2652 2125 dankend bei) ist natürlich nichts. Wir werden ihm, falls er sich
218 2090 2378 2258 auch an uns wenden sollte, negativen Bescheid geben.
240 2163 2633 2349 Erst Ihre Karte vom 16. ds. bringt uns
543 2245 2753 2469 Aufklärung darüber, wie das Telegramm der United Plays aufzufassen
2254 2324 2599 2397 Mammen
275 2333 518 2453 Aiie, 3s
553 2349 2823 2558 war. Auf unsere Kabeldepesche sind wir noch ohne Antwort. Wir würden
306 2431 404 2542 G.H.F.P.
559 2475 2766 2690 vorschlagen gegebenenfalls Bartsch mit der Ueberwachung dieser An-
328 2523 534 2687 Cesste
565 2561 2722 2766 gelegenheit zu betrauen, da ohne einen Vertrauensmann an Ort und
559 2633 2807 2870 Stelle von hier nichts auszurichten ist. Eventuell käme auch Brandt
644 2766 2659 2987 KirkPatrick in Frage. Hierüber erbitten wir Ihren umgehenden
581 2911 2482 3085 freundlichen Bescheid.
556 3019 2788 3173 xxx xxx xxx Die Angelegenheit "Berta Garlan" Spanien
540 3101 2826 3290 schwebt noch. - Unberechtigte Aufführungen und besonders Vorlesunge
2037 3221 2479 3369 Dmia measweg
