3288 4199
1916 397 2364 590 Berlin
1029 400 1871 601 Fischer. Verlag
1358 564 1814 666 Aktien-Gesellschaft!
663 624 2529 757 Amt Lühzow Nummer 6162 Theaterabteilung postscheckkonto Nr. 16692
434 683 2285 825 Theftelerammeister: Banttonio: Deutsche Bank Depositentasse P in Berlin
1103 771 2206 885 Berlin W, Bülowstraße 90, den 17. 2. 192
414 791 1162 947 Fischexx Ma/Ro.
683 859 802 961 1.2.0.m
802 970 978 1154 Herrn
1137 1023 2027 1191 Dr. Arthur Schnitz
2580 1052 2920 1179 e n XVIII.
1120 1250 2030 1457 Sehr verehrter Herr Doktor!
2242 1366 2359 1440 G.H.F.P.
1307 1389 1426 1503 G.H.F.P.
1063 1426 2838 1585 Für Ihre Mitteilungen danke ich Ihnen recht herzlich.
695 1531 2948 1684 Ich habe dem Filmregisseur August von Ihren Mitteilungen Nachricht ge-
289 1548 428 1707 G.C.F.P
451 1588 541 1675 G.F.P.
695 1647 2532 1806 geben und ihm empfohlen, sich direkt an Sie zu wenden.
1060 1761 2880 1885 Herr Schall verfügt anscheinend über gute Verbindungen
286 1780 405 1882 G.C.H.F.P
706 1871 2900 1976 zur Presse und zum Theater und hat auch kürzlich einen Propaganda-
706 1931 2931 2095 Artikel über Ihre Werke in Frankreich veröffentlicht. Er hat natür-
712 2027 2923 2200 lich nicht den Einfluss, den Tristan Bernard hat und ich werde ihn
714 2183 2892 2305 jedenfalls verständigen, dass er Bernard nicht in die Quere kommt.
714 2288 2912 2401 Uebrigens habe ich auch mit Marcel Achard, einem sehr begabten und
717 2390 2929 2526 erfolgreichen jungen Autor gesprochen, der sich gern für Ihre Stük-
709 2509 1392 2628 ke verwenden möchte.
1066 2532 2923 2710 Mit der Gesellschaft für Sonderechte liegt der Fall fol¬
712 2665 2858 2829 gendermassen: Diese Gesellschaft habe ich von Anfang an bekämpft
714 2815 2784 2929 weil sie den Autoren schlechtere Bedingungen einräumt als wir,
712 2895 2895 3014 hat aber seinerzeit, da sie ihre Beitrittsformulare 2 oder 3 Tage
717 3008 2920 3127 früher verschickte als ich einige unserer Autoren zur Unterschrift
734 3118 2912 3255 verleitet. Um alle unsere Autoren einheitlich vertreten zu können,
729 3232 3005 3354 musste ich damals, um jene Rechte wieder zu erlangen, die Konzession
712 3337 2875 3501 machen, dass jene Werke, die nicht in unserem Verlage erschienen
