3068 3993
2050 487 2270 625 Druck in N.
1363 493 1936 720 Von der Stadt im k raszüldssaadssa###
300 616 2644 882 Hugo Heller einen denunziatorischen Brief an einige Autoren verschickt
297 760 2638 980 hat, der sich auf den Fall der Bahnhofsbuchhandlung Schmelzer bezieht.
313 833 2748 1082 Es stimmt nicht ganz was Herr Heller verbreitet. Tatsache ist, dass seine
316 987 2620 1173 Bestellung vom Januar ds. J. gekürzt wurde und zwar deshalb, weil die
319 1082 2785 1314 Wiener Sortimente unsere Bücher auch ins Ausland liefern, worauf sie einen
1896 1140 2788 1247 dertraulich zu behandeln,
328 1180 2760 1409 Valutazuschlag erheben und ihn mit uns nicht verrechnen. Das ist übrigens
337 1271 2779 1489 ein Kapitel, das der Vergangenheit angehört, weil jetzt in Wien auf Betrei-
337 1336 2803 1581 ben des deutschen Verlages eine Ausfuhr-Kontrollstelle errichtet wird, wo-
352 1461 2809 1685 durch Schiebungen dieser Art, zum Schaden des Verlages und des Autors, auf
352 1657 1563 1838 einakimum reduziert werden können.
441 1700 2662 1887 Herr Heller gehört zu den Sortimentern in Wien, die skrupellos den
377 1811 2779 1995 Verlag und den Autor dadurch zu schädigen suchen, dass sie ihnen die not-
380 1936 2733 2111 wendigen Preiserhöhungen durch Spekulationskäufe versperren wollen. Die
374 2001 2800 2252 Erklärung für seine neue Denunziation mögen Sie darin finden, dass er im
383 2145 2776 2328 März eine grössere Bestellung schickte, die er aber durchaus zu Februar-
389 2237 2816 2411 Preisen erzwingen wollte, was wir abgelehnt haben. Herrn Heller genügt es
401 2341 2800 2518 nicht, dass er von uns seinen hohen Rabatt bekomst, er schlägt auch noch
401 2411 2803 2644 40 x auf den Verkaufspreis drauf und obendrein wollte er noch zu Preisen
407 2512 2803 2727 einkaufen, die im März nicht mehr gültig waren, die er aber den Publikum
407 2641 2748 2868 berechnen würde. Im Übrigen ist die Zeit für Sepkulationskäufe vorbei,
1483 2748 1734 2840 länget
417 2739 2724 2944 sodass Kürzungen von Bestellungen ###nicht mehr vorgenommen xxx werden
417 2816 2748 3042 hauschen, da die Sortimenter übervolle Lager haben und garnicht in der
423 2969 2760 3146 Lage sind, mehr als das Notwendige zu bestellen. Es würde mich deshalb
1593 3058 1985 3150 wirklich
426 3064 2886 3251 interessieren, von Ihnen zu hören, ob noch andere Klagen als die von Heller
444 3180 2868 3364 vorliegen. Herr Greiss ist ein sehr gewissenhafter Mann, der nur in Ueber
438 3272 2846 3493 einstimmung mit uns handelt; er hat den Auftrag nicht xxx zu kürzen und
444 3373 2825 3575 es geschleht eben nur in einem solchen Fall wie den hier erwähnten. Wir
1544 3474 2834 3680 Interesse, die Preise, die der Geldent-
450 3536 1489 3710 haben beide das völlig gemeins
2298 3680 2466 3879 by the
