3193 3895
509 275 692 367 Blatt
1390 220 2074 386 ISCHER /VERLAGT.
712 589 2811 751 Weise die Ueberweisung nach Oesterreich auf Schwierigkeiten stossen
723 737 2869 851 könnte. Ich war aber heute bei der Reichsbank und habe dort erfahren,
698 820 2913 987 dass wir Schwierigkeiten in dieser Beziehung nicht haben werden. Verfü-
695 923 1615 1042 gen Sie also nach Ihrer Wahl.
842 1015 2863 1154 Beruhigt es Sie, so will ich Ihnen verraten, welcher Ueberschuss
687 1134 1935 1254 mir an Ihren Gesammelten Werken bleibt:
2485 1209 2749 1334 M. 1,80
762 1232 2432 1351 für die erste Serie des dreibändigen gebundenen Werks
2488 1312 2710 1434 M. 2.—
792 1343 1362 1482 „ „ zweite „
698 1407 2902 1579 und zwar sehr knapp gerechnet. Verluste und Verzinsung des angelegten
701 1521 2774 1668 Kapitals sind dabei nicht mitgerechnet, auch nocht das Risiko, das
703 1624 2816 1763 eintreten könnte, wenn die Werke durch die veränderten Verhältnisse
703 1707 2877 1868 zu teuer und daher weniger gangbar sein sollten. (Schon jetzt ist ein
706 1868 2902 1990 steiler Sturz in der Büchernachfrage eingetreten). Nun kann ich ja mit
709 1949 2941 2085 diesem Prozentsatz grundsätzlich ebenso wenig auskommen, wie irgend ein
709 2046 2902 2185 anderer Verlag. Ich schreibe Ihnen das nur, um Ihnem an diesem Exempel
703 2143 2816 2285 zu beweisen, wie sehr ich bemüht bin, die gegebenen Schwierigkeiten
703 2280 1543 2427 aus eigenem zu überwinden.
1290 2369 1888 2521 Mit besten Grüssen
2157 2435 2285 2566 Ihr
1849 2546 2546 2777 F. Fischer.
948 2774 2977 2897 P. S. Soeben trifft Ihr Brief vom 30. v. M. ein. Ich lasse Ihnen
701 2852 2891 3000 ein Formular zur Unterschrift für die Deutsche Bank zugehen. Es kann
706 2994 2913 3111 ein Konto für Sie eröffnet werden, für diejenigen Summen, die ich nach
703 3091 2908 3233 Ihrem Wunsch hier einzahlen soll. Legen wir gewisse Summen auf mehrere
701 3194 2816 3317 Monate fest, so bekommen Sie voraussichtlich eine Zinsvergütung von
703 3286 2769 3464 4 %. Bitte schicken Sie uns das Formular mit Ihrer von einem Notar
