3093 3895
1348 209 1448 326 91
664 269 2508 458 Fischer/Verlag/Berlin W 57/Bülowstraße
856 427 2456 524 Deutsche Bank, Depositenkasse P in Berlin / Postscheckkonto: Berlin Nr. 16692
684 441 816 527 Bankko
962 504 1715 618 Fernsprechanschlüsse: Amt Lützow Nr.
538 481 713 647 Fl/Fi
2301 547 2808 676 den 25. XII. 22
1789 504 2150 681 8162-6164
530 635 721 730 Herrn
1033 684 1832 885 Doktor Arthur Schnitzler.
1949 830 2201 990 WIEN
1179 1079 1655 1219 Lieber Freund!
876 1194 2611 1391 Ich lasse Ihnen heute die Abrechnung per 30. Juni dieses
1729 1337 1849 1397 G.C.F.P.
535 1334 2702 1506 Jahres zugehen. Schon aus dem Umfang der Zuschlagverrechnungen werden
527 1457 2779 1609 Sie sehen, wie schwer heute die Verrechnungen herzustellen sind. Das ist
535 1566 2808 1706 aber nur ein kleiner Vorgeschmack für die Verrechnungen nach dem 30. Juni
538 1657 2791 1778 denn in der 2. Hälfte dieses Jahres mussten die Preiserhöhungen in einem
535 1755 2779 1886 schnelleren Tempo folgen, und zwar in einem Ausmass, an das wir nie den-
527 1849 927 2018 ken konnten.
902 1915 2731 2115 Mit Ausnahme der Gesamtausgabe, für die wir die Preiserhö-
532 2084 2725 2224 hungen bis zum 30. November verrechnet haben, geht also die Abrechnung
541 2153 2762 2273 bis 30. Juni und zwar sowohl hinsichtlich der Preiszuschläge für den Ab¬
518 2256 936 2333 G.C.H.F.S
538 2276 2840 2430 satz aus den vorhandenen Beständen, als auch bezüglich der im ersten Halb-
538 2384 2777 2530 jahr dieses Jahres gedruckten resp. fertiggestellten neuen Auflagen. Da¬
1288 2467 1417 2533 G.C.P.
538 2502 2768 2634 bei musste, um in der Kontinuität der Abrechnung einheitlich vorzugehen
541 2559 2785 2711 die Honorierung zu dem bei der ersten Versendung gültigen Ladenpreis er-
1758 2674 1858 2742 7.° J
538 2685 2782 2811 folgen, die Preiszuschläge werden dann wie bisher jeweils nach Absatz ver¬
2173 2774 2290 2831 de la
550 2785 2765 2940 rechnet. Auf die seit Juli dieses Hahres erschienenen Neuauflagen haben
1981 2880 2067 2925 D. 7
1772 2880 1921 2937 G.H.F.P.
538 2900 2696 3040 wir Ihnen je nach Gangbarkeit der betreffenden Werke 1/4 - 2 Auftalgen
2187 2971 2445 3086 a lʼa beau moins de ses autres
541 3000 1010 3149 gut geschrieben
581 3077 753 3169 G.C.F.P.
2072 3069 2161 3137 G.H.F.P
1775 3029 1912 3137 G.C.F.P.
1288 3023 1557 3140 G.C.H.F.P.
1036 3043 2757 3220 Das alles ist sehr umständlich und kompliziert, und ich
721 3166 2170 3246 rährend der Zeit der schwankenden Preise wäre
538 3215 2668 3335 bleibe dabei, der ideale Verrechnungsmodus xxx der, nach dem Erlöss
538 3323 2018 3435 Denken Sie doch wie einfach sich die Verrechnung
2430 3323 2691 3444 wenn wir
392 3595 595 3681 8. 20 000. 4. 22.
