3143 3912
1474 202 1607 304 201
1044 705 2482 838 in jedem einzelnen Falle bei Ihnen anzufragen
1046 823 2451 913 ob wir ein Buch versenden können oder nicht.
1056 919 2479 1014 Vorläufig senden wir Ihnen in der Anlage eine
1046 1011 2507 1136 Liste derjenigen Bühnen zu, die auf Wunsch be-
1046 1131 2554 1239 reits Exemplare von uns zugesagt erhalten haben.
1046 1215 2522 1354 und bitten Sie um Ihre umgehende Rückäusserung.
1586 1329 2488 1436 Mit vorzüglicher Hochachtung
1689 1406 2256 1504 S. FISCHL.. VERLAO
1689 1492 2256 1586 THEATERABTEILUNG
2027 1526 2357 1648 les mêmes
750 3324 2049 3499 den Versuch zu unternehmen, die neue Rank
