3160 3993
1132 286 1993 501 S. FISCHER / VerLAG
416 324 616 510 2. Blatt
625 599 2772 781 durch die Tatsache des Bedarfs von Neuauflagen und Neudrucken von
634 770 873 893 selbst.
684 796 2931 970 Ich habe im vorigen Jahr meine Vorräte nicht geschont, um auch allen
634 908 2837 1070 Ihren Bedürfnissen gerecht zu werden, und es ist selbstverständlich,
634 1017 2958 1159 dass ich auch in diesem Jahr nach Massgabe meiner Kräfte bemüht bleibe,
643 1132 2878 1274 die notwendigen Neuauflagen und neuen Bücher zu drucken. Neue Bücker
649 1227 2952 1389 angestammter Autoren werde ich, soweit es möglich ist, drucken, und so
646 1312 2990 1468 hoffe ich auch Ihre Hovelle und Ihr Drama drucken zu können. Nach meinem
640 1407 2978 1578 Gefühl haben Sie keine Veranlassung, die Last der gegenwärtigen Papier-
652 1539 2931 1669 not an Ihrem Werk zu spüren. " Sterben" und "Dämmerseelen" werden neu
658 1637 2813 1790 gedruckt, es fehlt einstweilen zur „ Die Frau des Weisen“ (Absatz
663 1690 3034 1870 1917: 168 Exemplare ("Der Schleiender Beatricen ( Absatz 1917 : 94 Exem
669 1825 2940 2005 plare) und » Der Weg ins Freie". Von 32 Werken fehlen augenblicklich
663 1937 2896 2088 vier. Und ich hoffe alle, mit Ausnahme der Gesammelten Werke, drucken
669 1996 3008 2197 zu können. Für die Gesammelten Werke, die doch nur eine Zusammenfassung
675 2123 2949 2303 der Einzelwerke sind, werde ich Papier hier in Deutschland nicht auf-
678 2253 2916 2415 bringen können. Diese Werke verschlingen ein grosses Papier-Quantum,
681 2344 2893 2518 bei verhältnismässig sehr geringem Gewinn. Eine ideelle Schädigung
684 2439 2969 2630 entsteht aus dem Fehlen der Gesammelten Werke nicht und der Gewinnent-
687 2536 2804 2728 gang, der sich daraus etwa für Sie ergibt, wird durch den Druck
690 2680 1681 2837 neuer Bücher wieder eingeholt.
796 2775 2902 2931 Wollen Sie sich direkt an die Kriegswirtschaftsstelle wenden, so
699 2869 2928 3052 bleibt Ihnen das natürlich überlassen, ich mache mir keine Hoffnung,
702 2966 2884 3111 dass Sie damit einen Erfolg haben. Ich glaube nicht, dass mich die
699 3081 3005 3202 Kriegswirtschaftsstelle darüber befragen wird, und ich brauche nicht zu
699 3182 2946 3347 sagen, dass ich meinerseits alles tun werde, um Ihren Antrag gegebe-
714 3308 1542 3444 nenfalls zu unterstützen.
817 3367 2949 3536 Ich bin selbstverständlich jederzeit bereit, nach Wien zu kommen,
