3100 4072
1316 339 1502 506 1887
754 434 2242 623 S. Fischer/Verlag / A.=G. Berlin W 57
501 654 2489 776 Bankkonto: Deutsche Bank, Depositenkasse P in Berlin/Postscheckkonto; Berlin Nr. 16692
909 723 2055 851 Fernsprechanschlüsse: Amt Lützow Nr. 6162 bis 6164
1307 787 1666 882 Bülowstraße 90
640 804 2534 982 He/vo Telegramm=Adresse:-Fischerverlag 6162 Berlinlützow den 22. X. 28
1969 934 2192 1182 .
1363 951 1944 1171 Enbar for
640 1054 848 1207 Herrn
1146 1185 1824 1349 Dr. Arthur Schnitzler
2206 1229 2578 1396 Wien XVIII
2203 1377 2639 1441 ̃ ̃̃ rw~a»a»
2092 1393 2778 1558 Sternwartestrasse 71
651 1474 1524 1633 Sehr geehrter Herr Doktor!
1143 1599 2648 1736 Wir haben sofort, nachdem wir von Ihrem Herrn
642 1691 2845 1852 Fischer gegenüber geäusserten Wunsch Kenntnis bekamen, die Anferti-
642 1788 2144 1930 gung von Mustern in blauem Leinen veranlasst.
1140 1894 2842 2050 Die drei uns heute von der Buchbinderei vorgelegten
651 2008 2806 2150 Proben gestatten wir uns Ihnen in gleichzeitiger Kreuzbandsendung
648 2111 2776 2211 zu überreichen mit der Bitte, uns bald wissen zu lassen, welcher
640 2206 2670 2347 Einband Ihnen am besten gefällt. Unserer Meinung nach hat der
640 2295 2781 2464 mit C bezeichnete, hellste Einband die freundlichste Färbung, die
637 2417 2817 2567 wir für die Ausführung vorschlagen möchten; Beschriftung und Orna-
629 2500 2172 2659 mente genau wie auf den Einzelbänden, in Gold.
1174 2564 2834 2765 Es wäre uns den Eile wegen sehr angenehm, wenn Sie
631 2731 2612 2826 uns telegraphisch Bescheid zukommen liessen. Da wir die mit
637 2826 2806 2959 übereinstimmenden Kennbuchstaben versehenen Abschnitte der Decken
629 2923 2865 3065 hierbehalten haben, genügt die Angabe, welche der drei Proben Ihren
631 3023 1393 3165 Gefallen gefunden hat.
1160 3068 2639 3299 Wir begrüssen Sie, sehr geehrter Herr Doktor
617 3157 1769 3396 mit ganz vorzüglicher Hochachtung.
1844 3262 2531 3496 FISCHER/VEILAG A.-G.
2033 3440 2784 3616 1a. Immanin.
1777 3482 2047 3638 am 24.
