3048 3639
940 166 1500 378 GALAG, BERLIN,
2372 209 2522 364 Blatt
701 527 2609 715 abzuschliessen. Das hat nicht gehindert, dass er mir einige
639 669 2587 823 Dezialverträge vom November und Dezember v. J. zugeschickt hat.
592 774 2758 883 Ich habe ihn nun gebeten, mir bis Ende dieses Monats eine Aufstellung
595 867 2633 989 aller abgeschlossenen Verträge zu geben und ich mache die weitere
587 981 2775 1114 Vertretung davon abhängig, ob sich ein zuverlässiger Geschäftsgang aus
582 1052 1818 1217 seinen Angaben ergeben wird oder nicht.
731 1155 2745 1307 Von Marton habe ich die Nachricht bekommen, dass er die "Komödie
579 1275 2622 1405 der Worte“ in der gegebenen Zusammensetzung in Budapest vorläufig
568 1372 1250 1516 nicht placieren kann.
747 1481 2818 1590 Wir leben unter dem Druck der kommenden Ereignisse, ich schreibe
565 1592 1582 1734 Ihnen nächstens darüber einiges.
908 1688 1630 1851 Mit herzlichen Grüssen
1924 1802 2054 1946 Ihr
1707 1897 2288 2158 fische
1063 2726 1144 2821 G.F.P.
