3112 4039
864 406 2022 624 Bank, Depoettonkasse P in Berlin / Postschockkonto: be=
839 583 1810 730 rneprechanschlüsse: Amt Lützow Nr. 6162 bis
1173 655 1532 764 Bülowstraße so
1070 721 1913 877 Adresse: Fischerverlag 6162 Berlinlützow
1566 864 1785 1036 im Vortrag
2075 970 2343 1108 Monsieur est
1513 995 1850 1136 J-a-te-doin
228 1055 543 1201 G.H.F.P.
490 1039 1139 1189 Herrn Dr. Arthur Sr.
1975 1070 2337 1195 beb. Salzk
1523 1086 1844 1248 Mes an
2190 1164 2303 1223 G.H.F.P.
203 1154 1154 1292 etnäl seb exde ausdtsA aab se
1919 1126 2056 1248 Wie
378 1223 580 1285 G.C.F.P.
1257 1198 2321 1338 auf xxx esxxxg als.xxxs xxx
821 1239 1179 1373 einer Freundschaft.
147 1276 396 1382 J. J. R. Z. V.
437 1267 908 1445 Lieber Freund,
1270 1282 2296 1451 xxx geb als xxx
112 1338 2624 1607 nodostwerkl wegen der einigenwegaben hat mir Marik geschrieben, dass die
989 1348 1120 1473 G.C.F.P
396 1501 2633 1669 Verhandlungen mit Harz nach seiner Rückkehr in Berlin geführt werden
399 1594 2449 1769 nüssen. Wir kommen dann auf diese Angelegenheit noch einmal zu
406 1725 2677 1860 Die Hauptfrage bleibt für mich aber, ob das Buch verboten ist; es
2343 1775 2515 1847 a lʼa eu le même
2293 1797 2652 1934 G.C.F.P.S.
412 1810 2243 1972 scheint als ob das nicht so leich ist, festzustellen.
2633 1816 2718 1916 G.F.P.
505 1925 2702 2100 Der Preis für "Therese "ist mit 5 M für das broschierte Exemplar
415 2034 2590 2184 und M 7.50 für das in Leinen gebundene Exemplar kalkuliert. Virxxx
421 2106 2693 2303 müssen an Einband etwas verdienen und können über den Preis von M 7.8.
431 2225 2640 2396 nicht hinausgehen, ohne den Absatz zu schädigen. - Den -Ergänzungsba
434 2315 2590 2480 müssten wir ebenfalls mit 8 M für das broschierte und M 7.50 für
437 2427 2487 2618 in Leinen gebundene Exemplar in den Handel bringen. Das Honor
437 2552 2159 2686 dieses Buch kalkulieren wir mit 20 % von Ladenpreis
555 2652 1778 2805 xxxplars gerechnet.
549 2742 1853 2908 Ich habe nichts dagegen, dass wir „Spi=
1189 2858 1510 3014 sollen er
661 2886 1176 3008 ssen; die drei
693 2992 839 3067 noch
730 3023 961 3104 keine
