3064 4055
1920 368 2260 561 . Bert
1146 394 1874 625 scher - Verlag
2384 452 2533 648 auch die wiederheiten
717 527 818 625 0
665 605 2551 751 Amt Lützow 1662 u. 6162 Theaterabteilung Postscheckkonto Nr. 16692
1016 700 2208 766 Bankkonto: Deutsche Bank Depositenkasse P in Berlin
1068 751 2234 898 Berlin W. Bülowstraße 90, den 7. Dez. 191 25
567 1036 783 1255 Herrn
869 1146 1615 1362 Dr. Arthur Schnitzler
1747 1318 2021 1416 Wien
564 1428 1471 1644 Sehr geehrter Herr Doktor,
1471 1529 2841 1721 vielen Dank für Ihre Mitteilung über die
576 1678 2614 1828 Stellungnahme zu meinem vorschlag wegen Ihres neuen Stückes.
1051 1791 2689 1923 Wegen der Rundfunkangelegenheit gehe ich nunmehr
582 1897 2588 2032 in Ihrem Sinne vor. - Von Giessen kommt Heute beiliegendes
576 1992 2718 2148 Schreiben zu dem ich Ihre freundliche Stellungnahme erbitte, da
584 2133 2844 2260 an Ihr Wohlwollen appelliert wird. Ich sehe allerdings keine grosse
590 2222 1710 2369 Veranlassung es walten zu lassen.
1051 2326 2726 2453 Wir erwarten somit die Zusendung der Fahnen Ihrer
579 2421 1062 2571 neuen Novelle.
927 2539 1071 2646 G.C.F.P.
1057 2542 2720 2692 Die Schlussfrage Ihres Briefes müsste ja in einem
584 2648 2692 2790 grossen Aufsatz behandelt werden, dessen Hauptinhalt aber sein
628 2755 846 2827 würde.
582 2764 2899 2896 müsste, dass der Verlag ausserstande wäre,eine Organisation zu schaf-
584 2879 2692 2991 fen, die 10.000 deutsche Sortimenter ersetzen könnte, abgesehen
584 2974 2677 3121 von der ungeheueren Kapitalsumme, die in diesem kleinen Unter-
576 3080 1339 3224 nehmen investiert ist.
1506 3198 2055 3408 ergebenen Grüssen
1687 3319 2182 3411 S. FISCHER.VERLAG
1710 3397 2156 3463 AKTIENGESELISCHAFT
1670 3429 2188 3555 THEATERABTEILUNG
1724 3503 2156 3619 D Spivak
