3130 3944
1368 245 1482 356 788
1594 273 2670 456 Tudnil
1413 398 1602 548 383
590 495 1797 693 FISCHER!
1850 517 2002 690 V
2028 495 2712 684 ERLAC
537 656 2773 790 Dankkonro: Deutsche Bank, Depositenkasse P in Berlin / Postacheckkomto Berlin Nr. 16632 — — Ferasprech=Anschlüsse: Amt Lützow Nr: 1082 und 6182
2078 754 2626 873 Berlin W 57, Bülowstraße 90
2097 837 2417 985 9/5. 1917
923 1032 1791 1138 Herrn Dr. Arthur Schnitzler
1786 1146 1955 1279 Wien
637 1290 1093 1407 Lieber Freund,
740 1421 2842 1566 die Aufführung Ihrer Einakter im Theater in der Königgrätzerstrasse
2475 1541 2684 1608 G.C.H.F.S.
648 1563 2734 1655 war ein voller Erfolg. Ich habe mich gestern bei Direktor Meinhard
648 1666 2667 1755 erkundigt, das Theater war gestern ausverkauft. Aus den Kritiken
634 1763 2809 1875 die ich Ihnen gleichzeitig sende, werden Sie sehen, dass Sie auch mit
640 1850 2784 2000 der Presse zufrieden sein können, auch Kerr hat im Grunde seine alte
637 1980 1649 2089 Liebe für Sie von neuem bezeugt.
762 2050 2834 2178 Die Depesche an Pategg haben Sie, wie ich hoffen will, weitergege-
1196 2144 1338 2203 G.C.H.F.S
1037 2153 1126 2211 2.
640 2189 2767 2295 ben. Meinhard ist noch etwas besorgt, dass der Erfolg doch noch bei
631 2270 2842 2389 Pategg eine kleine Erbitterung zurücklassen könnte, was ich aber nicht
637 2378 873 2503 glaube.
784 2456 2862 2587 Für neu gedruckte Auflagen laut anliegender Aufstellung überweisen
634 2559 2703 2676 wir das Honorar im Gesamtbetrage von M. 3750.- Ihrem Conto bei der
629 2667 2678 2834 Allgemeinen Oesterr. Bodenkreditanstalt in Wien, zur Verrechnung
629 2781 1115 2923 auf Mark-Conto.
1215 2837 1939 3032 Mit herzlichen Grüssen
1897 3009 2025 3129 Ihr
1644 3134 2350 3354 F. Fischer
