3059 4039
1215 272 1422 426 843
715 352 2217 585 S. Fischer / Verlag / A.=G. Berlin W 57
470 547 2466 671 Bankkonto: Deutsche Bank, Depositenkasse P in Berlin/Postscheckkento: Berlin Nr. 1662
896 612 2055 739 Fernsprechanschlüsse: Amt Lützow Nr. 6162 bis 6164
1292 686 1667 775 Bülowstraße 90
908 748 2058 896 Telegramm.Adresse: Fischerverlag 6162 Berlinlützow
1647 780 2602 999 Berlin, den 15.Februar 1928.
467 881 721 1032 Ei. /Ar.
2264 964 2454 1115 aussi
464 1017 686 1165 Herrn
828 1023 1892 1289 Dr. Arthur Schnitzler
2152 1126 2655 1268 W i e n XVIII
2090 1239 2637 1310 elintaasuauukssaaas
2052 1295 2749 1404 Sternwartestrasse 71
488 1410 1768 1608 Sehr verehrter Herr Doktor Schnitzler!
650 1472 2655 1723 In Ihrem letzten Briefe schrieben Sie, es soll von jeder Art
500 1673 2767 1848 Waschzettel bei Ihrem neuen Roman "Theresen abgesehen werden. Leider
497 1774 2794 1916 wissen wir nicht, wie wir Ihnen diesen Wunsch erfüllen sollen. Um ein
500 1839 2764 2022 neues Werk dem Buchhandel zuzuführen, ist es unerlässlich, dass eine
503 1925 2808 2120 Ankündigung in irgendwelcher Form gegeben wird, ebenso wie es für die
511 2058 2800 2241 grosse Anzahl mittlerer und kleiner Zeitungen und Zeitschriften nötig
506 2158 2826 2321 ist, den Redaktionen einen wenigstens geringen Anhalt für ihre Bespre-
517 2259 2847 2398 chung zu überreichen. Unterbliebe dies, so würden voraussichtlich auch
520 2377 2814 2536 viele Kritiken unterbleiben, und vor allem hätten die Buchhändler gar
517 2468 2797 2643 keine Möglichkeit der Empfehlung des Werkes an ihren Kundenkreis. Es
517 2536 2826 2723 ist auch im gesamten Buchhandel durchaus üblich geworden, jedem neuen
523 2652 2808 2838 Werk einen Schutzumschlag mit einer kurzen Charakterisierung beizuge-
529 2773 2764 2956 ben, eine direkte Propagandawirkung auch auf solche, die jedes neue
523 2891 1960 3074 Werk von Ihnen nicht ohnehin schon kaufen.
701 2992 2835 3137 Wir hoffen, dass unsere Einwände Sie überzeugen werden, und mei-
529 3110 2888 3258 nen, dass es vielleicht am richtigsten wäre, wenn Sie uns einige Stich-
532 3190 2912 3361 worte oder Anhaltspunkte geben würden, da wir uns in der Form der Ankün-
541 3302 2785 3482 digung selbstverständlich auf das Genaueste Ihren Wünschen anpassen
1697 3400 2646 3559 Mit vorzüglicher Hochachtung
544 3468 795 3565 wollen.
1729 3527 2581 3651 S. FISCHERVERLAG A.-G.
1827 3607 2350 3728 22/3 ppa.
