3117 4119
704 114 2298 330 902 eben dorf samt.- (Kathau)
632 249 2115 396 S. Fischer / Verlag / A.=G.=Berlin W57.
1118 381 1654 527 Theaterabteilung
390 455 2364 659 Bankkonto: Deutsche Bank, Depositenkasse P in Berlin / Postscheckkonto; Berlin Nr. 16692
839 581 1933 638 Fernsprechanschlüsse: Amt Lützow Nr. 6162 bis 6164
791 629 1963 716 Telegramm - Adresse: Fischerverlag 6162, Berlinlützow
1204 635 2244 794 Bülowstraße so Berlin, den 14.2.29.
608 689 839 842 Ma/Hb.
953 908 1154 1100 Herrn
1190 1019 2337 1196 Dr. Arthur Schnitzler,
1828 1204 2457 1417 Sternwartestr. 71.
734 1456 1633 1645 Sehr geehrter Herr Doktor!
998 1633 2556 1795 Herr Direktor Kuhnert, Charlottenburg,
366 1753 2310 1876 Frederigiastr. 30., will für das Deutsche Künstlertheater
381 1831 2508 2013 "Professor Bernhardi" erwerben und zwar soll Deutsch die Titel-
366 1963 2580 2103 rolle spielen. Die Aufführung wird entweder in allernächster Zeit
375 2091 2442 2244 oder zu den Festspielen stattfinden. Da Herr Direktor Kuhnert
369 2190 2778 2349 um schnellste Erledigung gebeten hat, bitten wir Sie, sich möglichst mit
375 2307 1798 2475 ihm telegraphisch in Verbindung zu setzen.
1369 2547 2346 2727 Mit vorzüglicher Hochachtung
1453 2688 1969 2834 S. FISCHER.VERLAG
1480 2781 1807 2843 AKTRENGESELIS
1444 2822 1987 2951 THEATERABT EILUNG
1420 2909 2034 3119 DrKmarie
