3197 4122
1871 387 2639 573 Blatt 3
466 364 1769 639 FISCHER,VERLAG, BERLIN,
809 746 2639 937 Die Dinge stehen gut im Osten und im Westen und wir haben
700 878 2690 1038 den Eindruck, dass sich da nicht mehr viel ändern wird, so dass
700 970 2716 1122 Friedensverhandlungen vielleicht schneller -kommen als man denkt.
934 1120 1097 1178 ̃ 1
977 1122 1708 1285 Mit herzlichen Grüssen
1832 1173 1939 1306 Thv
2044 1194 2464 1458 Fischer
931 1430 2731 1644 P. S. Wegen des Aufsatzes über den "Weg ins Freie" haben
728 1530 2777 1748 wir an die Monatsschrift für die Geschichte und Wissenschaft des
723 1733 1448 1878 Judentums geschrieben.
