3102 4199
1486 257 1628 428 1894
976 341 2465 543 S. Fischer / Verlag / A.=G. Berlin W 57
732 564 2706 706 Bankkonfo: Deutsche Bank, Depositenkasse P in Berlin / Postscheckkonto: Berlin Nr. 1669a
1134 648 2292 756 Fernsprechanschlüsse: Amt Lützow Nr. 6162 bis 6164
1530 704 1898 798 Bülowstraße 90
914 706 2302 906 Telegramm.Adresse: Fischerverlag 6162 Berlinlützow
1144 835 1785 1000 de Votre très se
2454 827 2811 1018 Prasse
827 971 1005 1095 /si.
2126 982 2530 1113 24. Nov. 28
1018 1005 2042 1210 Blume Esq
2068 1108 2189 1239 a
961 1226 2197 1404 Herrn Dr. Arthur Schnitzler
2278 1331 2468 1473 Wien
780 1404 1656 1622 Sehr geehrter Herr Doktor,
1016 1591 2622 1706 wir übersenden Ihnen inliegend ein Schreiben der
814 1709 2628 1851 Firma BENN, London und bitten um Nachricht, ob wir die
816 1777 2922 1945 Verhandlungen wegen „Fräulein Else „ und „Blumen“ führen sollen
816 1924 2748 2061 und ob die Rechte überhaupt noch frei sind. Wenn ja wollen
816 2032 2908 2179 Sie uns freundlichst Ihre Mindestansprüche wissen lassen; even-
803 2116 2384 2292 tuell erbitten wir das Schreiben wieder zurück.
1690 2236 2643 2433 Mit vorzüglicher Hochachtung
1887 2368 2415 2457 S. FISCHER. VERLAG
1924 2436 2378 2504 AKTRENGE SEL L SCHAFT
1861 2452 2460 2607 AUSLANDSABTEILUNG
2147 2536 2641 2746 Deinerie
808 2982 2764 3226 P.S. Je ein Exemplar der Novellen haben wir an Bern bereits
824 3145 1092 3323 gesandt
