3224 4024
999 704 2883 876 zu rechtfertigen wäre. Bei diesem Prozentsatz käme für
1010 831 2847 1001 uns kaum ein Gewinn in Frage, aber wir würden ihn auch
1067 947 1333 1027 G.C.F.P.
2301 942 2845 1020 aber viehdem
1008 996 2732 1119 in diesem Fall nicht suchen. Ich möchte Sie xxx
1010 1090 2845 1225 bitten, doch noch einmal zu erwägen, ob Sie unbedingt,
1003 1210 2807 1342 auf dieser Aenderung bestehen wollen. Sie werden sich
999 1307 2868 1460 durch Umfrage wohl leicht überzeugen können, dass meine
989 1385 1795 1547 Ausführungen zutreffen.
1291 1488 2753 1658 Ich habe in New-York in Erfahrung gebracht,
1003 1627 2744 1757 dass Basklanow im Mai dieses Jahres mit einem Ihrer
991 1750 2758 1879 Einakter gastiert hat, ohne dass ein Vertrag mit uns
996 1835 2774 1983 zustande gekommen wäre. Sie befindet sich jetzt noch
1003 1941 2758 2108 auf. Tour an der Küste und war für mich deshalb nicht
999 2042 2791 2195 zu erreichen. Bitte teilen. Sie mir mit, ob diese Auf-
996 2181 2826 2313 führung irgendwie durch Vertrag gedeckt war und ob Sie
987 2282 2880 2440 Abrechnung und Tantieme erhalten haben, andernfalls wür-
991 2390 2167 2527 de ich die Sache weiter verfolgen.
1302 2496 2807 2626 Ich wünsohe Ihnen noch zu Ihrer Reise alles
996 2633 2765 2734 Gute und Schöne und verbleibe mit herzlichen Grüssen
2164 2718 2256 2838 G.C.F.P
1222 2739 1305 2842 .H.
2044 2748 2152 2937 Ihr
2185 2828 2487 3062 Merie
1319 2920 1488 3052 H.F.P
