3099 3913
1239 476 1813 663 Richtlinie
534 613 2613 813 für die Honorierung schönwissenschaftlicher Bücher
600 955 2623 1116 Für die Honorierung schönwissenschaftlicher Werke haben sich im Laufe der Zeit folgende wichtigsten
1760 1055 1918 1131 G.C.H.P.
524 1076 1039 1179 Formen herausgebildet:
703 1108 2092 1245 1. Erwerbung einer Arbeit gegen eine einmalige Pauschalvergütung
695 1163 2331 1324 2. Auszahlung des Honorars bei Ausgabe jeder Auflage oder jedes Tausends/
687 1255 2460 1392 3. Beteiligung des Autors am Absatz auf Grund nachträglicher Abrechnung und zwar
753 1371 2110 1502 entweder in Prozenten vom Ladenpreis des gehefteten Exemplars,
750 1447 1871 1568 oder in Prozenten vom Verkaufserlös des Verlegers
616 1505 2644 1642 Die erste Form findet nur noch selten Anwendung und ist auch wenig empfehlenswert, weil in der
534 1584 2650 1729 Regel einer der beiden Vertragschließenden sich später benachteiligt fühlt. Geht ein Werk besser, als
537 1658 2637 1789 ursprünglich angenommen werden konnte, so ist es der Verfasser, geht es schlechter, sot es er Ver-
542 1776 1126 1881 leger, der Schaden erleidet.
624 1787 2647 1918 In den meisten Fällen wird daher gegenwärtig der Autor dauernd am Erfolg seines Werkes be¬
547 1860 2650 2008 teiligt, indem ihm entweder jede neue Auflage bei Ausgabe honoriert wird oder indem er von jedem
550 1929 2650 2073 verkauften Exemplar einen bestimmten Anteil vom Ladenpreis oder vom Verkaufserlös erhält. Wird
553 2005 2650 2142 der erste Weg gewählt und ist für jede neue Auflage ein zahlenmäßig festgelegtes Pauschal-Honorar
555 2063 2658 2213 vereinbart worden, so entspricht es der Billigkeit, daß dieses Honorar jeweils so gut als möglich den
558 2139 2652 2271 Veränderungen des Geldwertes angepaßt wird, ein voller Ausgleich wird dabei allerdings nie erreich¬
555 2210 2655 2347 bar sein, wenn ein Buch überhaupt noch zu erschwinglichem Preis auf den Markt gebracht werden soll.
563 2276 2663 2415 Erhält der Verfasser bei Ausgabe einer neuen Auflage sein Honorar in einem bestimmten Prozentsatz
558 2368 2660 2476 vom Ladenpreis, so entfällt für ihn jeglicher Anspruch auf Honorar-Nachzahlungen bei späteren Preis-
568 2408 2665 2558 erhöhungen, soweit diese - was fast ausnahmslos der Fall sein wird - lediglich die seit Ausgabe der
576 2487 2671 2618 Auflage eingetretene Geldentwertung auszugleichen bestimmt sind. Der Autor hat ja sein Honorar in
571 2552 2668 2702 höherwertigem Geld bei Ausgabe der Auflage schon vorauserhalten und konnte sich daher einer später
568 2642 2663 2763 eintretenden Geldentwertung durch entsprechende Maßnahmen entziehen, während der Verleger darauf
566 2684 2605 2842 warten muß, bis die Auflage nach und nach abgesetzt und in immer schlechterem Geld bezahlt wird.
650 2747 2679 2876 Ist eine fortlaufende Beteiligung des Verfassers am Absatz vereinbart, so empfiehlt es sich als
584 2829 2679 2955 Grundlage der Anteilsberechnung an Stelle des früher fast durchweg üblichen Ladenpreises des ge¬
576 2910 2679 3036 hefteten Exemplars den Brutto=Verkaufserlos des Verlegers zu wählen, da es bei den sich immer
576 2986 2673 3100 rascher aufeinanderfolgenden Preisänderungen praktisch kaum mehr möglich ist, stattstisch auseinander zu
584 3052 2681 3171 halten, wieviel Exemplare eines Buches zu jedem der verschiedenen im Laufe eines größeren Zeitraums
582 3126 2689 3244 gültigen Ladenpreise verkauft wurden, während der Verkaufserlös verhältnismäßig einfach und sicher
595 3194 2684 3305 festzustellen ist. Im allgemeinen wird ein Anteil von 15¾ des Verkaufserlöses der gehefteten und von
587 3247 2694 3400 10% des Verkaufserlöses einfach gebundener Exemplare die Grenze des zurzeit Möglichen bilden,
