3336 4200
1352 458 1543 604 .... 4.
648 525 1948 757 *
1575 686 2209 813 (v.t) â¢ r; j r; w
1103 769 1757 898 G. H. D. M. d I
443 816 2720 1015 wahrnehmen, als es bei dieser Art von Geschäften schon einmal erfor-
443 933 2684 1129 derlich ist, und eine Wirkung auf die Provinz in grossem Masse geht
1399 1027 2693 1215 An Aufführungen aus. Die Abschlüsse, die
455 1100 1473 1259 doch nur von hauptstädtischen.
461 1109 2711 1338 wir gemacht haben, wurden Ihnen ja mitgeteilt. An Aussenständen ist
466 1241 2825 1443 nur der in Dresden seitens des Neuen Theaters zu verseichnen, der jetzt
469 1388 1326 1537 in Raten abgetragen wird.
795 1452 2761 1637 Beim Rundfunk Dortmund handelt es sich nicht um die Auffüh-
475 1572 2805 1754 rung des Werkes, sondern um Vorlesung einzelne? Scenen im Rahmen einer
1039 1614 1185 1669 A.
484 1661 2784 1863 Würdigung des Dichters. Wir haben nichtsdestoweniger seinerzeit einen
484 1769 2822 1960 Honoraranspruch geltend gemacht, dor deshalb noch nicht zur Erledigung
490 1883 2767 2092 gelangte, weil die diesbezüglichen Tarifverhandlungen noch nicht zum
502 1963 2825 2174 endgültigen Abschluss gelangt sind, was aber in nächster Zeit der Fall
502 2156 877 2291 sein wird.
1482 2224 2282 2379 Mit ergebensten Grüssen
1731 2362 1857 2473 Ihr
270 2464 578 2632 G.H.F.P.
1740 2500 2177 2658 I Kullers
1197 2488 1285 2693 G.C.P.
684 2502 918 2708 .F.P.
1790 2617 2192 2772 G.C.H.F.P.
1537 2635 1749 2769 G.C.F.P.
1306 2585 1408 2772 G.F.P.
654 2670 766 2808 G.H.P.
1358 2725 2280 2907 Von allen Jährn, mai-
1925 2834 2529 2978 ¬ldere, osalagtenè
1350 2863 1737 3019 G.C.H.F.P.
1220 2934 2520 3113 Gesb 'obsäus dat all.nds xxx nehnew Jsiasas
147 3010 640 3136 Tiedsadtgare as
1264 3031 2538 3201 "qoif oasî ne ̃ooh asb.neLiiii nebauden
593 3104 689 3227 G.H.P.
1256 3130 2546 3298 Omb ow,dai nedolelgnev us sodaedisniv
390 3198 824 3365 e ere.g.obam
381 3274 2538 3441 ###seresßag nie dreie hvor.ebnöw nalmnovren oder xxxsong oanode
481 3333 2544 3567 neb Jim kommök sogibnodei meh na mandl ae fidei iedles olfred
490 3468 2655 3670 a Jnoin neonagö egiswie eiß nennöx nassebegleini,bab nelefrnau xxx
