3082 3784
1128 214 1559 451 se me ritre
896 405 1899 517 nicht xxx xxx bei xxx
1119 500 1861 588 OMUJISTASATABHT
502 548 2492 737 nächsten zwei Monate allein befugt sein soll über  Reigen
508 671 2518 905 im Einvernehmen mit Ihnen für die skandinarischen Länder zu
520 817 848 968 verfügen.
814 842 2555 1102 Noch zwei kurze Bemerkungen: Der Vertrag mit Samuel
514 999 2561 1202 über "Weg ins Freie" wurde seinerzeit gegen ein Honorar von
511 1122 2806 1296 Mk. 500.— mit Ihrem Einverständnis abgeschlossen. In den Korrespon-
608 1285 1088 1370 G.C.H.F.P.M
511 1282 2629 1425 denzen mit Samuel ist bald von den "englischen Rechten", bald
525 1405 2558 1553 von den Rechten "in der englischen Sprache "die Rede. Die
531 1527 2758 1696 Rechtssituation ist daher unklar. Ihre schweitzerischen Tantiemen
537 1650 2609 1879 werden von unserem Züricher Vertreter stets gemeinsam mit den
534 1799 2567 1979 Tantiemen unserer übrigen Autoren zunächst auf das Konto des
542 1933 2601 2136 Verlages bei der Kantonalbank in Bern eingezahlt und von dort
531 2041 2609 2244 aus repartiert, sozwar, dass Ihr Anteil dann sogleich auf Ihr
540 2184 2707 2358 Konto bei der eidgenössischen Dank überführt wird. Dies hat auch
551 2324 2721 2507 den Vorteil, dass Sie Ihre Tantiemen von vornherein Netto, also
545 2407 2747 2581 nach Abzug der Provision erhalten. Irgendwelche Kosten entstehen
560 2567 1687 2758 Ihnen aus diesem Verfahren nicht.
1025 2678 1890 2852 Mit verbindlichen Grüssen
1864 2812 2324 2969 ehr ergebener
2144 2852 2527 3103 beginner.
