3096 3943
1215 227 1348 377 62
744 320 2029 517 er/Verlag/Berlin M. 57/Bül
721 461 2099 587 onto: Deutsche Bank. Depositenkasse P in Berlin / Postscheckkonto: Bei
921 547 1645 684 ernsprechanschlusse: Amt Lützow Nr.
1612 537 2016 708 6162-16
2400 574 2516 741 23
1248 654 1919 794 gew geb zur Jdleid og
1098 681 1222 814 ###ab
1712 738 1869 854 self
851 774 1759 921 Herrn Dr. Arthur Schnittler
2206 834 2423 955 G.C.H.F.P.
911 841 2079 1018 danna geb ml -. negös alas dass esaimt
851 958 2426 1111 im Zustand aufeldnissa xxx meh jesbok motsgitaalg
594 995 694 1118 G.H.P.
117 1005 504 1128 gedeiezadft
267 1091 2436 1252 niw eis,aswosch ein 431 gawHaustsA esie eglimA usb si sondx niw
394 1118 2787 1328 Der unaufhaltsame Sturz der Mark hat zur Folge gehabt, dass die
270 1278 2670 1458 Zahlungen des Sortiments einer erheblichen Entwertung unterlegen
220 1352 2793 1519 waren, bis sie in die Hände des Verlegers gelangten. Es war fast die
197 1455 2877 1629 Regel, dass die Zahlungen für unsere Rechnungen erst nach 6 - 8 Wochen
154 1582 2443 1749 wurde kommen werden. xxx
194 1689 2750 1849 An 16. August hat der Borsenverein Grundsätze aufgestellt, die
541 1789 2870 1929 darauf hinzielen, eine schnellere Abwicklung der Sortinenter-Zahlungen
544 1882 2760 2056 herbeizuführen. Die Kredite wurden aufgehoben und wir konnten dazu
144 1909 514 2089 G.C.H.P.P
541 1986 2867 2169 übergehen, die Lieferungen zur Schlüsselzahl des Tages zu fakturieren.
150 2063 337 2199 G.H.F.P
561 2069 2793 2259 Es ist ferner den Sortiment freigestellt, durch Vorauszahlungen zur
160 2159 531 2290 gedage adssa
567 2193 2847 2366 Schlüsselzahl des Zahlungstages Bestellungen zu übermitteln. Ienerhin
390 2263 477 2380 G.F.P.
164 2270 354 2400 G.C.H.F.P.
437 2310 2864 2470 vergehen auch bei dieser Zahlungsweise noch etwa 10 - 14 Tage bis wir
547 2413 2890 2570 das Geld in Händen haben. Bis Ende August haben sich die neuen Bestin-
551 2526 2860 2680 nungen soweit ausgewirkt, dass wir unsererseits zur Zahlung des Hono-
2550 2600 2834 2757 nngleich
571 2643 2106 2783 rars ab 1. Sept. auf gleicher Grundlage überge¬
567 2737 2106 2884 die Errechnung der anteiligen Honorare noch im
584 2857 1886 2987 schwierig bleibt.
674 2967 1829 3084 Die Errechnung von Erlös war gegen
2747 3004 2907 3174 rein-
587 3074 1822 3207 stufenweisen Sprechnung des Ladenprei.
581 3157 1632 3297 fachung, aber der Erlös konnte
577 3271 1168 3408 Sortiments und de
597 3374 1105 3504 festgestellt werden
