3085 4071
1439 317 1640 470 856
905 438 2445 624 S. Fischer / Verlag / A.=G. Berlin W57
1421 596 1969 689 Theaterabteilung
697 641 2691 797 Bankkonto: „Deutsche Bank, Depositenkasse P in Berlin / Postscheokkonto; Berlin Nr. 16692
1159 719 2248 795 Fernsprechanschlüsse: Amt Lützow Nr. 6162 bis 6164
845 760 2299 898 Telegramm-Adresse: Fischerverlag 6162, Berlinlützow
1529 822 1861 895 Bülowstraße 90.
1589 840 2507 998 Har Berlin, den 19.3.28.
848 853 1250 1014 Ma/Hb.
1755 946 2490 1157 Madam
832 983 1237 1089 mon ami a été
1600 983 1705 1159 De'
2520 1041 2668 1185 e de ces
1901 1056 2402 1197 dans mesme dernier,
848 1046 1315 1190 Herrn
699 1147 2467 1320 Dr. Arthur Schnitzler,
2409 1258 2573 1338 XVIII
1773 1255 2384 1381 Wien
895 1273 1429 1401 alb dollgst de an
2100 1325 2676 1411 Sternwartestr. 70.
2472 1381 2671 1494 G.C.H.F.P
782 1386 2150 1529 eVelt ab, hoe auch dagevasikt sie bef aM.
1418 1461 2550 1612 wir so xxx.
913 1506 1620 1630 Verehrter Herr Doktor!
1315 1574 2900 1783 Ich danke Ihnen sehr für Ihr Schreiben vom 15.ds.,
910 1753 2761 1871 sowie die Uebersendung der Korrespondenz H a r z. Ich habe
918 1838 2880 1997 das ganze Material Herrn Fischer zugesandt und werde Ihnen so-
918 1984 2150 2105 fort von seiner Antwort Kenntnis geben.
1318 2062 2782 2208 In der holländischen Angelegenheit hat mir der
920 2170 2829 2264 Vertreter schon geschrieben, dass er versuchen wird, auf die
910 2271 2862 2394 Direktion van der Lugt einen Druck auszuüben, um sie doch zur
910 2377 2802 2495 Bezahlung der Tantieme zu veranlassen. Ich werde Ihnen auch
918 2477 2160 2623 von diesem Ergebnis Xn Kenntnis geben.
1323 2570 2895 2716 Von der Angelegenheit Magda Sonja habe ich nichts
1763 2671 1964 2739 andere
920 2699 2704 2814 mehr gehört, dagegen ist die Angelegenheit, wegen der ich
918 2794 2759 2907 Ihnen telegraphierte,aktuell geworden und zwar so aktuell,
923 2842 2915 3015 dass ich ausnahmeweise auf eigene Verantwortung handeln musste.
920 3021 2885 3129 Ich hatte Frau Friedländer-Fuld, die eine Nachtvorstellung in
1655 3098 1781 3161 A.
933 3124 2895 3247 der Komödie veranstalten wollte, in der Frau Goldschmidt-Roth-
920 3209 2839 3345 schild auftreten soll, seinerzeit versprochen, dass ich Ihre
908 3352 2809 3461 Einwilligung zur Aufführung der "literatur" einholen würde.
920 3456 2938 3584 Ich sagte damals allerdings, der Vertrag müsste mit dem Theater
918 3571 2834 3715 abgeschlossen werden. Ich hörte dann in der Folge, dass das
2253 3664 2402 3795 b.w.
