3143 3879
1448 365 2672 528 ckkonto Berlin Nr. 16‘62 — — — Pernsprech-Anschlüsse: Amt Lützow Nr: 1662 und
2065 477 2613 651 Berlin W 57, Bülowstraße 90
617 780 1398 988 Novelle vorausbezahlen.
676 864 2784 1097 Da Ihnen aber daran liegt, die neue Novelle jedenfalls schon Anfang
561 1019 2761 1173 nächsten Jahres als Buch erscheinen zu lassen, so möchte ich Ihnen den
578 1145 2764 1285 Vorschlag machen mir eine nächste Novelle etwa gleichen Umfangs für den
572 1229 2826 1426 Vorabdruck nach dem Kriege schon jetzt zuzusichern und mir zu gestatten,
578 1355 1970 1504 das Honorar von M 5000.- voraus zu bezahlen.
707 1369 2778 1614 Gegen Ende dieses Monats hoffe ich Sie in Wien zu sehen; ich gehen
575 1560 1442 1717 auf Papierentdeckungen aus.
696 1658 1423 1863 Mit herzlichen Grüssen
2029 1701 2116 1889 Ihr
1785 1877 2427 2138 Fischer
