2916 3752
1441 247 2292 451 in W 57/Bülowstraße
810 293 1347 461 Verlag / B
800 433 2292 512 o: Deutsche Bank. Depositenkasse P in Berlin / Portechschkonto: Berlin Nr. 1669.
1907 484 2050 586 d 9292.
1110 486 1864 611 unschlüsse: Amt Lützow Nr. 1662. 6162
1943 540 2146 659 /2. 22
945 861 1810 1100 Herrn Dr. Arthur Schnitzler
2146 1085 2264 1184 G.C.F.P.
1877 1080 2050 1207 Wien
637 1225 1103 1385 Lieber Freund,
774 1365 2470 1523 ich war an der Grippe erkrankt und dann etwas verreist
657 1474 2462 1632 und komme erst heute dazu, auf einige Fragen zu antworten.
772 1571 2531 1734 Wir drucken die beiden Ergänzungsbände und ausserdem die
670 1683 2592 1864 erste Reihe der gesammelten Werke in 4 Bänden. Von der zweiten
667 1775 2480 1930 Reihe haben wir noch genügenden Vorrat. Das Werk wird nun
667 1928 2544 2057 ziemlich teuer werden, denn die Herstellungskosten sind ganz
670 2012 2572 2141 enorm gesteiegen. Eine endgültige Kalkulation lässt sich erst
659 2111 2452 2274 machen, wenn das Werk gedruckt und gebunden ist, denn die
670 2210 2584 2360 Herstellungspreise sind fortwährend im Fluss und lassen sich
677 2299 2584 2467 im Augenblick noch nicht fixieren. Sie erlauben mir also, auf
680 2396 2668 2584 die Honorarfrage zurückzukommen, wenn die Kalkulation feststeht.
817 2523 2587 2656 Die Verkaufspreise werden naturgemäss gegenüber den bis-
667 2618 2712 2796 herigen sehr bescheidenen Preisen ziemlich hoch sein. Hoffentlich
690 2724 2587 2857 bleibt die Kaufkraft des Publikums bestehen, es lässt sich ja
672 2819 2534 2992 auf einige Wochen vorher nichts mit Sicherheit voraussagen.
835 2923 2528 3084 Von Specht habe ich das Manuskript leider noch nicht be¬
687 3050 2612 3211 kommen; es wird aber Zeit, dass wir mit dem Satz beginnen; ich
693 3129 2546 3274 wäre Ihnen dankbar, wenn Sie bei Ihren nahen Beziehungen zu
695 3277 2615 3376 Specht mit einem Wort dafür eintreten, dass die Arbeit bald an den
693 3343 1841 3542 mich gelangt. Ich wäre Ihnen auch da:
