3132 4204
1377 249 1521 384 48
403 357 2579 533 S. FISCHER,VERLAG, BERLIN, Dr. Schmitzler v. 8. Nov.  Blatt 2
701 476 961 587 Theaterabteilung
812 620 2685 769 Der Genauigkeit halber möchten wir noch bemerken, dass sich
557 644 763 839 P. 8.
817 731 2538 896 hier noch ein seiner Zeit mit Ihrem Einverständnis ge
825 820 2698 1020 schlossenes Abkommen über „Zwischenspiel“, „Der einsame
817 931 2744 1080 Weg " und "Komtes Mizzi" mit Herrn Björkmann vorfindet
839 1031 2671 1199 dem aber wohl kaum mehr eine rechtliche Bedeutung zukommt.
825 1166 2712 1326 Der Vertrag ist Mänfang 1914 vollzogen, hat sich aber sicht
825 1239 2557 1388 lich, obwohl der Krieg mit Amerika erst 1917, ausbrach,
825 1375 1464 1516 niemala realisiert.
