3207 3976
1347 173 1523 291 402
853 236 2349 417 S. FISCHER / VerLAG
634 343 2645 530 ankkonto: Deutsche Bank, Depositenkasse P Berlin / Postscheckkonto: Berlin 1662
1026 458 2192 601 BERLIN W 57 / BÜLowSTRASSE 90
1213 554 2382 637 Fernruf: Lützow 1662, étée und 9292 7/3. 1918
793 889 1676 1059 Herrn Dr. Arthur Schnitzler
1591 1004 1816 1141 Wien
648 1240 1106 1350 Lieber Freund!
779 1303 2738 1501 Ihre Befürchtung ist ganz ungerechtfertigt. Selbstverständlich
2104 1432 2766 1528 von vollkommen gleichge
1866 1438 2039 1542 An Auto
1742 1487 1858 1550 Eche
1863 1517 2036 1597 Gouvernement.
1564 1476 1756 1608 deut
1740 1515 1858 1600 G.C.F.P.
664 1495 1575 1586 sind die österreichisehen und
2104 1515 2615 1594 iM~i.uM~tM~M~
1306 1539 1575 1611 (ouvretrement).
664 1542 2678 1696 stellt. Ich habe ja in meinem Brief vom 26. Februar ausdrücklich
664 1663 2774 1781 bemerkt, dass ich sämtliche Gesamtausgaben meines Verlages nur dann
672 1737 2779 1934 werde neu drucken können, wenn mir ein entsprechendes Papierquantum
675 1874 2779 1995 von der Kriegswirtschaftsstelle dazu bewilligt wird.. Im Vertrauen
675 1965 2807 2099 gesagt: Hauptmann bemüht sich darum, für seine Gesamtausgabe von der
2211 2039 2431 2096 lauvaa
669 2091 2744 2200 Kriegswirtschaftsstelle das erforderliche Quantum bewilligt zu be-
683 2121 2815 2329 kommen. Da Sie aus Oesterreich ein solches Gesuch hier nicht stellen
1172 2272 1534 2338 G.C.H.F.S.
680 2283 2810 2398 können, so habe ich daran denken müssen, Ihre Gesamtausgabe eventl.
689 2332 2719 2502 in Wien zu drucken, wie ja überhaupt die Wiener Papierbelieferung
686 2447 2733 2601 den Zweck hätte, die österreichischen Autoren sicherzustellen. So
694 2552 2757 2705 glatt wird aber ein Strich zwischen deutschen und österreichischen
697 2650 2774 2815 Autoren in Wien nicht gemacht werden können, weil mir nachträglich
700 2763 2801 2900 die technischen Schwierigkeiten einfielen, die Platten eines Werkes
708 2895 2672 3035 von dem Umfang Ihrer Gesamtausgabe nach Wien zu transportieren.
705 3007 2878 3144 Die Bleiausfuhr würde nicht erlaubt werden, und wenn ich die Matrizen
705 3106 2911 3243 in Wien neu giessen lassen würde, so würden daraus überflüssiger Weise
716 3216 2782 3378 sehr grosse Kosten entstehen. Bekomme ich also Papier in Wien, so
