3295 4183
1168 495 2319 679 er / Verlag / A.=G. — Berlin W 5
718 696 2463 803 Lukkonto: Deutsche Bank, Depositenkasse P in Berlin / Postscheckkonto; Berlin Nr.
1046 778 2166 882 Fernsprechanschlüsse: Amt Lützow Nr. 6162 bis 616
1473 834 1725 936 VÜlowstratz
1007 1168 1889 1349 Herrn Dr. Arthur Schnitzle
718 1371 1196 1549 Lieber Freund,
744 1518 2658 1716 die neue illustrierte Ausgabe von "Leutnant Gustl" macht
662 1674 2771 1827 grosse Schwierigkeiten, weil wir die neuen Reproduktionen nicht
656 1739 2853 1903 nach den Originalen, sondern nach den Klischeedrucken, die Sie uns
667 1877 2788 2019 geschickt haben, vornehmen müssen. Damit die Reproduktionen ihre
667 1954 2943 2104 volle Wirkung tun, ist die Technik der Herstellung etwas zeitraubend.
667 2106 2760 2225 Von der alten Ausgabe (auf Holzpapier gedruckt) sind noch etwa
676 2174 2647 2355 100 Exemplare vorhanden; die neue Ausgabe wird vor Ende März
667 2302 1527 2454 nicht fertig sein können.
1513 2313 2265 2531 Mit herzlichen Grüssen
1581 2471 2104 2559 S. FISCHIER,VERLAG
1606 2531 2067 2647 AKTRIEGESESELISCHAFT
860 2873 1298 3071 Die Halbjahre
681 2867 831 3062 P.S.
684 3028 1303 3158 Ihnen also persönl:
