3210 4007
1415 193 1567 325 365
843 270 2394 471 S. Fischer, Verlag, Berlin M. „Bülowstrasse 90
1641 392 1973 488 18/X. 1915
741 820 1601 991 Herrn Dr. Arthur Schnitzler
1770 892 1981 1029 G.H.F.P.
1616 895 1765 1076 Wien
749 1120 1197 1274 Lieber Freund,
962 1244 2610 1415 für die Abrechnung "Geronimo" muss ich unbedingt die
2040 1388 2680 1512 von Ihnen bekommen,
751 1381 2050 1529 Aufstellung der Kosten für die Radierungen
2040 1460 2191 1505 G.C.H.F.P.
756 1472 2734 1631 und andererseits auch die von Ihnen erzielten Einnahmen für die
766 1572 2660 1708 Vorzugsexemplare. Wir haben angekündigt, dass die Erträgnisse
754 1695 2672 1827 zur Hälfte für die österreichische, zur andern Häifte füh die
763 1805 2719 1946 deutsche Armee bestimmt sind, und wir sind der Aufsichtsbehörde
758 1874 2593 2047 gegenüber verpflichtet, eine genaue Abrechnung zu erteilen.
756 2000 2593 2161 Ich kann die Abrechnung aber nicht früher abschliessen, ehe
756 2085 2065 2248 ich diese Angaben von Ihnen nicht bekomme.
932 2189 2650 2345 Ich habe nichts gehört, ob Sie nach Berlin kommen, ich
758 2313 2751 2442 hoffe essehr. Die Direktion des Neuen Theaters in Frankfurt a/M.
758 2390 2732 2563 hat uns depeschiert, dass die "Komödie der worte" einen grossen
754 2494 1334 2625 Erfolg gehabt hat.
1004 2595 1710 2712 Mit herzlichen Grüssen
1889 2682 2040 2811 Ihr
1745 2799 2300 3012 J. Fischer
397 3371 501 3498 F. 208
387 3493 501 3557 F. 208
