3062 3848
964 241 2315 455 Fischer / Verlag / A.=G. Berlin W 57.
588 467 2553 614 Bankkonto: Deutsche Bank, Depositenkasse P in Berlin / Postscheckkonto; Berlin Nr. 1669.
1005 540 2150 661 Fernsprechanschlüsse: Amt Lützow Nr. 6162 bis 6164
1389 614 1771 728 Bülowstraße 90
916 872 1818 1022 Herrn Dr. Arthur Schnitzler
552 964 1622 1090 Geschädigungen durch xxx
2133 993 2303 1134 Wie
2376 1013 2494 1131 G.F.P.
576 1075 1642 1207 Lieber Freund,
1668 1090 1959 1222 G.C.H.F.P.F
1995 1104 2535 1219 und xxx aus sich
499 1181 2776 1325 lassen Sie uns die Diskussion über alle diese Dinge beenden;
552 1307 2814 1436 es würde mir nicht schwer fallen, Ihre Argumente zu widerlegen, denn
1733 1384 2744 1475 im Zusammenhang damit
546 1398 2905 1554 Sie sind bezüglich der Kalkulationsfragen, resp. bezuglich der Auflagen
538 1510 2744 1648 die sich im Laufe dieser Jahre nur aus jeweiligen kleinen Auflagen
540 1595 2767 1768 aufgebaut haben, nicht ganz im Bilde. Ich hebe mir das auf, bis wir
538 1707 2858 1824 uns einmal wiedersehen und bis diese Frage eine rein historische Ange-
529 1812 1942 1968 legenheit geworden ist. Denn da ich nun Ehe
2012 1807 2858 1983 Kunschakzeptiere, Ihnen
523 1892 2758 2097 die höchste Tantieme zu bezahlen, die ein Autor meines Verlages be-
529 2012 2124 2121 zieht, so ist diew Diskussion ja nicht mehr akut.
623 2086 2747 2282 Der in Frage stehende Autor bekommt also 20 x vom Ladenpreis des
523 2230 2714 2350 broschierten Exemplars gerechnet, das höchste Honorar, dass bezahlt
523 2329 2747 2456 werden kann. Sie schreiben zwar in Ihrem Brief, dass Sie diese 20 x
520 2420 2811 2553 auch vom Ladenpreis des gebundenen Exemplars wünschen. Ich nehme aber
520 2514 2726 2644 an, dass hier ein Irrtum Ihrerseits vorliegt und dass Sie dabei an
511 2632 2744 2761 20 % vom Erlös denken. Sie schreiben, dass über diese Prozentzahlung
514 2729 2770 2885 vom gebundenen Exemplar zwischen uns schon verhandelt wurde, das war
261 2802 385 2914 new
508 2852 2738 3008 meines Wissens nur der wall bei Gelegenheit der Erlösabrechnung, da
267 2870 435 2999 mit him
499 2961 2700 3105 nur in diesem Fall die prozentuale Verrechnung auch von gebundenen
505 3037 2794 3217 Exemplar in Frage stand. Ich weiss auch nichts davon, dass über einen
505 3143 2811 3299 Wormalvertrag in diesen Sinne von Schutzverband eine Diskussion hervor
508 3258 2658 3437 rugen wurde; war das der Fall, so konnte unmöglich von gebundenen
705 3346 2826 3572 dar derselbe Tantiemensatz gefordert werden, wie von broschierten
