2933 3850
906 294 1787 494 S. FISCHER / VerLAG
167 412 367 519 2. Blatt
325 556 1219 723 Dr.A. Schnitzler 31/8. 21
378 759 2585 937 der Sache zurückgekommen sei. Es scheint sich aber hierbei nicht um
381 875 2577 1039 die Aufführungsrechte, sondern um eine geplante Buchausgabe gehan-
384 994 2605 1135 delt zu haben. Wir sind der Sache nachgegangen und erfahren nunmehr,
387 1073 2659 1270 dass Herr Dr. Marton in Budapest an den damals vorbereiteten Abkonnen
392 1152 2631 1335 festhält und den Betrag von 5000 Kronen jetzt zur Auszahlung bringen
398 1256 2636 1437 wird. Gleichzeitig nimmt er den Gedanken einer Buchausgebe des Verkes
404 1369 2574 1527 wieder auf und fragt an, ob wir ihm diese Rechte gegen zahlung von
401 1487 2568 1637 2000 Kronen überlassen wollen. Dies ist entschieden zu wenig, doch
406 1586 2543 1736 möchten wir in dieser Angelegenheit nichts unternehmen, ohne Ihre
406 1713 1222 1860 Meinung gehört zu haben.
1321 1736 2264 1922 Mit vorzüglicher Hochachtung
1595 1863 2162 1967 S. FISCHER, VERLAG
1595 1948 2148 2089 AUSLANDSABTEILUNG
