2885 4026
837 359 1325 535 Verlag / Ber
796 494 1604 586 deutsche Bank. Depositenkasse P in Berlin /
911 569 1665 704 prechanschlüsse: Amt Lützow Nr. 1662.
420 886 2547 1072 erschienen ist, so steht die Sache urheberrechtlich so, dass zwar
428 1049 2714 1193 jene Uehensetzung in Amerika geschützt, das Werk meigen „ als solches
423 1164 2691 1282 aber frei ist. Irgend ein Bedenken gegen eine neue Ausgabe in anderer
426 1274 2737 1380 Uebersetzung besteht nicht. Wir haben inzwischen die von uns begonnenen
426 1371 2714 1489 Verhandlungen hinsichtlich einer solchen neuen Auggabe fortgesetzt und
423 1452 2726 1596 hoffen, Ihnen bereits in den nächsten Tagen Bestimmtes sagen zu können.
428 1561 2691 1685 Unsere Fläne haben sich insofern etwas geändert, als jetzt in Mittel-
423 1636 2717 1840 punkte der Verhandlungen eine englische Luxusausgabe steht (das Exem-
414 1748 1268 1906 plar zu 10 - 12 Dollar).
540 1869 2429 1995 Den beiliegenden Brief Focar haben wir gestern erhalten.
1245 1958 2153 2159 Mit vorzüglicher Hochachtung
1601 2107 2038 2202 S. FISCHER, Verg.
1607 2188 2012 2288 AUSLANDSABTEI
