3217 3991
1396 201 1600 313 1-10
800 389 2705 539 fischer/ Verlag/ Berlin W 57/Bülowstraße qui
871 512 2525 653 kkonto: Deutsche Bank. Depositenkasse P. in Berlin / Poetschsekkonto: Berlin Nr. 16892
1293 577 2245 708 nachlüsse: Amt Lützow Nr. 1662, 6162 und 9292
966 863 2827 1056 Ich hoffe wir werden noch rechtzeitig zu Weihnachten mit
844 1031 2993 1143 beiden Ausgaben fertig; wir drucken von der illustrierten Ausgabe
844 1105 3034 1246 die 40 Mark Ladenpreis haben wird, etwa 3 900 Exemplare ( Verbrauch
846 1238 2838 1325 des Papierrestes). Von der Luxusausgabe werden kaum mehr als
852 1331 2985 1423 125 Exemplare aus dem vorhandenen Büttenpapier hergestellt werden
846 1442 1097 1570 können.
977 1532 2898 1668 Ich lasse Ihnen in den nächsten Tagen den Schlussbogen für
849 1635 2825 1733 die Luxusausgabe von „ Casanova „ zuschicken. Ich bitte Sie,
1706 1714 1913 1791 G.C.H.
857 1731 2923 1872 die Bogen mit Ihrem Namen zu unterzeichnen und sie mir in sorg-
857 1831 2849 1948 fältigster Verpackung an die Adresse meines Leipziger Hauses,
852 1943 2868 2060 Leipzig, Rathausstr. 42 zurückzuschicken. Entweder direkt per
1110 2030 1434 2093 Ich verrötiget seitetei
1426 2033 1687 2093 A.W.A.S.
854 2030 2993 2158 Post mit eingeschriebenen Kreuzbändern, oder, was vielleicht noch
857 2128 2999 2270 besser wäre, durch einen Ihnen befreundeten Wiener Sortimentbuch-
852 2253 2942 2376 händler, der durch Bücherwagen das Paket nach Leipzig befördern
849 2376 1037 2495 soll.
982 2457 3007 2553 Ich glaube nicht, ob unter den gegenwärtigen Gestehungskosten
860 2555 2849 2689 an eine Aenderung des Teuerungszuschlages zu denken ist. Mir
1162 2653 1951 2716 3 actes de lʼœuvre. — Lehtié.
860 2650 2996 2784 sind ja die Verhandlungen mit dem Schutzverband genügend bekannt,
863 2770 3042 2890 ich nehme gewöhnlich an den Sitzungen teil, es kommt bei dem Gerede
860 2841 3012 2974 nichts weiter heraus; ich bedaure nur eines, dass unter den Dele-
868 2939 2876 3102 gierten des Schutzverbandes sich kein Kopf befindet, der eine
857 3048 2414 3211 klare Vorstellung von den Dingen gewinnen kann.
1023 3187 2969 3285 Was Ihnen Heinrich Mann schreibt ist richtig, die Schlüsse,
865 3266 2988 3412 die er daraus zieht, sind falsch. Wir können das Sortiment nicht
863 3380 2972 3540 entbehren und wenn die verleger sich zusammentäten gemeinschaft-
