3023 4103
1182 610 1667 738 Schrifftnisser
1182 694 1760 805 durch xxx schlässig
941 662 1159 799 nig.
1336 752 1789 892 1o0e0a0i0Ue
927 819 2408 1011 ich unternehme natürlich nichts wegen Berlin.
389 918 2719 1150 Barnowsky, dem es ja sehr schlecht geht, soll, wie ich höre übrigens
398 1069 2705 1240 ernstlich daran denken, die "Schwestern " im Januar herauszubringen.
2455 1113 2542 1179 G.F.P.
941 1147 2757 1307 Ich habe eine neue Verbindung mit Italien angeknüpft,
1775 1258 1949 1330 G.C.P.
1458 1272 1697 1348 m
407 1235 2745 1429 mit einem gewissen Freiherrn von Opteda, der mir sehr empfohlen wird.
418 1377 2684 1566 Seine Firma will allerdings mit uns einen Generalvertrag schliessen
418 1461 2655 1670 und ich muss Sie deshalb fragen, ob Sie wünschen, dass Ihre Stücke
2298 1551 2580 1627 (votre amamis)
718 1612 2617 1792 genommen werden. Die Vorschläge dieses Herrn würden eine
430 1662 651 1772 davon d¬
430 1673 2603 1894 Tantieme resultieren, wie sie auf beiliegender Aufstellung aus -
837 1804 2527 1975 ist, wovon dann noch unsere Provision in Abzug käme.
389 1894 491 1943 toutes
430 1880 639 2033 gereck
744 1880 2600 2097 Ihrer Stücke sind allerdings einige italienische Ver-
2126 2002 2362 2063 Ce nouvelle eut että
433 1996 662 2135 Bezügl.
921 2019 2667 2211 assen, zum grössten Teil mit Thieben. Ich weiss aber
447 2095 596 2248 trag
781 2141 2652 2295 diese Verträge durch Nichtaufführungen schon längst ab.
1185 2150 1351 2222 nicht
436 2234 601 2347 nich
444 2231 2649 2443 gelaufen sind. Das liesse sich aber durch unseren neuen Vertreter
456 2336 2658 2524 leicht feststellen. Ich habe übrigens in Erfahrung gebracht, dass
799 2446 2757 2661 unter Mussolini ein neues Gesetz angenommen wurde, wonach
442 2530 665 2661 in Ite
2312 2565 2440 2707 em
456 2583 2205 2783 der Urheberrechtschutz auf die Dauer von 50 Jahre na
822 2696 2745 2853 verlangt wurde. Das wäre ein ungeheuerer Fortschritt, da
1031 2702 1121 2766 ert
453 2734 796 2890 des Autors
2257 2763 2699 2902 am Erscheinen
810 2800 2225 2969 in Italien ein Werk schon 10 Jahre nach sa
456 2853 738 2992 ja bisher
874 2873 2365 3079 wenn in dieser Zeit keine Uebersetzung veran-
462 2983 738 3129 frei wur
474 3091 735 3219 worden
1673 3108 2089 3242 ergebenen Grüs
1656 3219 2080 3300 S. FISCHER. VERE
1691 3286 2147 3361 AKTIEGESELI SCHAFT
1665 3332 2150 3442 THEATERABTEILUNG
1810 3390 2129 3515 Ptmerk
