<?xml version="1.0" encoding="UTF-8" standalone="yes"?>
<PcGts xmlns="http://schema.primaresearch.org/PAGE/gts/pagecontent/2013-07-15" xmlns:xsi="http://www.w3.org/2001/XMLSchema-instance" xsi:schemaLocation="http://schema.primaresearch.org/PAGE/gts/pagecontent/2013-07-15 http://schema.primaresearch.org/PAGE/gts/pagecontent/2013-07-15/pagecontent.xsd">
    <Metadata>
        <Creator>prov=READ-COOP:name=TrHtr:version=2.1.0:model_id=51170:date=27_07_2023_22:28</Creator>
        <Created>2023-05-02T08:10:33.503+02:00</Created>
        <LastChange>2023-07-27T22:28:47.208+02:00</LastChange>
        <TranskribusMetadata docId="1416743" pageId="54953114" pageNr="38" tsid="131305668" status="IN_PROGRESS" userId="64420" imgUrl="https://files.transkribus.eu/Get?id=ELIEGHMDRMAHLNTDXGJYOHDY&amp;fileType=view" xmlUrl="https://files.transkribus.eu/Get?id=UIBBKXMPRUZPNKJOCHMPRPPJ" imageId="44456839"/>
    </Metadata>
    <Page imageFilename="1416743_0038.jpg" imageWidth="3168" imageHeight="4023">
        <ReadingOrder>
            <OrderedGroup id="ro_1711826130346" caption="Regions reading order">
                <RegionRefIndexed index="0" regionRef="tr_2"/>
                <RegionRefIndexed index="1" regionRef="tr_1"/>
            </OrderedGroup>
        </ReadingOrder>
        <TextRegion id="tr_2" custom="readingOrder {index:0;}">
            <Coords points="743,272 2832,272 2832,1815 743,1815"/>
            <TextLine id="tr_2_tl_1" custom="readingOrder {index:0;}">
                <Coords points="1351,363 1374,370 1389,383 1415,381 1420,386 1446,365 1459,363 1479,342 1484,350 1507,342 1515,257 1471,250 1433,268 1387,229 1363,229"/>
                <Baseline points="1366,331 1381,334 1426,328 1471,325 1516,322"/>
                <TextEquiv>
                    <Unicode>370</Unicode>
                </TextEquiv>
            </TextLine>
            <TextLine id="tr_2_tl_2" custom="readingOrder {index:1;}">
                <Coords points="792,527 1639,430 1757,509 2143,525 2338,491 2344,350 1945,304 1405,386 797,373"/>
                <Baseline points="808,471 829,471 874,465 919,465 963,462 1008,459 1053,456 1098,453 1143,450 1187,444 1232,441 1277,438 1322,438 1366,438 1411,438 1456,432 1501,429 1545,429 1590,429 1635,426 1680,423 1724,423 1769,423 1814,426 1859,423 1904,420 1948,417 1993,414 2038,411 2083,411 2127,411 2172,411 2217,414 2262,414 2306,408 2351,402"/>
                <TextEquiv>
                    <Unicode>S. Fischer, Verlag, Berlin M., Bülowstrasse 90</Unicode>
                </TextEquiv>
            </TextLine>
            <TextLine id="tr_2_tl_3" custom="readingOrder {index:2;}">
                <Coords points="1381,576 1469,587 1533,576 1556,592 1569,579 1613,587 1644,574 1654,427 1631,437 1592,432 1572,445 1523,435 1505,445 1441,442 1389,458"/>
                <Baseline points="1402,513 1435,507 1480,507 1525,504 1569,501 1614,498 1659,492"/>
                <TextEquiv>
                    <Unicode>12. 1915</Unicode>
                </TextEquiv>
            </TextLine>
            <TextLine id="tr_2_tl_4" custom="readingOrder {index:3;}">
                <Coords points="1217,566 1271,581 1284,576 1304,592 1315,592 1320,463 1304,460 1291,468 1281,458 1266,463 1253,460 1245,468 1219,463"/>
                <Baseline points="1232,516 1277,516 1322,513"/>
                <TextEquiv>
                    <Unicode>20/</Unicode>
                </TextEquiv>
            </TextLine>
            <TextLine id="tr_2_tl_5" custom="readingOrder {index:4;}">
                <Coords points="839,1032 934,1055 1201,1003 1307,1039 1374,1008 1441,1039 1621,1001 1726,1016 1734,862 1232,936 1065,931 846,851"/>
                <Baseline points="856,993 883,990 928,987 972,987 1017,987 1062,984 1107,984 1151,981 1196,981 1241,978 1286,975 1331,972 1375,972 1420,966 1465,966 1510,963 1554,960 1599,960 1644,957 1689,955 1733,957"/>
                <TextEquiv>
                    <Unicode>Herrn Dr. Arthur Schnitzler</Unicode>
                </TextEquiv>
            </TextLine>
            <TextLine id="tr_2_tl_6" custom="readingOrder {index:5;}">
                <Coords points="1752,1119 1770,1116 1780,1124 1803,1116 1814,1122 1832,1109 1857,1111 1878,1129 1917,1127 1917,993 1896,998 1857,972 1821,965 1811,954 1775,970 1765,960 1752,960"/>
                <Baseline points="1766,1056 1811,1050 1856,1050 1901,1053 1921,1056"/>
                <TextEquiv>
                    <Unicode>Wien</Unicode>
                </TextEquiv>
            </TextLine>
            <TextLine id="tr_2_tl_7" custom="readingOrder {index:6;}">
                <Coords points="728,1266 761,1281 836,1258 908,1294 944,1268 965,1281 1006,1261 1062,1289 1124,1279 1214,1304 1217,1158 1181,1147 1132,1140 1034,1165 990,1150 970,1170 934,1147 844,1170 782,1140 731,1158"/>
                <Baseline points="743,1247 769,1250 814,1247 859,1244 904,1244 949,1241 993,1241 1038,1238 1083,1238 1128,1238 1172,1238 1217,1244"/>
                <TextEquiv>
                    <Unicode>Lieber Freund.</Unicode>
                </TextEquiv>
            </TextLine>
            <TextLine id="tr_2_tl_8" custom="readingOrder {index:7;}">
                <Coords points="867,1405 2737,1389 2745,1240 870,1335"/>
                <Baseline points="880,1396 913,1393 957,1390 1002,1390 1047,1387 1092,1387 1137,1387 1181,1384 1226,1381 1271,1378 1316,1378 1360,1375 1405,1372 1450,1372 1495,1372 1539,1369 1584,1366 1629,1363 1674,1363 1719,1360 1763,1357 1808,1357 1853,1354 1898,1351 1942,1351 1987,1348 2032,1345 2077,1345 2121,1342 2166,1342 2211,1340 2256,1340 2300,1337 2345,1334 2390,1334 2435,1331 2480,1331 2524,1328 2569,1325 2614,1325 2659,1322 2703,1316 2748,1313"/>
                <TextEquiv>
                    <Unicode>ich bin Ihnen sehr verbunden, dass Sie mich auf den Koehler-</Unicode>
                </TextEquiv>
            </TextLine>
            <TextLine id="tr_2_tl_9" custom="readingOrder {index:8;}">
                <Coords points="751,1543 2099,1456 2688,1489 2711,1389 754,1443"/>
                <Baseline points="766,1504 811,1501 856,1498 901,1498 946,1498 990,1495 1037,1499 1037,1499 1059,1492 1104,1489 1149,1486 1193,1486 1238,1483 1283,1480 1328,1480 1372,1477 1417,1474 1462,1474 1507,1474 1551,1471 1596,1468 1641,1465 1686,1465 1730,1462 1775,1462 1820,1459 1865,1459 1910,1456 1954,1453 1999,1453 2044,1450 2089,1450 2133,1447 2178,1444 2223,1444 2268,1441 2312,1441 2357,1438 2402,1438 2447,1435 2491,1435 2536,1432 2581,1429 2626,1426 2671,1423 2715,1423"/>
                <TextEquiv>
                    <Unicode>schen Weihnachtskatalog aufmerksam gemacht haben; und obgleich</Unicode>
                </TextEquiv>
            </TextLine>
            <TextLine id="tr_2_tl_10" custom="readingOrder {index:9;}">
                <Coords points="1140,1533 1168,1525 1297,1549 1356,1523 1381,1546 1394,1528 1441,1541 1595,1531 1595,1492 1569,1484 1546,1497 1335,1482 1140,1492"/>
                <Baseline points="1154,1513 1199,1513 1244,1513 1289,1513 1334,1513 1378,1513 1423,1519 1468,1522 1513,1525 1557,1522 1602,1519 1605,1516"/>
                <TextEquiv>
                    <Unicode>maartaaamme että</Unicode>
                </TextEquiv>
            </TextLine>
            <TextLine id="tr_2_tl_11" custom="readingOrder {index:10;}">
                <Coords points="759,1616 1050,1654 2578,1585 2580,1477 761,1559"/>
                <Baseline points="772,1605 796,1602 841,1602 886,1599 931,1596 975,1596 1020,1593 1065,1590 1110,1590 1154,1587 1199,1584 1244,1584 1289,1581 1334,1581 1378,1581 1423,1578 1468,1575 1513,1572 1557,1572 1602,1569 1647,1569 1692,1566 1736,1560 1781,1560 1826,1560 1871,1557 1915,1557 1960,1554 2005,1554 2050,1551 2095,1548 2139,1545 2184,1545 2229,1545 2274,1542 2318,1542 2363,1539 2408,1536 2453,1536 2497,1533 2542,1531 2587,1533"/>
                <TextEquiv>
                    <Unicode>es sich hier um ein Privatunternehmen handelt, auf das uns</Unicode>
                </TextEquiv>
            </TextLine>
            <TextLine id="tr_2_tl_12" custom="readingOrder {index:11;}">
                <Coords points="754,1713 2670,1693 2750,1672 2753,1577 759,1631"/>
                <Baseline points="769,1704 784,1704 829,1704 874,1704 919,1701 963,1698 1008,1695 1053,1692 1098,1692 1143,1689 1187,1689 1232,1686 1277,1686 1322,1683 1366,1680 1411,1680 1456,1677 1501,1677 1545,1677 1590,1674 1635,1671 1680,1671 1724,1668 1769,1665 1814,1665 1859,1662 1904,1659 1948,1656 1993,1656 2038,1653 2083,1653 2127,1650 2172,1650 2217,1647 2262,1644 2306,1644 2351,1641 2396,1641 2441,1638 2486,1635 2530,1635 2575,1632 2620,1632 2665,1629 2709,1626 2754,1629"/>
                <TextEquiv>
                    <Unicode>eigentlich ein Einfluss nicht zusteht, so hat doch Koehler alle</Unicode>
                </TextEquiv>
            </TextLine>
            <TextLine id="tr_2_tl_13" custom="readingOrder {index:12;}">
                <Coords points="761,1829 2822,1785 2827,1672 764,1721"/>
                <Baseline points="775,1805 817,1802 862,1802 907,1802 952,1799 996,1799 1041,1796 1086,1793 1131,1796 1175,1793 1220,1793 1265,1787 1310,1787 1354,1784 1399,1781 1444,1781 1489,1781 1533,1778 1578,1775 1623,1775 1668,1772 1713,1772 1757,1769 1802,1766 1847,1763 1892,1763 1936,1760 1981,1760 2026,1757 2071,1754 2115,1751 2160,1751 2205,1751 2250,1751 2295,1748 2339,1745 2384,1745 2429,1742 2474,1742 2518,1739 2563,1739 2608,1739 2653,1736 2697,1733 2742,1730 2787,1727 2832,1727"/>
                <TextEquiv>
                    <Unicode>Veranlassung, im öffentlichen Interesse weder seiner Bibliographie</Unicode>
                </TextEquiv>
            </TextLine>
        </TextRegion>
        <TextRegion id="tr_1" custom="readingOrder {index:1;}">
            <Coords points="465,1785 2873,1785 2873,3531 465,3531"/>
            <TextLine id="tr_1_tl_1" custom="readingOrder {index:0;}">
                <Coords points="769,1940 2722,1917 2755,1788 772,1855"/>
                <Baseline points="787,1907 832,1907 877,1907 922,1904 966,1904 1011,1901 1056,1901 1101,1898 1146,1898 1190,1895 1235,1892 1280,1892 1325,1889 1369,1886 1414,1886 1459,1883 1504,1883 1548,1880 1593,1880 1638,1880 1683,1877 1727,1877 1772,1877 1817,1874 1862,1874 1907,1871 1951,1868 1996,1865 2041,1862 2086,1862 2130,1859 2175,1859 2220,1856 2265,1856 2309,1853 2354,1850 2399,1850 2444,1847 2489,1844 2533,1844 2578,1844 2623,1841 2668,1841 2712,1838 2757,1835"/>
                <TextEquiv>
                    <Unicode>eine einseitige Tendenz unterzulegen, noch dabei mit Willkür zu</Unicode>
                </TextEquiv>
            </TextLine>
            <TextLine id="tr_1_tl_2" custom="readingOrder {index:1;}">
                <Coords points="764,2045 805,2050 849,2032 870,2043 888,2027 929,2022 954,2048 1008,2037 1042,2053 1055,2043 1101,2048 1104,1955 1029,1947 988,1963 931,1942 821,1960 800,1947 767,1953"/>
                <Baseline points="781,2008 796,2008 841,2008 886,2005 931,2005 975,2002 1020,2002 1065,1999 1110,1999"/>
                <TextEquiv>
                    <Unicode>verfahren.</Unicode>
                </TextEquiv>
            </TextLine>
            <TextLine id="tr_1_tl_3" custom="readingOrder {index:2;}">
                <Coords points="864,2151 2735,2091 2863,2073 2868,1924 2722,1989 1981,1917 1374,1945 1080,2053 870,2025"/>
                <Baseline points="880,2109 904,2109 949,2107 993,2107 1038,2104 1083,2101 1128,2101 1172,2098 1217,2098 1262,2095 1307,2095 1351,2092 1396,2089 1441,2086 1486,2089 1531,2086 1575,2083 1620,2083 1665,2080 1710,2080 1754,2077 1799,2074 1844,2074 1889,2074 1933,2071 1978,2068 2023,2068 2068,2068 2112,2065 2157,2062 2202,2062 2247,2059 2292,2056 2336,2053 2381,2053 2426,2050 2471,2050 2515,2047 2560,2047 2605,2044 2650,2041 2694,2041 2739,2038 2784,2038 2829,2035 2873,2032"/>
                <TextEquiv>
                    <Unicode>Ich sende Ihnen die Korrespondenz mit Koehler zur Einsichtnahme,</Unicode>
                </TextEquiv>
            </TextLine>
            <TextLine id="tr_1_tl_4" custom="readingOrder {index:3;}">
                <Coords points="769,2259 2799,2202 2819,2089 1237,2166 774,2125"/>
                <Baseline points="787,2217 805,2217 850,2214 895,2214 940,2211 984,2208 1029,2205 1074,2205 1119,2205 1163,2202 1208,2199 1253,2199 1298,2196 1342,2196 1387,2196 1432,2190 1477,2190 1522,2187 1566,2187 1611,2184 1656,2184 1701,2184 1745,2181 1790,2178 1835,2178 1880,2175 1924,2175 1969,2172 2014,2169 2059,2169 2104,2169 2148,2166 2193,2163 2238,2163 2283,2160 2327,2157 2372,2154 2417,2154 2462,2151 2506,2151 2551,2148 2596,2148 2641,2145 2685,2145 2730,2145 2775,2142 2820,2142"/>
                <TextEquiv>
                    <Unicode>Ich habe nicht den Eindruck, dass es sich hier um eine böswillige</Unicode>
                </TextEquiv>
            </TextLine>
            <TextLine id="tr_1_tl_5" custom="readingOrder {index:4;}">
                <Coords points="769,2367 2637,2308 2758,2292 2760,2199 774,2256"/>
                <Baseline points="787,2318 796,2318 841,2315 886,2312 931,2309 975,2309 1020,2306 1065,2306 1110,2303 1154,2303 1199,2300 1244,2300 1289,2300 1334,2303 1378,2298 1423,2295 1468,2295 1513,2292 1557,2289 1602,2289 1647,2286 1692,2286 1736,2283 1781,2283 1826,2280 1871,2280 1915,2277 1960,2274 2005,2274 2050,2271 2095,2271 2139,2268 2184,2268 2229,2265 2274,2262 2318,2259 2363,2259 2408,2259 2453,2256 2497,2253 2542,2250 2587,2250 2632,2250 2677,2247 2721,2244 2766,2241"/>
                <TextEquiv>
                    <Unicode>Absicht handelt, ich bin vielmehr geneigt zu glauben, dass eine</Unicode>
                </TextEquiv>
            </TextLine>
            <TextLine id="tr_1_tl_6" custom="readingOrder {index:5;}">
                <Coords points="782,2423 2611,2418 2740,2398 2745,2297 785,2385"/>
                <Baseline points="796,2423 823,2420 868,2417 913,2414 957,2414 1002,2411 1047,2408 1092,2408 1137,2408 1181,2405 1226,2402 1271,2402 1316,2402 1360,2399 1405,2396 1450,2396 1495,2393 1539,2390 1584,2390 1629,2387 1674,2387 1719,2384 1763,2384 1808,2381 1853,2381 1898,2378 1942,2378 1987,2375 2032,2375 2077,2372 2121,2372 2166,2369 2211,2369 2256,2366 2300,2366 2345,2363 2390,2363 2435,2360 2480,2357 2524,2357 2569,2354 2614,2351 2659,2348 2703,2345 2748,2345"/>
                <TextEquiv>
                    <Unicode>subalterne Kraft etwas willkürlich in der Bibliographie gewirt-</Unicode>
                </TextEquiv>
            </TextLine>
            <TextLine id="tr_1_tl_7" custom="readingOrder {index:6;}">
                <Coords points="782,2554 2580,2539 2825,2485 2827,2390 787,2452"/>
                <Baseline points="799,2524 817,2521 862,2521 907,2518 952,2515 996,2515 1041,2512 1086,2512 1131,2509 1175,2509 1220,2509 1265,2503 1310,2503 1354,2503 1399,2500 1444,2500 1489,2497 1533,2497 1578,2494 1623,2491 1668,2491 1713,2491 1757,2489 1802,2486 1847,2486 1892,2483 1936,2480 1981,2480 2026,2477 2071,2474 2115,2474 2160,2471 2205,2471 2250,2471 2295,2471 2339,2471 2384,2468 2429,2465 2474,2465 2518,2462 2563,2459 2608,2459 2653,2459 2697,2453 2742,2453 2787,2447 2832,2447"/>
                <TextEquiv>
                    <Unicode>schaftet hat, und ich hoffe, dass der mit Recht gerügte Missstand</Unicode>
                </TextEquiv>
            </TextLine>
            <TextLine id="tr_1_tl_8" custom="readingOrder {index:7;}">
                <Coords points="779,2673 957,2681 1070,2634 1106,2663 1284,2621 1567,2652 1667,2621 1670,2536 1567,2518 1510,2554 1286,2570 785,2554"/>
                <Baseline points="796,2626 823,2623 868,2623 913,2620 957,2620 1002,2617 1047,2617 1092,2617 1137,2614 1181,2611 1226,2611 1271,2608 1316,2608 1360,2605 1405,2605 1450,2602 1495,2599 1539,2596 1584,2596 1629,2596 1674,2593"/>
                <TextEquiv>
                    <Unicode>sich nicht wiederholen wird.</Unicode>
                </TextEquiv>
            </TextLine>
            <TextLine id="tr_1_tl_9" custom="readingOrder {index:8;}">
                <Coords points="929,2765 2521,2722 2634,2709 2637,2627 934,2673"/>
                <Baseline points="946,2724 987,2721 1032,2721 1077,2718 1122,2718 1166,2718 1211,2715 1256,2715 1301,2709 1345,2709 1390,2706 1435,2703 1480,2703 1525,2703 1569,2700 1614,2700 1659,2697 1704,2697 1748,2694 1793,2694 1838,2691 1883,2688 1927,2688 1972,2685 2017,2682 2062,2680 2107,2680 2151,2677 2196,2674 2241,2674 2286,2674 2330,2671 2375,2671 2420,2668 2465,2665 2509,2662 2554,2662 2599,2659 2644,2656"/>
                <TextEquiv>
                    <Unicode>Die Anlagen bitte ich mir gelegentlich zurückzusenden.</Unicode>
                </TextEquiv>
            </TextLine>
            <TextLine id="tr_1_tl_10" custom="readingOrder {index:9;}">
                <Coords points="1407,2858 1685,2817 1996,2848 2238,2781 2413,2827 2760,2812 2850,2789 2853,2706 1412,2747"/>
                <Baseline points="1423,2805 1465,2805 1510,2805 1554,2805 1599,2802 1644,2799 1689,2799 1733,2799 1778,2796 1823,2793 1868,2793 1913,2790 1957,2790 2002,2787 2047,2784 2092,2781 2136,2778 2181,2775 2226,2775 2271,2772 2315,2772 2360,2772 2405,2769 2450,2766 2494,2766 2539,2763 2584,2763 2629,2763 2674,2760 2718,2760 2763,2757 2808,2757 2853,2754"/>
                <TextEquiv>
                    <Unicode>Mit herzlichen Weihnachtswünschen und Grüssen</Unicode>
                </TextEquiv>
            </TextLine>
            <TextLine id="tr_1_tl_11" custom="readingOrder {index:10;}">
                <Coords points="2308,2909 2320,2909 2323,2917 2333,2912 2359,2935 2377,2920 2395,2933 2423,2935 2431,2822 2403,2825 2395,2814 2385,2812 2367,2819 2349,2807 2326,2817 2313,2814"/>
                <Baseline points="2321,2879 2345,2876 2390,2871 2435,2871"/>
                <TextEquiv>
                    <Unicode>Ihr</Unicode>
                </TextEquiv>
            </TextLine>
            <TextLine id="tr_1_tl_12" custom="readingOrder {index:11;}">
                <Coords points="2272,3115 2346,3118 2390,3149 2410,3133 2446,3146 2513,3113 2609,3126 2683,3095 2750,3095 2750,2984 2729,2976 2686,3002 2596,3015 2567,2992 2513,2992 2462,2946 2408,2971 2341,2946 2274,2961"/>
                <Baseline points="2286,3100 2330,3103 2375,3106 2420,3106 2465,3106 2509,3103 2554,3103 2599,3103 2644,3103 2688,3100 2733,3100 2757,3100"/>
                <TextEquiv>
                    <Unicode>F.fischer</Unicode>
                </TextEquiv>
            </TextLine>
            <TextLine id="tr_1_tl_13" custom="readingOrder {index:12;}">
                <Coords points="450,3535 473,3540 489,3529 525,3558 543,3553 543,3378 525,3373 512,3385 494,3385 486,3391 478,3383 450,3385"/>
                <Baseline points="465,3521 510,3521 549,3521"/>
                <TextEquiv>
                    <Unicode>F. 208</Unicode>
                </TextEquiv>
            </TextLine>
        </TextRegion>
    </Page>
</PcGts>
