<?xml version="1.0" encoding="UTF-8" standalone="yes"?>
<PcGts xmlns="http://schema.primaresearch.org/PAGE/gts/pagecontent/2013-07-15" xmlns:xsi="http://www.w3.org/2001/XMLSchema-instance" xsi:schemaLocation="http://schema.primaresearch.org/PAGE/gts/pagecontent/2013-07-15 http://schema.primaresearch.org/PAGE/gts/pagecontent/2013-07-15/pagecontent.xsd">
    <Metadata>
        <Creator>prov=READ-COOP:name=TrHtr:version=2.1.0:model_id=51170:date=27_07_2023_22:31</Creator>
        <Created>2023-05-02T08:11:20.754+02:00</Created>
        <LastChange>2023-07-27T22:31:18.893+02:00</LastChange>
        <TranskribusMetadata docId="1416743" pageId="54954511" pageNr="394" tsid="131306053" status="IN_PROGRESS" userId="64420" imgUrl="https://files.transkribus.eu/Get?id=DIGRNBKVVGHVKMUZQWKMXWLA&amp;fileType=view" xmlUrl="https://files.transkribus.eu/Get?id=XFBRIHTQCSBAQVBVGXUPORIK" imageId="44458236"/>
    </Metadata>
    <Page imageFilename="1416743_0394.jpg" imageWidth="3088" imageHeight="3879">
        <ReadingOrder>
            <OrderedGroup id="ro_1711826409864" caption="Regions reading order">
                <RegionRefIndexed index="0" regionRef="tr_1"/>
                <RegionRefIndexed index="1" regionRef="tr_2"/>
            </OrderedGroup>
        </ReadingOrder>
        <TextRegion id="tr_1" custom="readingOrder {index:0;}">
            <Coords points="668,869 2891,869 2891,2283 668,2283"/>
            <TextLine id="tr_1_tl_1" custom="readingOrder {index:0;}">
                <Coords points="2204,950 2238,960 2270,952 2309,968 2364,937 2379,957 2429,942 2515,952 2520,871 2476,866 2418,890 2382,874 2322,879 2264,863 2249,877 2210,882"/>
                <Baseline points="2222,936 2252,933 2297,930 2342,927 2387,924 2431,924 2476,919 2521,919"/>
                <TextEquiv>
                    <Unicode>Juli 21</Unicode>
                </TextEquiv>
            </TextLine>
            <TextLine id="tr_1_tl_2" custom="readingOrder {index:1;}">
                <Coords points="939,1242 1093,1250 1130,1231 1190,1255 1286,1226 1364,1247 1490,1216 1586,1221 1591,1130 1516,1122 1487,1143 1364,1111 1333,1130 1255,1070 1109,1145 1012,1156 947,1124"/>
                <Baseline points="954,1238 969,1235 1014,1235 1059,1232 1104,1226 1148,1226 1193,1223 1238,1220 1283,1217 1327,1214 1372,1211 1417,1208 1462,1205 1506,1202 1551,1196 1596,1193"/>
                <TextEquiv>
                    <Unicode>Herrn M. Kantorowitz</Unicode>
                </TextEquiv>
            </TextLine>
            <TextLine id="tr_1_tl_3" custom="readingOrder {index:2;}">
                <Coords points="2118,1297 2137,1297 2150,1310 2168,1299 2189,1317 2204,1307 2217,1317 2246,1315 2257,1153 2241,1150 2217,1158 2207,1148 2191,1150 2165,1130 2160,1135 2131,1132"/>
                <Baseline points="2136,1262 2163,1262 2208,1256 2252,1256"/>
                <TextEquiv>
                    <Unicode>zür</Unicode>
                </TextEquiv>
            </TextLine>
            <TextLine id="tr_1_tl_4" custom="readingOrder {index:3;}">
                <Coords points="702,1591 877,1623 1049,1552 1075,1576 1158,1544 1184,1565 1294,1557 1302,1458 1158,1464 999,1409 843,1427 717,1390"/>
                <Baseline points="719,1554 722,1557 766,1551 811,1554 856,1551 901,1551 945,1545 990,1539 1035,1536 1080,1533 1124,1530 1169,1524 1214,1521 1259,1518 1303,1524"/>
                <TextEquiv>
                    <Unicode>Sehr geehrter Herr</Unicode>
                </TextEquiv>
            </TextLine>
            <TextLine id="tr_1_tl_5" custom="readingOrder {index:4;}">
                <Coords points="869,1743 2664,1581 2791,1628 2804,1453 2257,1568 1612,1599 1341,1529 877,1633"/>
                <Baseline points="886,1700 924,1697 969,1697 1014,1694 1059,1688 1104,1688 1148,1685 1193,1679 1238,1676 1283,1673 1327,1673 1372,1670 1417,1667 1462,1664 1506,1664 1551,1659 1596,1656 1641,1653 1685,1647 1730,1644 1775,1641 1820,1638 1864,1632 1909,1629 1954,1626 1999,1620 2043,1620 2088,1617 2133,1614 2178,1608 2222,1605 2267,1602 2312,1599 2357,1599 2401,1596 2446,1590 2491,1587 2536,1584 2581,1581 2625,1575 2670,1572 2715,1569 2760,1563 2804,1563"/>
                <TextEquiv>
                    <Unicode>ist uns nichts bekannt, dass die Firma Karczag den Vertrieb</Unicode>
                </TextEquiv>
            </TextLine>
            <TextLine id="tr_1_tl_6" custom="readingOrder {index:5;}">
                <Coords points="652,1831 2335,1750 2703,1696 2710,1604 1344,1730 663,1719"/>
                <Baseline points="668,1808 698,1811 742,1808 787,1805 832,1799 877,1799 922,1796 966,1793 1011,1790 1056,1787 1101,1784 1145,1781 1190,1775 1235,1775 1280,1769 1324,1766 1369,1763 1414,1760 1459,1760 1503,1754 1548,1751 1593,1748 1638,1745 1682,1742 1727,1736 1772,1736 1817,1730 1861,1727 1906,1724 1951,1721 1996,1718 2040,1715 2085,1712 2130,1709 2175,1703 2219,1700 2264,1697 2309,1694 2354,1691 2399,1691 2443,1688 2488,1682 2533,1676 2578,1673 2622,1670 2667,1664 2712,1662"/>
                <TextEquiv>
                    <Unicode>der Werke Arthur Schnitzlers für die Schweiz in Händen hat. Wir</Unicode>
                </TextEquiv>
            </TextLine>
            <TextLine id="tr_1_tl_7" custom="readingOrder {index:6;}">
                <Coords points="655,1944 1790,1904 2092,1821 2648,1907 2710,1897 2724,1724 2027,1717 1216,1857 663,1831"/>
                <Baseline points="671,1924 710,1915 754,1912 799,1909 844,1906 889,1903 933,1903 978,1897 1023,1894 1068,1891 1112,1888 1157,1885 1202,1885 1247,1879 1292,1876 1336,1873 1381,1870 1426,1867 1471,1864 1515,1861 1560,1858 1605,1855 1650,1852 1694,1849 1739,1847 1784,1841 1829,1838 1873,1835 1918,1832 1963,1829 2008,1823 2052,1820 2097,1817 2142,1814 2187,1811 2231,1808 2276,1805 2321,1799 2366,1796 2410,1793 2455,1790 2500,1787 2545,1781 2589,1778 2634,1775 2679,1772 2724,1769"/>
                <TextEquiv>
                    <Unicode>haben beim Autor angefragt und geben Ihnen darüber noch näheren</Unicode>
                </TextEquiv>
            </TextLine>
            <TextLine id="tr_1_tl_8" custom="readingOrder {index:7;}">
                <Coords points="790,2124 1341,2142 2189,2024 2851,2082 2890,1915 2058,1904 1495,2035 1130,1983 796,2048"/>
                <Baseline points="805,2118 832,2118 877,2115 922,2112 966,2109 1011,2103 1056,2100 1101,2097 1145,2097 1190,2094 1235,2088 1280,2085 1324,2082 1369,2079 1414,2076 1459,2073 1503,2070 1548,2067 1593,2064 1638,2061 1682,2058 1727,2052 1772,2052 1817,2049 1861,2043 1906,2040 1951,2034 1996,2031 2040,2029 2085,2026 2130,2023 2175,2020 2219,2014 2264,2011 2309,2011 2354,2008 2399,2008 2443,2002 2488,1999 2533,1996 2578,1993 2622,1987 2667,1981 2712,1981 2757,1978 2801,1975 2846,1969 2891,1969"/>
                <TextEquiv>
                    <Unicode>Keinesfälle wären aber bereits geschlossene Verträge auf die Firm</Unicode>
                </TextEquiv>
            </TextLine>
            <TextLine id="tr_1_tl_9" custom="readingOrder {index:8;}">
                <Coords points="707,2064 767,2077 785,2061 796,2074 877,2037 892,2037 910,2056 944,2040 973,2048 981,1925 890,1957 874,1944 835,1946 814,1962 798,1954 730,1970 715,1964"/>
                <Baseline points="725,2017 757,2014 802,2011 847,2008 892,2005 936,2002 981,1999"/>
                <TextEquiv>
                    <Unicode>escheid.</Unicode>
                </TextEquiv>
            </TextLine>
            <TextLine id="tr_1_tl_10" custom="readingOrder {index:9;}">
                <Coords points="723,2317 785,2322 863,2285 918,2298 1010,2259 1075,2280 1150,2238 1333,2319 1388,2317 1398,2134 1344,2147 1273,2113 1224,2131 1156,2097 1077,2131 997,2121 926,2163 874,2142 824,2165 733,2155"/>
                <Baseline points="745,2222 775,2222 820,2219 865,2216 910,2216 954,2214 999,2211 1044,2205 1089,2202 1133,2199 1178,2196 1223,2193 1268,2190 1312,2187 1357,2184 1402,2181"/>
                <TextEquiv>
                    <Unicode>sarozag zu übertragen.</Unicode>
                </TextEquiv>
            </TextLine>
            <TextLine id="tr_1_tl_11" custom="readingOrder {index:10;}">
                <Coords points="1555,2301 1662,2280 1750,2345 1805,2327 1829,2343 1886,2309 1925,2327 2019,2264 2079,2283 2084,2191 2043,2181 1990,2204 1920,2165 1842,2191 1696,2178 1594,2228 1560,2225"/>
                <Baseline points="1569,2273 1596,2273 1641,2270 1685,2267 1730,2267 1775,2264 1820,2264 1864,2261 1909,2258 1954,2255 1999,2246 2043,2240 2088,2240"/>
                <TextEquiv>
                    <Unicode>Hochachtungsvoll</Unicode>
                </TextEquiv>
            </TextLine>
        </TextRegion>
        <TextRegion id="tr_2" custom="readingOrder {index:1;}">
            <Coords points="349,3488 1187,3488 1187,3605 349,3605"/>
            <TextLine id="tr_2_tl_1" custom="readingOrder {index:0;}">
                <Coords points="519,3556 903,3579 942,3556 991,3582 1093,3540 1179,3569 1184,3391 1030,3428 950,3394 801,3451 631,3420 574,3470 519,3480"/>
                <Baseline points="534,3550 560,3550 605,3550 650,3553 695,3553 739,3550 784,3547 829,3544 874,3538 919,3541 963,3541 1008,3538 1053,3538 1098,3541 1142,3541 1187,3541"/>
                <TextEquiv>
                    <Unicode>bei ihm reklamiert.</Unicode>
                </TextEquiv>
            </TextLine>
            <TextLine id="tr_2_tl_2" custom="readingOrder {index:1;}">
                <Coords points="334,3655 352,3652 381,3678 394,3671 404,3678 415,3678 420,3545 407,3545 402,3537 399,3540 391,3532 381,3535 363,3524 337,3522"/>
                <Baseline points="349,3595 378,3592 423,3592"/>
                <TextEquiv>
                    <Unicode>1. 21.</Unicode>
                </TextEquiv>
            </TextLine>
        </TextRegion>
    </Page>
</PcGts>
