3175 3927
1297 209 1446 347 293
1994 288 2466 456 E R L
1438 317 1519 475 E
1101 328 1394 499 CH
667 426 2759 602 fei Deutschl. Bank, Depositenkame P in Berlin / Porta / Postenrechnung Berlin Nr. 1662 — — Pernsprech-Anschlösser Amt Lauow No. 1062 und 6182
2072 534 2618 632 Berlin W 57, Bülowstraße 90
2316 594 2702 727 17/10. 1917
914 651 1370 768 I am als xxx
1535 743 1733 857 G.C.H.F.P.
841 735 1210 865 Le mnner mai
1622 846 1709 930 G.C.F.P.
689 841 1562 1052 Herrn Dr. Arthur Schnitzler
1533 968 1706 1115 Wien
784 1196 1259 1329 Lieber Freund,
925 1269 2826 1462 darf ich Sie daran erinnern, dass Sie bei Ihrer Anfrage über
708 1429 2710 1571 Frahkfurt davon ausgingen, dass eine Garantie von 2000 Mark zu
719 1541 2778 1674 verlangen ist. Mit dieser gegebenen Marschrichtung war vorn vorn-
708 1603 2767 1804 herein das Neue Theater dem Schauspielhaus vorzuziehen, besonders
719 1744 2843 1891 da vor Eröffnung des Theaters, übrigens auch jetzt noch, mit Sicher-
719 1812 2805 2005 heit garnicht festzustellen war, an welcher der beiden Bühnen Ihre
716 1945 2756 2086 Komödie zu besserer Wirkung kommen könnte. Für das Neue Theater
724 2007 2875 2205 hat aber auch noch die Erwägung mitgesprochen, die Bemühungen dieser
724 2143 2908 2292 Bühne um Ihre Werke in Rechnung zu stellen, und Sie selbst haben sich
732 2241 2902 2398 später auch für das Neue Theater entschlossen. Im grossen Ganzen darf
735 2352 2862 2498 die Rücksicht auf diejenigen Bühnen, die bisher mit Interesse Ihrem
738 2441 2854 2626 Werk gegenüberstanden, doch nicht ausser Acht gelassen werden, denn
743 2544 2908 2712 eine bessere Sicherheit, Ihre künstlerischen und materiellen Interes-
746 2653 2205 2840 sen zu schützen, steht uns ja nicht zu Gebote.
838 2745 2881 2913 Herr Greiner bespricht alle Angelegenheiten mit mir, und ich darf
749 2843 2881 3033 sagen, dass er alle Massnahmen mit äusserster Vorsicht und Gewissen-
749 2976 1335 3141 haftigkeit trifft.
936 3011 2938 3214 Bei dieser Gelegenheit möchte ich auf die Frage des Vorabdrucks
762 3171 2938 3304 Ihrer Nevelle noch einmal zurückkommen. Der Krieg wird ja nicht ewig
762 3233 2905 3429 dauern, und wenn unsere Grenzen sich wieder öffnen, so wird die Neue
768 3326 2821 3521 Rundschau wieder in der Lage sein, Ihren Leserkreis zu erweitern,
