3041 3880
671 234 2038 471 licher / Verlag/Berlin W 57/Bülle.
968 400 2210 511 ###e: Amt Lützow Nr. 1662. 6162 und 9292 / Postscheckkonto: Berlin Nrl. 1665
1088 474 1841 614 THEATERABTEILUNG
1062 702 1250 851 G.H.F.P.
445 759 2609 1039 welchen Fall immer es sich gehandelt haben möge, Ihr provisions-
448 991 2484 1156 gieriger Agent, sondern stets der von persönlicher Verehrung
2024 1073 2116 1131 G.F.P.
448 1085 2418 1273 für Sie geleitete Verwalter und wenn notwendig Verteidiger
451 1182 2658 1382 Ihrer Interessen gewesen. Die Provisionsfrage hat bei mir keines-
463 1308 2561 1522 wegs die vordergründige Rolle gespielt, die Sie ihr einräumen.
468 1425 2424 1630 Ich glaubte, dass diese Frage sich jedesmal von selbst er
474 1596 2678 1779 ledigen müsste, sofern nur bei Ihnen das Vertrauen vorhanden sei,
480 1682 2778 1916 dass der Verlag Ihnen etwas Ernsthaftes leisten könnte. Bedauerlich,
488 1799 2766 2053 dass dieses Vertrauen sich nicht eingestellt hat, Herr Alsir Hella
485 1933 2561 2164 konnte freilich nicht ahnen, dass er, würde er zufällig wegen
500 2090 2627 2310 eines Buches von Hauptmann, Kellermann, Thomas Mann, Hesse oder
494 2221 2709 2412 wer sonst es sein mag, angefragt haben, bei uns an der richtigen
505 2310 2678 2564 Stelle war, bei einem Werke von Schnitzler aber nicht. Dies wird
511 2498 2681 2672 ja freilich vielen Menschen so ergehen. Im übrigen verzichte ich
525 2612 2664 2795 sehr gern nicht nur auf alle Kontrollmassnahmen, die sich viel
525 2769 2621 2921 leicht aus dieser Sache ergeben könnten, sondern auch auf alle
528 2901 2721 3101 Provisionen daraus, die Sie mir in so verlockender Weise als eine
1924 3021 2669 3118 nicht zu stellen die Güte
508 3032 939 3121 Votre très-dame
534 3066 1673 3229 freundliche Zukunftsmöglichkeit in
2238 3149 2524 3309 anbetrifft
542 3169 1547 3375 haben. Was die übrigen laufenden
545 3343 1022 3503 möchte ich der
