2926 3912
1189 344 1786 558 D'Millea Dehme
299 341 939 588 se réservement des
1216 515 1822 622 vrai arais 't 't :t :n j :n r :a
643 524 1143 667 V.V.A.K.P.S.
957 573 1643 707 OMUJISTAATASI
262 579 2468 838 dass die gleiche Summe von zwei Seiten eingefordert wird und das
274 771 2514 917 durch Ihre intervention verlangt wird, dass ein Teilbetrag der für
277 875 2560 1006 uns dort lagernden Gesamtsumme herausgelöst und auf ein Sonderkonto,
286 954 2612 1109 nämlich das Ihrige eingezahlt werden soll. Ich werde diese Angelegen-
2270 1051 2380 1109 Teil
280 1109 2554 1240 heit schleunigst mit unserem Anwalt beraten um einen Weg zu finden,
1749 1164 1926 1222 renait
1475 1170 1710 1243 G.C.F.Hd.O.
280 1210 2539 1350 der eine möglichst reibungslose Erledigung er-
280 1323 2529 1435 möglichs. Ausserdem will ich sehen, ob ich nicht die Unterstützung
296 1417 2551 1548 der hiesigen amerikanischen Botschaft finden kann, was nicht ausge-
201 1533 2563 1649 schlossen ist. Auf alle Fälle wäre ich Ihnen sehr dankbar, wenn ich
293 1627 2563 1774 sogleich eine Abschrift des von Ihnen an den Alhien property Custo-
229 1737 2569 1902 dian gerichteten Schreibens zu meiner Orientierung erhalten könnte.
268 1859 2651 1978 ###n Bartsch sind wir in keinem Sinne mehr gebunden. Unser
1112 1947 1295 2014 G.C.H.P.
253 1960 2700 2118 Vertrag mit ihm ist seit Jahr und Tag aufgelöst, wenigstens von unserer
299 2060 2508 2200 Seite. Es hiese aber wohl die Gewissenhaftigkeit zu weit treiben,
305 2152 2517 2298 wenn wir den Umstand, dass Bartsch jene Auflösung nicht bestätigt
2118 2240 2380 2310 Bartsch
296 2228 2554 2411 hat, für eine Bindung halten wollten. Uebrigens habe ich schon vor
311 2362 2673 2536 Monaten wegen der Gelder bei dem Alhien property Custodian mitgeteilt,
320 2468 2639 2627 dass wir, da er auf mehrere Briefe in dieser Angelegenheit nicht ge-
323 2578 2563 2746 antwortet hat, auf seine intervention verzichten. Da aber immerhin
317 2685 2606 2834 die Möglichkeit, bestand, dass die Washingtoner Behörde ihm das Geld
271 2798 2575 2980 als dem Einlieferer ohne unser Einverständnis und durchaus spontan
326 2950 2667 3060 ausbezahlte, so habe ich ihm gleichzeitig erklärt, dass, falls dieser
335 3002 2636 3157 Fall einträte, er das Geld auf das Konto des Fischerverlages in New
329 3121 2630 3267 York einzuzahlen habe (die Ueberführung Ihres Inteiles an Ladenburg
2203 3215 2423 3282 wäre auch
299 3212 2630 3374 wäre ja dann, nur eine Kleinigkeit), um aber nach Tunlichkeit zu ver-
338 3352 2600 3474 meiden, das Bartsch überhaupt etwas von dem Gelde zu sehen bekommt,
341 3428 2667 3569 habe ich damals unser Besitzrecht bereits ausdrücklich bei dem Alxien
344 3535 1365 3718 Property Custodian angemeldet.
