3146 4023
1258 239 1392 341 A
1424 251 1646 452 47
531 365 2615 610 D. Fischer/Verlag/Berlin M 57/Bülowstrasse 90.
1982 528 2408 657 onto: Berlin Nr. 1669.
747 546 1856 665 ankkonto: Deutsche Bank. Depositenkasse P in Berlin / Post
1357 604 2145 736 Amt Lützow Nr. 1662, 6162 und 9292
2166 695 2595 896 23. Nov. 20
508 765 700 896 F/Si.
957 925 1880 1068 Herrn Dr. Arthur Schnitzler
2209 1095 2417 1229 Wien
636 1226 1115 1366 Lieber Freund,
794 1351 2723 1474 gewiss würden wir mit der Teilung des Reingewinns in einen
584 1427 2849 1582 Urzustand zurückkehren. Dieser Modus führt zu unliebsamen Differenzen
587 1515 2831 1681 und zur Verärgerung und ich habe auch nur deshalb angeregt, weil ich
925 1634 1238 1693 Votre très obéissant serviteur, mais
578 1649 2855 1786 Ihnen ein Gefühl der Beruhigung durch Einsicht in die Gewinnresultate
581 1772 2817 1877 bei den Büchern, die seit Einführung des Teuerungszuschlages neu ge-
581 1845 2922 1988 druckt werden, geben wollte. Dass Sie günstiger dabei egkommen, scheint
581 1950 2855 2075 mir sehr unwahrscheinlich. Das Resultat einer Kalkulation ergibt sich
581 2055 2817 2148 übrigens bei manchen Büchern erst nach Jahren, wenn die Auflage ver-
572 2137 919 2300 kauft ist.
736 2242 2820 2379 Anders verhält sich die Sache bei der Luxusausgabe; das ist ein
581 2361 2723 2493 Gelegenheitsgeschäft, an dem man etwas verdienen will. Der Gewinn
584 2455 2747 2560 lässt sich aber nicht vorher berechnen, es hängt ganz davon ab, ob
572 2554 2846 2659 sich die Liebhaber für die teuren Bücher finden. In 1 — 2 Jahren muss
584 2650 2814 2799 die Auflage verkauft sein, die etwa übriggebliebenen Exemplare haben
578 2782 2793 2898 dann nur geringen Wert. Hier kann' ich Ihnen also von vornherein ein
581 2869 2723 3000 Honorar nicht anbieten, das Sie bei einem günstigen Abschluss des
584 2965 2712 3088 Geschäfts befriedigen könnte. Ich mache diese Luxusausgabe bisher
572 3071 2779 3231 überhaupt nur auf Halbgewinn. Die Hälfte des Reingewinns des Autors
578 3184 2691 3295 hat, bei so hohen Verkaufspreisen in den meisten Fällen zwischen
566 3269 2805 3403 6 - 10 000 Mark geschwankt. Andere Verleger zahlen für Luxusausgaben
590 3389 1462 3520 ein ganz minimales Honorar.
