3141 4216
942 423 1566 562 Abschrift
1578 575 2344 766 York den 2. Januar 1920
468 803 1538 1024 Herren S. Fischer, Verlag, Berlin
2359 876 2468 964 G.H.F.P.
1876 860 2195 1009 G.C.H.F.P.
1164 979 1408 1046 G.C.F.P.
1104 936 2602 1104 Meine Vertreterin Miss Grace Isabel Colbrom ist
277 1043 2608 1186 soeben hierher zurückgekehrt und ich beeile mich, ihren an Sie gerichteten
271 1137 1477 1271 Brief vom 27. November zu beantworten.
1088 1100 2599 1259 Das Missverständnis beträfft „Die grossa Szene“
274 1195 2554 1341 scheint dadurch entstanden zu sein, dass Sie in Ihrem letzten Briefe vom
283 1225 2605 1389 16. September v. J. an Miss Colbron schrieben „Sie vermissten dieses Stück
286 1280 2727 1447 in der ihnen von mir durch Miss C. übermittelten Abrechnung. Da ich Ihnen in m
277 1350 2599 1496 meinem die Abrechnung begleitenden Briefe vom 20. August geschrieben habe,
2207 1392 2620 1468 er Worte“ die
289 1423 2104 1541 dass das Greenwich Village Theater aus dem Cyklus u Komödi
2009 1435 2681 1526 ist - aufgerührt habe,
286 1468 1994 1599 beiden Einakter „Die grosse Szene * und „ Das Baccus"
289 1505 2493 1648 so nahm ich an, dass Sie in Ihrem Briefe vom 16. September den dritten
286 1541 2575 1715 nicht aufgeführten Einakter meinten und habe Ihnen in dieser Annahme am
292 1593 2608 1757 20. Oktober geschrieben, ohne dass mir im Augenblick die Verwachslung des
1110 1690 2624 1815 Ich widerhole also, wie Ihnen schon am 20.8.v.J.
289 1727 1058 1845 Titels aufgefallen wäre.
1748 1742 2654 1845 Worte " die beiden Einakter
295 1778 1727 1927 mitgeteilt, dass aus dem Cyolus - Komödie der
1721 1806 2636 1921 m hiessigen Greenwich Village
1079 1851 1620 1967 Das Baccusfest
964 1873 1055 1933 und
398 1879 845 1979 ie grosse Szen
1113 1882 2700 2025 Der Inhalt meines Briefes vom 20. à. v. J. scheint
1094 1915 1225 1988 nen.
304 1909 1052 2043 Theater zur Aufführung.
298 1961 2572 2119 Ihnen im Uebrigen entfallen zu sein, da Sie jetzt anfragen, wofür die für
371 2019 2523 2161 Komödie der Worte "verrechneten 300 Dollar bestimmt seien. In jenem
307 2049 2608 2213 Briefe habe ich Ihnen geschrieben, dass ich von dem genannten Theater für
316 2116 2608 2268 den Cychus einen Tantiemenvorschuss von 300. Dollar als „advance royalty
316 2164 2648 2320 bezeichnet. Die Aufführungstantieme beträgt, wie Ihnen ebenfalls in meinem
310 2240 2320 2377 Briefe vom 20. 8. mitgeteilt, 50 Doller pro Woche und pro Stück.
1164 2271 2444 2383 Wir haben nfä eine genaue Abrechnung vom
322 2332 2368 2478 Gr. V. Theater bekommen können, haben aber festgestellt, dass das
784 2365 2660 2508 ca. 7 Wochen und „ Die grosse Szene “ ua. 5 Wochea hindurch
328 2429 2593 2581 gespielt wurde. Das ergibt eine Gesamtzahl von 12 Wochen, für welche die
377 2453 763 2523 Baccusfest
319 2487 2526 2660 Tantieme 600 Dollar beirägt, sodass jetzt noch 300 pollar fällig sind.
1176 2526 2684 2639 sie sagen, dass ich die Aufführung in engliecher
331 2587 2529 2736 sprache ohne vorherige Anfrage bei Ihnen nicht hätte gestatten dürfen.
334 2627 2605 2782 Hierzu möchte ich bemerken, dass mein Vertrag mit dem Gr. V. Theater vom
347 2684 2590 2830 31. Mai 1917 dadiert, also zu einer Zeit geschlossen wurde, als die Ver
344 2721 2602 2891 einigten Staaten sich mit Deutschland im Kriegszustande befanden. Es war
340 2788 2575 2949 also nicht nur unmöglich mit Ihnen zu korrespondieren, sondern zu jener
340 2836 2551 3010 Zeit war auch deutsches Eigentum hier vogelfrei und niemand hätte das
350 2876 2605 3058 Gr. V. Village Theater nundern können, diese Stücke ohne meine Erlaubnis
672 2946 2593 3086 rung zu bringen. Was ich sonach getan habe, habe ich in Ihrem
347 3000 2535 3149 und im Interesse des Autors getan. Tatsächt ich hat ein Buchverlag im
565 3028 681 3067 Röyin.
347 3031 684 3104 zur Aufrun
1031 3016 2651 3165 tion zu Nutze gemacht und eine englische-Buchausgeba
1307 3107 2557 3204 nakter „ Komödie der Worte“ und ferner
350 3122 979 3207 Westen sich die Sitz
413 3140 2584 3311 literatur" und einen Einakter. His Helpmate xxx enthält, welch letzte
602 3162 1146 3250 -licht. die die
350 3186 599 3271 veröffe:
1584 3204 2532 3286 identisch ist. Ich bin seine
356 3250 1538 3365 stück anscheinent mit „ Die Gefährtin
359 3259 2481 3411 sowohl beim Verlag wie bei dem Uebersetzer vorstellig geworden. Der
362 3308 2484 3463 berief sich auf einen persönlichen Brief, den er von Herr Dr. Schnil
2569 3304 2684 3411 Om to
374 3365 2456 3508 gehalten habe,, den er jedoch merkwürdiger Weise damals nicht finden
2532 3387 2690 3511 ligten.
362 3417 2438 3566 Da infolge des Kriegszustandes deutsches Eigentum damals in den Ve
371 3493 2420 3681 Staaten keinen Schutz genass, so konnte ich nichts weiter unterne
