<?xml version="1.0" encoding="UTF-8" standalone="yes"?>
<PcGts xmlns="http://schema.primaresearch.org/PAGE/gts/pagecontent/2013-07-15" xmlns:xsi="http://www.w3.org/2001/XMLSchema-instance" xsi:schemaLocation="http://schema.primaresearch.org/PAGE/gts/pagecontent/2013-07-15 http://schema.primaresearch.org/PAGE/gts/pagecontent/2013-07-15/pagecontent.xsd">
    <Metadata>
        <Creator>prov=READ-COOP:name=TrHtr:version=2.1.0:model_id=51170:date=27_07_2023_22:31</Creator>
        <Created>2023-05-02T08:11:15.953+02:00</Created>
        <LastChange>2023-07-27T22:31:00.422+02:00</LastChange>
        <TranskribusMetadata docId="1416743" pageId="54954393" pageNr="358" tsid="131306014" status="IN_PROGRESS" userId="64420" imgUrl="https://files.transkribus.eu/Get?id=DTOJKDYBKEKPHMMRZBTNORHK&amp;fileType=view" xmlUrl="https://files.transkribus.eu/Get?id=SYQWVORWVGSPDJIGCSQHNWGG" imageId="44458118"/>
    </Metadata>
    <Page imageFilename="1416743_0358.jpg" imageWidth="2800" imageHeight="3800">
        <ReadingOrder>
            <OrderedGroup id="ro_1711826381867" caption="Regions reading order">
                <RegionRefIndexed index="0" regionRef="tr_2"/>
                <RegionRefIndexed index="1" regionRef="tr_1"/>
            </OrderedGroup>
        </ReadingOrder>
        <TextRegion id="tr_2" custom="readingOrder {index:0;}">
            <Coords points="289,418 2659,418 2659,1810 289,1810"/>
            <TextLine id="tr_2_tl_1" custom="readingOrder {index:0;}">
                <Coords points="906,515 926,521 947,506 974,509 1071,559 1085,550 1109,559 1144,553 1150,385 1118,400 1074,374 1044,376 991,324 944,344 912,335"/>
                <Baseline points="925,477 931,474 976,474 1020,471 1065,471 1110,468 1155,468"/>
                <TextEquiv>
                    <Unicode>Abschrit</Unicode>
                </TextEquiv>
            </TextLine>
            <TextLine id="tr_2_tl_2" custom="readingOrder {index:1;}">
                <Coords points="312,694 532,665 706,721 906,674 971,726 1132,732 1135,556 1091,547 888,615 497,559 368,609 315,594"/>
                <Baseline points="328,647 337,647 382,644 426,644 471,644 516,644 561,644 605,644 650,644 695,641 740,641 785,638 829,641 874,638 919,641 964,638 1008,638 1053,638 1098,638 1143,635"/>
                <TextEquiv>
                    <Unicode>Herrn S. Fischer, Verlag</Unicode>
                </TextEquiv>
            </TextLine>
            <TextLine id="tr_2_tl_3" custom="readingOrder {index:2;}">
                <Coords points="1541,762 1585,765 1594,759 1600,765 1609,759 1627,774 1644,771 1665,788 1674,788 1688,771 1709,774 1709,682 1671,685 1656,671 1647,676 1612,662 1606,668 1585,665 1562,644 1541,644"/>
                <Baseline points="1558,728 1602,731 1647,731 1692,731 1716,731"/>
                <TextEquiv>
                    <Unicode>Berlin</Unicode>
                </TextEquiv>
            </TextLine>
            <TextLine id="tr_2_tl_4" custom="readingOrder {index:3;}">
                <Coords points="274,982 403,979 441,1006 544,932 638,971 803,935 962,962 965,779 868,762 738,835 526,832 474,868 276,824"/>
                <Baseline points="289,922 298,925 343,922 388,922 432,922 477,919 522,919 567,919 611,916 656,916 701,913 746,913 791,913 835,913 880,913 925,913 970,916"/>
                <TextEquiv>
                    <Unicode>Sehr geehrte Herren,</Unicode>
                </TextEquiv>
            </TextLine>
            <TextLine id="tr_2_tl_5" custom="readingOrder {index:4;}">
                <Coords points="512,1035 2600,1035 2603,929 2038,885 1859,965 515,974"/>
                <Baseline points="528,1026 552,1026 597,1026 641,1023 686,1023 731,1023 776,1023 820,1020 865,1020 910,1020 955,1017 1000,1020 1044,1020 1089,1017 1134,1014 1179,1014 1223,1011 1268,1011 1313,1011 1358,1008 1402,1008 1447,1008 1492,1005 1537,1008 1582,1005 1626,1002 1671,1002 1716,1002 1761,1002 1805,1002 1850,1002 1895,1000 1940,1000 1985,997 2029,997 2074,997 2119,994 2164,994 2208,994 2253,994 2298,994 2343,994 2388,994 2432,994 2477,991 2522,988 2567,982 2611,979"/>
                <TextEquiv>
                    <Unicode>ich habe Ihren Brief mit Ihrer Andeutungen für die zwei gangba¬</Unicode>
                </TextEquiv>
            </TextLine>
            <TextLine id="tr_2_tl_6" custom="readingOrder {index:5;}">
                <Coords points="309,1179 2447,1150 2529,1129 2532,1018 888,1094 312,1038"/>
                <Baseline points="328,1137 343,1140 388,1140 432,1140 477,1137 522,1137 567,1137 611,1137 656,1137 701,1134 746,1134 791,1131 835,1131 880,1131 925,1128 970,1128 1014,1128 1059,1125 1104,1125 1149,1125 1194,1122 1238,1122 1283,1122 1328,1119 1373,1119 1417,1116 1462,1116 1507,1116 1552,1116 1597,1116 1641,1113 1686,1113 1731,1113 1776,1110 1820,1110 1865,1110 1910,1110 1955,1107 2000,1107 2044,1104 2089,1104 2134,1104 2179,1101 2223,1101 2268,1101 2313,1101 2358,1098 2402,1098 2447,1095 2492,1092 2537,1083"/>
                <TextEquiv>
                    <Unicode>ren Behandlungen des Schnitzlerschen Vorschlages erhalten. Ich bin</Unicode>
                </TextEquiv>
            </TextLine>
            <TextLine id="tr_2_tl_7" custom="readingOrder {index:6;}">
                <Coords points="288,1285 2600,1241 2618,1150 291,1209"/>
                <Baseline points="304,1250 343,1250 388,1250 432,1247 477,1247 522,1247 567,1250 611,1247 656,1244 701,1247 746,1244 791,1241 835,1241 880,1238 925,1238 970,1238 1014,1235 1059,1235 1104,1235 1149,1232 1194,1232 1238,1229 1283,1229 1328,1229 1373,1226 1417,1226 1462,1226 1507,1223 1552,1223 1597,1223 1641,1223 1686,1223 1731,1220 1776,1220 1820,1220 1865,1217 1910,1217 1955,1217 2000,1214 2044,1214 2089,1211 2134,1211 2179,1208 2223,1208 2268,1208 2313,1208 2358,1208 2402,1208 2447,1205 2492,1205 2537,1202 2582,1197 2626,1188"/>
                <TextEquiv>
                    <Unicode>überzeugt, dass ich etwas erreichen werde, da ich einen Verleger dafür</Unicode>
                </TextEquiv>
            </TextLine>
            <TextLine id="tr_2_tl_8" custom="readingOrder {index:7;}">
                <Coords points="318,1379 2262,1377 2591,1321 2594,1232 321,1288"/>
                <Baseline points="334,1361 361,1361 405,1361 450,1358 495,1358 540,1355 585,1355 629,1355 674,1355 719,1352 764,1352 808,1352 853,1349 898,1346 943,1346 988,1346 1032,1346 1077,1346 1122,1343 1167,1343 1211,1343 1256,1343 1301,1340 1346,1340 1391,1337 1435,1337 1480,1337 1525,1334 1570,1334 1614,1331 1659,1331 1704,1331 1749,1331 1794,1331 1838,1328 1883,1328 1928,1328 1973,1325 2017,1325 2062,1322 2107,1322 2152,1322 2197,1319 2241,1319 2286,1319 2331,1316 2376,1316 2420,1313 2465,1310 2510,1310 2555,1307 2600,1298"/>
                <TextEquiv>
                    <Unicode>interessiert habe, eine Gesamtausgabe von Schnitzlers Werk zu väran-</Unicode>
                </TextEquiv>
            </TextLine>
            <TextLine id="tr_2_tl_9" custom="readingOrder {index:8;}">
                <Coords points="288,1497 2585,1450 2615,1344 291,1368"/>
                <Baseline points="304,1465 334,1468 379,1471 423,1471 468,1468 513,1468 558,1465 602,1465 647,1462 692,1462 737,1462 782,1459 826,1459 871,1459 916,1456 961,1456 1005,1456 1050,1453 1095,1453 1140,1453 1185,1453 1229,1453 1274,1450 1319,1450 1364,1450 1408,1447 1453,1447 1498,1447 1543,1444 1588,1441 1632,1438 1677,1438 1722,1438 1767,1438 1811,1438 1856,1435 1901,1435 1946,1435 1991,1432 2035,1432 2080,1429 2125,1432 2170,1429 2214,1429 2259,1426 2304,1426 2349,1423 2394,1423 2438,1423 2483,1423 2528,1417 2573,1414 2617,1408"/>
                <TextEquiv>
                    <Unicode>stalten und wiederum einen Verleger interessiert habe dafür, verschie-</Unicode>
                </TextEquiv>
            </TextLine>
            <TextLine id="tr_2_tl_10" custom="readingOrder {index:9;}">
                <Coords points="288,1609 2338,1541 2544,1603 2547,1441 288,1497"/>
                <Baseline points="304,1576 313,1576 358,1579 402,1579 447,1576 492,1579 537,1576 582,1576 626,1576 671,1573 716,1573 761,1570 805,1570 850,1570 895,1567 940,1567 985,1567 1029,1567 1074,1564 1119,1564 1164,1564 1208,1561 1253,1561 1298,1558 1343,1558 1388,1555 1432,1555 1477,1555 1522,1552 1567,1555 1611,1552 1656,1552 1701,1549 1746,1546 1791,1546 1835,1546 1880,1546 1925,1543 1970,1543 2014,1543 2059,1543 2104,1543 2149,1543 2194,1540 2238,1540 2283,1540 2328,1537 2373,1534 2417,1531 2462,1528 2507,1528 2552,1525"/>
                <TextEquiv>
                    <Unicode>dene Schnitzlersche Bücher aufzunehmen mit der Berechtigung auf die</Unicode>
                </TextEquiv>
            </TextLine>
            <TextLine id="tr_2_tl_11" custom="readingOrder {index:10;}">
                <Coords points="291,1715 1338,1674 1679,1759 2315,1750 2653,1650 2338,1541 294,1606"/>
                <Baseline points="307,1686 331,1689 376,1689 420,1689 465,1689 510,1689 555,1689 600,1686 644,1683 689,1683 734,1680 779,1680 823,1680 868,1677 913,1677 958,1677 1002,1674 1047,1674 1092,1674 1137,1671 1182,1671 1226,1668 1271,1668 1316,1668 1361,1668 1405,1668 1450,1665 1495,1665 1540,1662 1585,1662 1629,1662 1674,1662 1719,1659 1764,1656 1808,1656 1853,1653 1898,1653 1943,1650 1988,1650 2032,1650 2077,1650 2122,1647 2167,1647 2211,1647 2256,1647 2301,1644 2346,1644 2391,1641 2435,1641 2480,1641 2525,1638 2570,1635 2614,1632 2659,1629"/>
                <TextEquiv>
                    <Unicode>neuen. Ich werde Ihnen nächste Woche bestimmter schreiben, was der ame-</Unicode>
                </TextEquiv>
            </TextLine>
            <TextLine id="tr_2_tl_12" custom="readingOrder {index:11;}">
                <Coords points="297,1803 1050,1788 1253,1853 1565,1832 1568,1668 1200,1682 1003,1750 300,1753"/>
                <Baseline points="313,1797 322,1797 367,1800 411,1797 456,1797 501,1797 546,1797 591,1794 635,1794 680,1791 725,1791 770,1791 814,1791 859,1788 904,1788 949,1785 994,1785 1038,1785 1083,1782 1128,1782 1173,1782 1217,1779 1262,1779 1307,1779 1352,1776 1397,1776 1441,1776 1486,1776 1531,1770 1576,1770"/>
                <TextEquiv>
                    <Unicode>rikanische Verleger selbst vorschlägt.</Unicode>
                </TextEquiv>
            </TextLine>
        </TextRegion>
        <TextRegion id="tr_1" custom="readingOrder {index:1;}">
            <Coords points="322,1794 2695,1794 2695,2863 322,2863"/>
            <TextLine id="tr_1_tl_1" custom="readingOrder {index:0;}">
                <Coords points="532,1915 1641,1953 2341,1862 2668,1959 2691,1779 2059,1735 1235,1859 535,1856"/>
                <Baseline points="549,1904 591,1904 635,1901 680,1901 725,1901 770,1901 814,1898 859,1898 904,1895 949,1895 994,1895 1038,1892 1083,1892 1128,1892 1173,1892 1217,1889 1262,1889 1307,1889 1352,1889 1397,1886 1441,1883 1486,1883 1531,1883 1576,1877 1620,1877 1665,1877 1710,1877 1755,1877 1800,1874 1844,1874 1889,1874 1934,1871 1979,1871 2023,1868 2068,1868 2113,1865 2158,1865 2202,1865 2247,1862 2292,1862 2337,1859 2382,1859 2426,1856 2471,1856 2516,1856 2561,1853 2605,1850 2650,1847 2695,1844"/>
                <TextEquiv>
                    <Unicode>Inzwischen hoffe ich, dass sie Herrn Schnitzler nicht dahin been-</Unicode>
                </TextEquiv>
            </TextLine>
            <TextLine id="tr_1_tl_2" custom="readingOrder {index:1;}">
                <Coords points="326,2082 2506,2032 2462,1906 329,1968"/>
                <Baseline points="346,2014 364,2011 408,2014 453,2014 498,2014 543,2011 588,2011 632,2011 677,2008 722,2008 767,2005 811,2005 856,2005 901,2005 946,2002 991,2002 1035,2000 1080,2000 1125,2000 1170,2000 1214,2000 1259,1997 1304,1997 1349,1997 1394,1994 1438,1991 1483,1991 1528,1991 1573,1988 1617,1988 1662,1988 1707,1985 1752,1985 1797,1982 1841,1982 1886,1979 1931,1979 1976,1979 2020,1979 2065,1976 2110,1976 2155,1976 2200,1973 2244,1973 2289,1973 2334,1970 2379,1964 2423,1964 2468,1961 2513,1955"/>
                <TextEquiv>
                    <Unicode>flussen werden, dass er mit anderen in Verkehr tritt, da ich eine</Unicode>
                </TextEquiv>
            </TextLine>
            <TextLine id="tr_1_tl_3" custom="readingOrder {index:2;}">
                <Coords points="303,2174 2265,2174 2527,2121 2529,2029 306,2088"/>
                <Baseline points="322,2119 343,2122 388,2122 432,2122 477,2122 522,2119 567,2119 611,2119 656,2116 701,2116 746,2113 791,2113 835,2113 880,2110 925,2110 970,2110 1014,2110 1059,2107 1104,2110 1149,2110 1194,2107 1238,2107 1283,2104 1328,2104 1373,2101 1417,2098 1462,2098 1507,2098 1552,2098 1597,2095 1641,2095 1686,2095 1731,2092 1776,2092 1820,2089 1865,2089 1910,2086 1955,2086 2000,2083 2044,2083 2089,2080 2134,2080 2179,2080 2223,2080 2268,2077 2313,2077 2358,2074 2402,2068 2447,2068 2492,2068 2537,2062"/>
                <TextEquiv>
                    <Unicode>erkleckliche Zeit für die Sache verwendet und ungern meine Zeit ver-</Unicode>
                </TextEquiv>
            </TextLine>
            <TextLine id="tr_1_tl_4" custom="readingOrder {index:3;}">
                <Coords points="312,2271 624,2285 668,2256 768,2291 832,2271 976,2291 1015,2279 1018,2174 915,2182 847,2156 797,2191 647,2162 579,2194 544,2165 362,2191 315,2174"/>
                <Baseline points="328,2235 349,2232 394,2232 438,2229 483,2229 528,2226 573,2226 617,2223 662,2223 707,2223 752,2220 797,2220 841,2220 886,2217 931,2217 976,2217 1020,2217"/>
                <TextEquiv>
                    <Unicode>geblich opfern würde.</Unicode>
                </TextEquiv>
            </TextLine>
            <TextLine id="tr_1_tl_5" custom="readingOrder {index:4;}">
                <Coords points="535,2382 2606,2350 2609,2221 538,2271"/>
                <Baseline points="552,2334 597,2331 641,2331 686,2331 731,2331 776,2331 820,2331 865,2328 910,2328 955,2325 1000,2328 1044,2325 1089,2325 1134,2322 1179,2322 1223,2322 1268,2322 1313,2319 1358,2319 1402,2316 1447,2316 1492,2313 1537,2313 1582,2313 1626,2310 1671,2310 1716,2310 1761,2307 1805,2304 1850,2304 1895,2301 1940,2301 1985,2298 2029,2298 2074,2295 2119,2292 2164,2292 2208,2292 2253,2292 2298,2292 2343,2289 2388,2289 2432,2286 2477,2289 2522,2286 2567,2283 2614,2282"/>
                <TextEquiv>
                    <Unicode>Der Verleger, der am meisten an Schnitzler Interesse hat, beab</Unicode>
                </TextEquiv>
            </TextLine>
            <TextLine id="tr_1_tl_6" custom="readingOrder {index:5;}">
                <Coords points="344,2477 1965,2485 2565,2427 2568,2327 347,2403"/>
                <Baseline points="361,2444 379,2444 423,2444 468,2444 513,2444 558,2441 602,2441 647,2441 692,2438 737,2435 782,2435 826,2435 871,2435 916,2435 961,2435 1005,2432 1050,2432 1095,2432 1140,2429 1185,2429 1229,2432 1274,2426 1319,2426 1364,2423 1408,2423 1453,2420 1498,2417 1543,2417 1588,2414 1632,2411 1677,2411 1722,2411 1767,2411 1811,2411 1856,2411 1901,2408 1946,2408 1991,2405 2035,2405 2080,2402 2125,2402 2170,2402 2214,2400 2259,2397 2304,2397 2349,2397 2394,2394 2438,2394 2483,2391 2528,2388 2573,2388"/>
                <TextEquiv>
                    <Unicode>sichtigt Deutschland im Laufe des Sommers aufzusuchen und wird dann</Unicode>
                </TextEquiv>
            </TextLine>
            <TextLine id="tr_1_tl_7" custom="readingOrder {index:6;}">
                <Coords points="1209,2494 1259,2488 1265,2497 1288,2485 1303,2497 1321,2485 1388,2494 1415,2479 1444,2494 1497,2471 1541,2488 1547,2427 1471,2444 1447,2429 1418,2438 1409,2429 1391,2447 1294,2432 1238,2459 1212,2456"/>
                <Baseline points="1229,2483 1238,2483 1283,2477 1328,2474 1373,2474 1417,2471 1462,2465 1507,2462 1552,2456"/>
                <TextEquiv>
                    <Unicode>lʼa lʼhonneur sʼil mʼavoit eu de ses</Unicode>
                </TextEquiv>
            </TextLine>
            <TextLine id="tr_1_tl_8" custom="readingOrder {index:7;}">
                <Coords points="512,2512 703,2512 782,2491 844,2509 1059,2500 1059,2462 932,2465 853,2444 512,2456"/>
                <Baseline points="528,2489 573,2486 617,2483 662,2480 707,2477 752,2477 797,2480 841,2480 886,2486 931,2489 976,2489 1020,2489 1065,2489"/>
                <TextEquiv>
                    <Unicode>t~tM~M~t~v~v.M~</Unicode>
                </TextEquiv>
            </TextLine>
            <TextLine id="tr_1_tl_9" custom="readingOrder {index:8;}">
                <Coords points="309,2600 2356,2574 2535,2538 2538,2453 312,2500"/>
                <Baseline points="328,2549 352,2552 397,2552 441,2552 486,2552 531,2552 576,2552 620,2549 665,2549 710,2549 755,2546 800,2546 844,2546 889,2543 934,2543 979,2543 1023,2540 1068,2540 1113,2540 1158,2540 1202,2537 1247,2534 1292,2534 1337,2534 1382,2531 1426,2531 1471,2528 1516,2528 1561,2525 1605,2525 1650,2525 1695,2522 1740,2522 1785,2522 1829,2519 1874,2519 1919,2516 1964,2513 2008,2510 2053,2510 2098,2510 2143,2507 2188,2507 2232,2507 2277,2504 2322,2504 2367,2504 2411,2501 2456,2501 2501,2498 2546,2495"/>
                <TextEquiv>
                    <Unicode>natürlich zu ihnen kommen. Vorher werde ich Ihnen einen definitiven</Unicode>
                </TextEquiv>
            </TextLine>
            <TextLine id="tr_1_tl_10" custom="readingOrder {index:9;}">
                <Coords points="315,2735 576,2671 715,2709 876,2671 1018,2682 1021,2612 932,2612 894,2579 829,2615 644,2579 600,2597 535,2577 497,2603 465,2579 388,2615 318,2597"/>
                <Baseline points="334,2662 358,2659 402,2659 447,2659 492,2659 537,2659 582,2659 626,2656 671,2659 716,2656 761,2656 805,2653 850,2653 895,2650 940,2650 985,2650 1029,2650"/>
                <TextEquiv>
                    <Unicode>Vorschlag übersenden.</Unicode>
                </TextEquiv>
            </TextLine>
            <TextLine id="tr_1_tl_11" custom="readingOrder {index:10;}">
                <Coords points="1429,2788 1577,2750 1665,2791 1809,2756 1921,2774 1977,2750 2041,2779 2288,2735 2288,2662 2224,2650 2018,2691 1912,2632 1641,2691 1432,2671"/>
                <Baseline points="1447,2749 1489,2746 1534,2743 1579,2740 1623,2740 1668,2740 1713,2737 1758,2734 1802,2734 1847,2734 1892,2734 1937,2731 1982,2731 2026,2731 2071,2728 2116,2728 2161,2725 2205,2722 2250,2719 2295,2716"/>
                <TextEquiv>
                    <Unicode>Mit vorzüglicher Hochacht</Unicode>
                </TextEquiv>
            </TextLine>
            <TextLine id="tr_1_tl_12" custom="readingOrder {index:11;}">
                <Coords points="1597,2891 1727,2859 1853,2888 1894,2856 1962,2844 2018,2874 2056,2862 2059,2774 1974,2750 1900,2785 1874,2774 1832,2803 1779,2765 1688,2794 1600,2762"/>
                <Baseline points="1617,2841 1662,2841 1707,2841 1752,2844 1797,2841 1841,2841 1886,2841 1931,2835 1976,2832 2020,2832 2065,2829"/>
                <TextEquiv>
                    <Unicode>&amp; Kirpatrick</Unicode>
                </TextEquiv>
            </TextLine>
            <TextLine id="tr_1_tl_13" custom="readingOrder {index:12;}">
                <Coords points="1406,2865 1435,2865 1438,2871 1462,2874 1497,2868 1512,2859 1535,2862 1538,2765 1524,2762 1509,2777 1503,2774 1485,2788 1462,2788 1456,2782 1435,2794 1409,2791"/>
                <Baseline points="1423,2850 1453,2853 1498,2850 1543,2847"/>
                <TextEquiv>
                    <Unicode>rand.</Unicode>
                </TextEquiv>
            </TextLine>
        </TextRegion>
    </Page>
</PcGts>
