3086 4200
1158 325 1424 506 9é46
814 450 2299 593 S. Fischer/Verlag / A.=G. Berlin W57.
1293 615 1828 724 Theaterabteilung
572 671 2544 812 Bankkonto; Deutsche Bank, Depositenkasse P in Berlin / Postscheckkonto: Berlin Nr. 166 92
1009 758 2094 830 Fernsprechanschlüsse: Amt Lützow Nr. 6162 bis 6164
974 798 2134 897 Telegramm - Adresse: Fischerverlag 6162, Berlinlützow
1387 849 1722 966 Bülowstraße 90
1355 963 1804 1179 Rund,
2070 1158 2347 1261 22
905 1331 2677 1466 Ich erteile hiermit der Theater-Abteilung des Verlages
519 1442 2576 1559 S. Fischer A.G. das ausschliessliche Recht, Verhandlungen wegen
511 1541 2592 1639 Vergebung der Rechte an meinen in diesem Bühnenvertrieb erschie-
508 1629 2643 1738 nenen dramatischen Arbeiten zwecks Bearbeitung für den Sprechfilm
506 1724 2560 1807 zu führen mit der Massgabe, dass die Verträge selbst meiner Ge-
508 1788 2451 1943 nehmigung unterliegen. Der Verlag S.Fischer A.G. erhält als
1541 1889 1932 1964 tauvaaauksia.
2036 1911 2134 1972 ouvrage
498 1895 2629 2031 Provision 25% von den eingehenden Beträgen. Die Ermächtigung gilt
506 1975 2635 2124 für die Dauer von drei Jahren und verlängerd sich stillschweigend
508 2073 2560 2201 um je ein weiteres Jahr, wenn sie nicht jeweils ein halbes Jahr
508 2174 2627 2289 vor Ablauf dieser Frist von einem der beiden Teile gekündigt wird
498 2483 979 2613 Ort und Datum:
1719 2475 2164 2611 Unterschrift:
