2985 3751
738 360 1187 477 Nr. M.r..s.d..
1910 369 2161 474 décidées dans les
414 382 2807 566 Es ist schon in Friedenszeiten nicht möglich gewesen, dass das Sortiment
353 544 2871 694 alle Bücher eines Autors auf Lager hält und das wird in Zukunft noch weniger
353 656 2839 799 wie bisher möglich sein, denn die Bücher sind jetzt sehr teuer geworden und
353 738 2740 907 die Sortimenter bestellen nur das, was sie erfahrungsgemäss schnell ver-
347 837 2810 1006 kaufen können, oder was bei ihnen verlangt wird. In Oesterreich liegen die
353 955 2836 1108 Verhältnisse für uns besonders schwierig, weil die Oesterreicher neuerdings
353 1092 2673 1206 von der Wiener Devisen-gentrale die deutschen Zahlungsmittel bewilligt
350 1178 2852 1318 bekommen müssen, was in der Regel nur zur Hälfte geschieht; mit Österreichi-
347 1267 2750 1419 schem Geld können wir uns aber nicht bezahlen lassen, da die Lieferanten
363 1368 2836 1502 und die Autoren deutsches Geld bekommen müssen. Es kommt weiter hinzu, dass
363 1483 2772 1626 auch die Verhältnisse des österreichischen Sortiments in mancher Hinsicht
353 1591 2813 1715 nicht ganz klar sind. Mit der Firma Friese & Lang in Wien können wir über-
360 1668 2826 1817 haupt nicht arbeiten, die Firma hat kein ausreichendes Kapital, um nur alle
356 1811 2858 1929 Werke unserer österreichischen Autoren vollkommen auf Lager zu nehmen und es
353 1897 2782 2037 hätte garkeinen Sinn, dieser Firma unsere Auslieferung zu geben, wenn die
356 1983 2887 2139 Bücher unserer österreischischen Autoren nicht jederzeit dort vorrätig wären.
446 2110 2848 2247 Ich fürchte, ich belaste Sie viel zu sehr mit Sorgen betriebstechnischer
360 2199 2855 2304 und wirtschaftlicher Art, die Sie im Grunde genommen nicht angehen und wenn
363 2310 2782 2457 ich mich dazu doch verleiten lasse. Sie darüber aufzuklären, so geschieht
360 2422 2409 2559 es nur, um nicht irrtümliche Vorstellungen heraufzubeschwören.
484 2521 2711 2645 Natürlich war, wie ich Ihnen schon schrieb, von Ihrem Gesamtwerk im
366 2638 2711 2756 Mai und Juni nicht genügend Vorrat vorhanden. Wir hatten gerade um jene
366 2699 2871 2842 Zeit die schwierigsten Streiks im Buchgewerbe und sind auch in Zukunft nicht
366 2823 2775 2960 davor bewahrt. Die Buchbindereien liefern noch heute viel zu wenig ab und
360 2918 2689 3036 es wird kaum xxx einen wichtigeren Verleger geben.
1244 2957 2883 3097 was das fortiment zu heutigen Preisen aufstapeln
264 3042 2801 3176 der heute in der Lage wäre, alles uneschränkt zu liefern. Die Rationierung
264 3128 2823 3259 im Buchhandel ist der Not gehorchend gang und gäbe geworden, ich gehöre zu
1451 3221 1629 3278 könnte
1537 3253 2839 3386 Nachsamkeit und Vorsicht von Lieferan-
353 3230 1502 3364 den wenigen Verlegern, die bei xxx
379 3345 2753 3523 ten möglichst viel hereinbekommen, um mögliche alles liefern zu können.
