3091 4105
680 384 2304 586 S. FISCHER : VerLAG A.G. : BERLIN W. 57.
501 569 1328 742 Dr. Schnitzler 11/7. 28
2500 569 2600 709 2
513 683 2562 876 nelievon k - E et 4nd obald neuste hebled eib medleldsnä.8.9
504 812 2714 982 hergestellt werden; sie entstammen einer Zeit, wo das Publikum für
346 777 466 967 P.
513 964 2562 1064 Gesamtausgaben noch zu haben war.
627 1067 2711 1187 Ich danke Ihnen, dass Sie sich nun positiv zu meinem Vorschlag
507 1152 2770 1269 stellen. Ich bin mit jedem Titel, den Sie vorschlagen, einverstanden
498 1260 2738 1369 und finde sie besonders gelungen bei den beiden Novellenbänden, für
504 1354 2585 1477 die Sie "Die Alternden", resp. "Die Erwachenden " vorschlagen.
2445 1448 2764 1542 ebenfalls
507 1471 2691 1621 Für den ersten und zweiten Band bin ich mit Ihrem Vorschlägen ein-
510 1556 2667 1715 verstanden. Es schiene mir aber doch richtiger, den Titel für den
501 1656 2788 1809 zweiten Band: "Frau Bertha Garlan" zu nennen. Selbstverständlich muss
501 1794 2723 1908 in jedem Band und in unseren Anzeigen auf die veränderten Titel für
490 1870 1633 1990 die vier Bände hingewiesen werden.
589 1952 2811 2110 Ich bitte nun endgültig die Haupttitel der vier Bände zu bestinnen.
580 2084 2723 2239 Mit dem Entwurf Ihres Briefes an Harz bin ich einverstanden. Ich
487 2210 2729 2345 würde Sie aber bitten, bei Fritz Engel, dem Feuilleton-Redakteurdes
492 2330 2717 2427 „Berliner Tageblattss, anzufragen, ob er als Mitglied der Prüfungs-
487 2427 2843 2536 Kommission des Schund- und Schmutzgesetzes, in der Lage wäre, festzustel
1287 2506 2392 2582 aus der Zeit vor dem gesetzte
478 2530 2747 2635 len, ob ein Verbot des "Reigen" noch besteht. Ich nehme än, dass der
475 2632 2685 2782 Konnission das Material zugänglich ist; denn wir möchten natürlich
490 2755 2673 2873 vermeiden, offiziell darüber anzufragen. Sie kennen wohl Engel, er
478 2840 2776 2984 wird Ihnen sicher gern mit einer Auskunft behilflich sein, was er dem
487 2946 2735 3095 Verleger gegenüber vielleicht doch nicht für opportun halten könnte.
1386 3075 2149 3227 Mit herzlichen Grüssen
1712 3189 1976 3333 recr
1826 3271 2418 3450 F. Tischer
2407 3485 2662 3682 b.w.
