3101 3912
1174 402 1862 648 FISCHER,VERLA.
590 677 2657 966 ein Dauer vielleicht doch zu Unzuträglichkeiten und Ungenauigkelten
555 888 1006 1032 führen müssen.
616 882 2573 1122 Wenn Sie von einer "konstanten Herabsetzung einer prozentualen
2102 1035 2220 1090 G.C.H.F.P
555 1015 2596 1235 Gewinnbeteiligung" sprechen, so muss ich das als als einen grund-
561 1142 2570 1324 sätzlichen Irrtum des Tantiemenverhältnisses bezeichnen. Sie be-
766 1194 893 1252 G.C.F.P.P
558 1281 2582 1428 kommen ja nicht eine Gewinnbeteiligung, sondern einen Anteil am
555 1359 2576 1538 Ladenpreis des Exemplars, also nicht am Gewinn. Der Ladenpreis
561 1483 2512 1631 ist aber bedeutend erhöht und damit Ihr Anteil, und zwar rech-
570 1538 2643 1732 nerisch ohne andere Notwendigkeit als durch die höhere Aufwendung
570 1677 2706 1842 der Kosten, die eben den höheren Ladenpreis erfordern. Sie beziehen
584 1758 2599 1914 tatsächlich Tantiemen von erhöhten Material- und Vertriebskosten
581 1891 2596 2044 und diese Tantiomen belasten Aufwendungen, für die ein Ausgleich
581 1949 2634 2145 im Ladenpreis nicht zu schaffen ist. Die ganze Misere kommt eben
561 2105 2660 2258 daher, dass aus Friedenszeiten das Tantiemenprinzip vom Ladenpreis
590 2168 2550 2342 und nicht vom Nettoverkaufspreis herrührt, denn logischerweise
581 2273 2634 2478 dürfte die Tantieme sich nur auf den Nettoverkaufspreis beziehen,
596 2374 2585 2541 dann hätten wir keine Tantiemendifferenzen. Es fiele mir nicht
1558 2492 1795 2588 Honorar
604 2501 2741 2657 ein, Ihnen nachzurechnen, wieviel Sie bekommen haben, wenn ich nicht
598 2619 2614 2755 gezwungen gewesen wäre, immer wieder Ihnen zu beweisen, dass Sie
601 2674 2660 2862 de facto viel höhere Honorare bekommen wie früher, und Sie müssen
601 2825 2559 2992 mir glauben, dass es keine Redensart ist, wenn ich Ihnen sage,
610 2880 2755 3062 dass unser Honorarverhältnis bisher so war, dass ich tatsächlich an
616 3016 2619 3204 Ihren Büchern Geld zugesetzt habe. Bei den Dramen und Novellen,
625 3105 2802 3296 die nur in 2-3000 Exemplaren gedruckt wurden, ist es bei den heutigen
625 3230 2698 3365 Preisen ganz unmöglich, einen Gewinn heraus zu kalkulieren, selbst
651 3339 2761 3464 wenn die vollen Auflagen verkauft werden. Die Bücher hätten fünfmal
642 3380 2966 3646 so teuer sein müssen, als sie in Wahrheit sind, und auch xxx den Effect
