2930 4008
2302 377 2628 558 Hofgen
516 459 2617 655 bei fahren wird. Es wird das ein-fortlaufendes Geschäft werden.
513 627 2764 746 Houghton Mifflin haben eine der grössten Verkaufsabteilungen im Lan-
527 726 2617 831 de und könnten sich wohl um eine Schnitzler-Serie kümmern. Aber
527 865 2668 967 Leute dieses Kalibers können Sie nicht drängen. Es würde Zeit er-
522 953 2747 1063 fordern und Geduld auf Seiten Mr. Schnitzlers. Ich würde gern einen
522 1057 2719 1199 persönlichen Brief von Mr. Schnitzler haben, der mir das Recht zu-
519 1131 2773 1262 gesteht, in dieser Angelegenheit vorzugehen oder der mir ausdrücklich
1245 1233 1381 1307 G.H.F.P.
530 1250 2651 1389 sagt, dass ich nicht das Recht dazu habe. Ich muss dem alleinige
1196 1335 1511 1403 G.H.F.P.S.
530 1358 2724 1474 Vertreter sein. Man kann nicht sagen, ob Houghton Mifflin annehmen
2237 1429 2322 1488 G.F.P.
527 1454 2739 1573 werden oder nicht, aber selbst wenn Houghton Mifflin versagen soll-
1216 1539 1386 1605 G.H.F.P.
522 1559 2775 1667 ten - vorausgesetzt, dass ich der allein berechtigte Vertreter wäre -
1440 1641 1534 1704 G.F.P.
524 1664 2662 1823 glaube ich, dass ich Schnitzler unterbringen kann. Ich kann dies
530 1746 2790 1880 nicht wenn ich immerfort von Verlegern angegangen werde
533 1863 2758 1990 die sagen: x Der und der hat eben ein Schnitzlerbuch für einen ganz
524 1984 2625 2109 niedrigen Preis erworbenen. Sie wissen, es ist das wie jedes Ge-
530 2070 2809 2211 schäft; wenn Sie den Markt kontrollieren, dann können Sie Ihren Preis
530 2203 825 2350 stellen.
791 2223 2716 2438 Es wären noch andere Dinge in Ihrem Briefe zu beantworten,
533 2398 2254 2515 aber ich will diese später der Reihe nach behandeln.
1803 2526 2353 2665 Hochachtungsvoll
1772 2628 2466 2764 Brandt & Kirkpatrick
