3150 3991
1726 603 2450 866 Leipzig, 22/7. 1910
831 1025 1515 1238 Herren Friese & Lang
1524 1143 1769 1336 Wien I
687 1244 2918 1530 Wir haben Herrn Fischer Ihre Depesche nachgeschickt, er hat darauf,
577 1362 2855 1619 wie nicht anders zu erwarten war, geantwortet, dass in sein n Briefen
595 1637 2797 1766 an Sie vom 19. Mai und 23. Juni alles enthalten ist, was wir Ihnen
600 1723 1839 1873 auf die Depesche zu antworten hätten.
774 1833 2759 1954 Sie berufen sich auf eine mehr als zwanzigjährige Geschäfts-
600 1940 2924 2055 Verbindung. Es scheint aber, als ob Ihnen die Bedingungen, unter denen
603 2046 2785 2142 wir, bis auf das kurze Interregnum, mit einander gearbeitet haben,
600 2119 2918 2263 nicht bekannt sind. Wir wollen ja garnichts anderes als dass die alten
609 2225 2863 2355 Bedingungen wieder in Kraft treten, nämlich dass wir Ihnen zu unsern
609 2344 2756 2468 Originalrabatten, Partien und 5 % Extrarabatt liefern. Davon wäre
612 2471 2883 2583 auszunehmen die Markbibliothek, die wir Ihnen glatt mit 40 % liefern,
606 2537 2892 2693 ferner die neue Romanreihe, die wir in Partien von 20/15 liefern, was
615 2661 2800 2791 einem Rabatt von etwa 47 x beim broschierten und fasb 40 % beim
615 2759 2886 2906 gebundenen Exemplar gleichkommt. Da wir Ihnen auch franko Wien gelie-
612 2852 2794 2996 fert und nur Postsendungen auf Ihre Kosten berechnet haben, so mag
597 2984 2834 3111 es zunächst dabei bleiben. Die Frachtkosten des Wiener Bücherwagens
615 3051 2826 3181 werden jetzt als Eilgut berechnet, das kostet uns etwa 7 %, so dass
609 3158 2595 3302 für Bücher, die Sie für uns ausliefern, zur Zeit im ganzen
626 3276 1992 3429 52 1/2 Rabatt inclus. Spesen herauskommen.
748 3342 2465 3553 Indessen das ist nicht der Hauptgrund, weshalb wir die
