3296 4151
1271 394 1912 599 208 ( 1545
1154 447 1252 561 11.1
2570 472 2886 622 G.C.F.P.
955 491 2450 733 S. Fischer/Verlag / A.-G. Berlin W 57
1437 691 1973 802 Theaterabteilung
716 769 2695 905 Bankkonto: Deutsche Bank, Depositenkasse P in Berlin / Postscheckkonto; Berlin Nr. 16692
1160 830 2259 910 Fernsprechanschlüsse: Amt Lützow Nr. 6162 bis 6164
1113 877 2287 977 Telegramm-Adresse: Fischerverlag 6162, Berlinlützow
1537 938 1876 1057 Bülowstraße 90
830 916 1060 1046 Ma/Ro.
1931 930 2470 1079 den 4. Juni 1927.
982 1188 1185 1313 Herrn
1371 1177 2486 1343 Dr. Arthur Schnitzler,
2584 1235 2855 1382 W i e n
1218 1396 2137 1623 Sehr verehrter Herr Doktor!
1088 1551 3064 1709 Ich habe nunmehr die mir freundlichst angegebenen Daten dem
857 1707 3003 1848 Deutschen Theater weitergegeben. Die Pläne des Theaters sind mir
1268 1804 1498 1870 V. A.
871 1798 3041 1940 nicht ganz durchsichtig, ich glaube aber annehmen zu können, dass
877 1904 2975 2040 besonders für einen Einakter-Zyklus Interesse besteht. Im Sinne
1573 1981 2137 2056 Mm~-M~M~
871 1970 3086 2137 Ihres Schreibens habe ich auch keine besonderen Vorschläge gemacht.
1113 2073 3083 2251 Was die Verfehlungen einzelner Theater-Direktionen betrifft,
882 2209 2944 2342 so sind aus Berlin selbst nicht besonders schwerwiegende Fälle
880 2276 2939 2461 bekannt geworden mit Ausnahme der Volksbühne, die sich für be-
880 2400 3019 2559 rechtigt gehalten hat, eine sehr merkwürdige Art der Verrechnung
885 2520 3075 2667 zwischen dem Verein und dem Theater zum Schaden der Autoren einzu-
894 2595 2986 2739 führen und ausserdem liegt der Fall einer missbräuchlichen Ver-
2473 2689 2797 2769 — ̃
902 2708 3033 2847 wendung von Freikarten beim Deutschen Theater vor, durch die das
1388 2828 1601 2886 G.C.H.S.
894 2822 3058 2964 Theater in der Hauptsache selbst geschädigt wurde. Die Kontrollen
899 2939 3061 3069 werden in der Weise ausgeübt, dass die Zentralstelle, die von den
899 3000 3030 3180 Autoren und Verlegerz gemeinsam errichtet worden ist, durch Kon-
891 3108 3025 3277 trolleure die Abrechnungen und Bücher prüft. Es handelt sich zu-
907 3236 3041 3377 nächst natürlich nur um Stichproben, aber bei einzelnen Theatern
910 3352 3091 3477 ist man dazu übergegangen, das tägliche Inkasso durch die Kontrol-
916 3458 3147 3624 leure einzuführen. Ich glaube im übrigen nicht, dass die Kontrollen
