3219 4199
1052 664 2542 859 S. Fischer - Verlag. Berlin
1501 837 2006 943 Aktien-Gesellschaft
837 912 2704 1004 Amt Lützow Nummer 6162 Theaterabteilung postscheckkonto Nr. 16692
868 990 2447 1094 Ma/Ro. Bankkonto: Deutsche Bank Depositenkasse P in Berlin
1189 1057 2427 1191 Berlin W, Bülowstraße 90, den 31. März 1927.
1069 1306 1278 1468 Herrn
1451 1325 2581 1498 Dr. Arthur Schnitzler,
2720 1392 3027 1504 Wien,
1278 1596 2210 1769 Sehr verehrter Herr Doktor!
1144 1707 2957 1872 Da ein Abschluss mit dem Theater in der Klosterstrasse
876 1861 2957 2028 z.Zt. formell noch nicht gut möglich ist, da kein Mitglied der
882 1981 3128 2129 Direktion Mitglied das Bühnenvereins ist, (Wenn man durchaus wollte,
879 2070 3089 2226 könnte man ja ein Auge dabei zudrücken) so könnten man das als Vor-
893 2212 3086 2324 wand benutzen, die Aufführung zunächst nicht zu bewilligen, die ja
879 2299 3058 2464 kaum besondere künstlerische Erfolge bringen könnte und höchstens
890 2427 3100 2544 einen gewissen materiellen Ertrag. Dafür könnte höchstens sprechen,
884 2522 3089 2673 dass "Liebelei" vor nicht allzu langer Zeit hier gegeben wurde und
893 2650 2927 2779 dass sich deshalb kaum ein grösseres Theater in nächster Zeit
890 2709 2932 2863 entschliessen würde, es hier zu bringen. Ich bin indessen vom
893 2843 2999 2966 Theater noch nicht weiter zum Abschluss gedrängt worden, sodass
890 2946 3013 3114 ich, wenn Sie nicht anderer Meinung sind, die Sache auf sich be-
884 3058 1546 3211 ruhen lassen würde.
2051 3158 2793 3351 mit besten Empfehlungen
2123 3301 2567 3457 Ihr ergebener
2137 3407 2600 3568 DeAverre
