3113 3816
2311 321 2777 520 tschechischen
2072 375 2202 581 nach für mich.
914 354 1960 557 mitazuschlag von etwa 100 % für die
1612 520 1779 587 de la riviere de ses
2311 484 2850 653 ihm gelungen für.
1122 535 1894 696 Bücher in Vorbereitung
1437 641 1863 790 sgenommen hat.
1316 732 2060 886 elen, sondern auch den
826 783 1032 917 Herrn Schu###
2326 814 2901 968 wir seiner Speku¬
490 862 2157 980 in die Tasche zu stecken und nun ist er verstimmt,
578 944 1963 1116 tion nicht hemmungslos nachgegeben haben.
699 1065 2813 1201 h bitte Sie davon überzeugt zu sein, dass ich dasselbe Interesse
611 1122 2931 1310 Verkauf der Bücher habe wie Sie und dass es lächerlich wäre, Bücker zu
454 1249 2886 1410 drucken, um sie dann auf Lager zu behalten. Aus unserm Absatz werden Sie
678 1367 2792 1506 sehen, dass wir sehr viel und sehr gut verkauft haben und darauf
517 1446 2774 1609 allein kommt es an, denn die Entwicklung geht dahin, dass die Anzahl
203 1479 405 1652 G.C.H.F.P.
820 1564 2819 1712 uften Exemplare zurückgeht, dass daher auch aus diesem Grund
414 1606 584 1770 de mai
650 1606 783 1745 verh
514 1676 2574 1824 eine Kompensation in den hohen Preisen geschaffen werden muss.
638 1776 2750 1930 Herr Glücksmann kann von uns ein Exemplar der Gesamtausgabe mit
523 1872 2919 2057 einem Rabatt von 25 % beziehen, wenn er sich verpflichtet, darüber nicht
517 1951 2816 2121 zu sprechen, da wir Privaten einen solchen nabatt nicht geben dürfen.
820 2063 2853 2260 Hofrätin-Zuckerkandl schicken wir ein Exemplar der Ergänzungs-
514 2139 732 2254 An Frei
1053 2169 2877 2344 Fräulein Löwenstamm können wir die Ergänzungsbände in
529 2217 711 2381 bände
2245 2254 2774 2420 ein kosten schon
1032 2314 1894 2474 nicht liefern, denn die Ei-
947 2432 1736 2568 ansehnlichen Betrag.
2006 2502 2314 2629 wischen»No
1171 2499 1839 2641 dass ein Missverhält
844 2529 1137 2689 chreiben.
541 2662 690 2780 Vert
