3168 3976
1312 212 1434 314 a'∧
1417 589 1545 698 1130
926 645 2396 801 S. Fischer. Verlag Berlin
924 842 2396 935 Amt Lützow 1662 u. 6162 Theaterabteilung Postscheckkonto Nr. 16692
1316 903 2006 985 Berlin W 57, Bülowstraße Nr. 90
1318 994 2066 1104 Den 8. Oktober 191 8
972 1042 1126 1142 G.K.
903 1310 1773 1454 Herrn Dr. Arthur Schnitzler
1968 1413 2253 1541 w i e n.
1191 1679 2043 1838 Sehr geehrter Herr Doktor,
1947 1844 2494 1951 Ihrem Wunsch ent¬
998 1941 2396 2071 sprechend haben wir bisher keiner Bühne „Die
985 2048 2452 2163 Schwestern' zugesandt und nahmen zur Kenntnis,
1245 2136 1421 2201 au moins ou une autre
960 2159 2461 2259 x###dass dies bis zur Uraufführung, ev.von Ihnen
1000 2266 2536 2393 bestimmten Ausnahmen abgesehen, auch ferner nicht
1000 2358 2482 2458 zu geschehen hat. Um Sie zu orientieren, über-
1004 2475 2515 2588 senden wir Ihnen in der Anlage eine Liste derje-
1004 2590 2496 2674 nigen Bühnen, welche bereits Lese- Ex. verlangt
1000 2660 2461 2773 haben. Sollten sich unter diesen die eine oder
1004 2781 2519 2890 andere finden, die das Buch bereits jetzt erhal-
