3147 4122
1423 456 1583 589 481
932 555 2398 717 S. FISCHER / VerLAG
642 697 2689 822 Bankkonto: Deutsche Bank, Depositenkasse P. Berlin / Postscheckkonte: Berlin 1669a
1098 793 2248 889 BERene W 57, BÜLowSTRASSE 90
1281 868 2056 976 Fernruf: Lützow 1662, 6162 und 9292
1995 938 2314 1092 5/I. 1920
900 1237 1768 1385 Herrn Dr. Arthur Schnitzler
1748 1353 1937 1478 Wien
709 1539 1173 1684 Lieber Freund,
813 1638 2666 1824 das Honorar für die Buchausgabe der "Schwestern" ist Ihnen
694 1815 2526 1963 nebst dem Honorar für weitere 5000 Exemplare von "Casanova"
694 1847 2959 2041 mit insgesamt M. 10125.- auf Ihr Konto bei der Deutschen Bank überwiesen.
848 1989 2698 2169 Aus dem mitfolgenden Brief wollen Sie ersehendass 5000 Mark
700 2099 3000 2277 für die russischen Uebersetzungsrechte von „Doktor Graesler“ und „Casanova“
706 2198 2820 2387 bei uns hinterlegt wurden, auch diesen Betrag überweisen wir auf Ihr
694 2346 1617 2477 Konto bei der Deutschen Bank.
883 2384 2773 2576 Ich habe schon daran gedacht, Ihren Roman "Der Weg ins Freie"
2448 2503 2654 2558 3
706 2532 2854 2651 in die Reihe “Der grosse Roman“ zu übernehmen, wir werden hoffentlich
709 2605 3046 2747 bald eine neue Auflage drucken können. Augenblicklich stockt die Papierzufuhr
714 2730 2358 2875 vollständig, da die Papierfabriken keine Kohlenhaben.
1472 2866 2189 2965 Mit herzlichen Grüssen
2155 2869 2277 3058 Ihr
1885 3078 2512 3386 of fische.
