3194 4072
1312 186 1476 333 fr.
759 257 2323 485 S. Fischer Verlag, Berlin M., Bülowstrasse 90
1883 531 2391 708 25. August 15.
1885 835 1990 929 G.F.P.
587 838 1516 1061 Herrn Dr. Arthur Schnitzler
2250 929 2523 1033 Aas Buch
2233 1013 2602 1160 stattfindet
2275 1132 2577 1273 M. D. A. M. D r
2458 1211 2554 1341 es
2278 1219 2433 1360 G.H.F.P.
604 1211 1386 1417 Lieber Freund,
841 1312 2571 1502 meine Depesche haben Sie inzwischen bekommen und ich
629 1473 2724 1629 wiederhole, dass wir mit dem Münchner Schauspielhaus nur deshalb
627 1569 2721 1702 in Verbindung getreten sind, um durch eine etwaige Garantiesumme
627 1662 2605 1823 auch das Hoftheater zu einer Garantiezahlung zu veranlassen.
629 1767 2741 1964 Das Hoftheater hat, unter uns gesagt, vor einigen Jahren für den
635 1900 2645 2027 „Graf von Charolaism eine Garantie von 1000 Mark bezahlt, und
635 1945 2721 2125 das wollten wir auch für Sie erzielen. Nun da neuerdings wie es
635 2091 2760 2275 scheint, Garantiezahlungen im Hoftheater nicht zu erreichen sind,
641 2204 1877 2368 werden wir uns damit zufrieden geben.
861 2309 1705 2456 Abgeschlossen ist bisher:
864 2391 2930 2535 Frankfurt/M., Neues Theater, 10K Tantiene und 2000 Mark Garantie
864 2509 2464 2633 Hamburg, Deutsches Schauspielhaus, 10 % Tantieme
869 2577 2913 2766 Köln a/Rh., Stadttheater, 10 x Tantiene und 600 Mark Garantie
1713 2701 2179 2822 10 X Tantiene
864 2729 1530 2873 München, Hoftheater
1699 2817 2199 2952 10 X Tantieme.
869 2806 1662 2961 Leipzig, Städt. Theater
658 2904 2868 3048 Weitere Verhandlungen schweben. Da es indessen schwer fällt, Garan-
649 3026 2916 3158 tiesummen zu erzielen, wird es zweckmässiger sein, weitere Abschlüsse
412 3390 508 3534 F. 208
