2936 3817
982 347 1872 479 S. FISCHER / VerLAG
241 424 450 535 2. Blatt
559 508 1448 659 Dr. Schnitzler, 27/7. 21
561 757 2624 868 Bühnen im Auslande von Fall zu Fall so vereinbaren wären und da
564 860 2602 1001 haben wir ja auch immer nach Ihren Wünschen uns gerichtet. Ich
577 953 2698 1080 wäre Ihnen sehr dankbar, wenn Sie in die Kompetenzen, die Karczag
575 1088 2637 1189 nun für sich in Anspruch zu nehmen scheint, eingriffen und Ord-
575 1202 2552 1300 nung schaffen wollten. Unserem Vertreter in Zürich haben wir
580 1279 2706 1438 natürlich mitgeteilt, dass uns die Angaben Karozags nicht bekannt
577 1416 762 1525 sind.
710 1443 2589 1604 Vielleicht fügt es sich, dass wir uns doch noch im Sommer
580 1559 2478 1713 sehen, wir gehen auf den Salzberg, oberhalb Berchtesgaden.
1684 1734 2425 1859 Mit herzlichen Grüssen
1949 1840 2049 1938 Ihr
1943 1919 2602 2102 Fischer
590 2065 2648 2293 P. S. Unsere Antwort an Kantorowitz lege ich zu Ihrer Kenntnis-
585 2279 948 2401 nahme bei.
