3268 4120
549 746 2772 996 S. FISCHER.VERLAG A.-G. THEATERABTEILUNG
1301 919 2001 1013 BERLIN W 57, BÜL à WSTR. 90
1252 907 2681 1057 in Berlin - Postscheckkonto: Berlin Nr. 16692. Fernsprechanschlüsse: Amt Lützow Nr 6162 bis 6164
411 1027 2614 1276 Herrn Dr. Arthur Schnitzler, Wien Berlin, den 14. Januaroc1926
616 1030 724 1157 Bankk
569 1310 1507 1507 Sehr verehrter Herr Doktor,
1551 1332 2703 1532 das Dresdener Staatstheater sucht
583 1465 2767 1715 dringend die Uraufführung eines prominenten Autors für den Monat
2389 1532 2830 1682 lf, der mich
586 1593 2392 1798 März. Würden Sie etwas dagegen haben, wenn ich Dr. Wo
2140 1640 2384 1704 (v.t.t.)
608 1668 2720 1920 in dieser Angelegenheit heute aufgesucht hat, vorweg elinblick
605 1787 2731 2009 in die Fahnen des Manuskriptes gebe? Das Theater hat guten Ruf
622 1895 2855 2092 und wenn es entsprechende Besetzungsvorschläge machen kann, könnte
610 2009 2769 2245 man vielleicht dieses Angebot berücksichtigen, sofern Sie nicht
616 2101 2836 2320 über die Uraufführung anders disponiert haben, denn die Dresden
641 2256 2034 2436 wollen eine alleinige Uraufführung haben.
1640 2276 2456 2464 Mit ergebensten Grüssen
1840 2392 2367 2503 S. FISCHER. VERLAG
1887 2445 2339 2536 AKTRENGESELLSCHAFT
1840 2486 2392 2628 THEATERABTEILUNG
1942 2622 2398 2753 Dieneri
