2909 3975
381 386 2533 537 S. FISCHER,VERLAG, BERLIN, Dr. Schnitsler, v. 11. 2. Blatt 3
704 491 946 625 heaterabteilung
778 656 2542 838 P. S. Soeben bewirbt sich das Theater "Die Tribüne"
449 755 2522 917 bei uns um "Anatol. Da die Rotters vermutlich ab "Abschieds-
446 897 2732 1088 souper" verzichten werden, weil das Stück von Stucken durchgefallen
460 1014 2414 1147 ist, stünde nichts im Wege, dem Theater Anatol zu geben.
454 1085 2687 1269 Edthofer will den Anatol spielen, wegen des Max soll mit Kurt Götz,
469 1250 2579 1377 der eine sehr grosse Zugkraft ausübt, verhandelt werden. Falls
469 1355 2516 1468 Sie uns also zu Verhandlungen ermächtigen wollen (tunlichst
471 1451 2630 1607 auf der Basis eines höheren Vorschusses von seiten des Theaters),
466 1590 2349 1758 so ersuchen wir höflichst um rascheste Benachrichtigung.
1735 1695 1934 1840 D. O.
1494 2587 1582 2695 P.S
