3064 3655
827 195 1474 379 VERLAG, BERLIN,
2341 197 2552 392 Blatt 3
2402 352 2565 488 181
704 483 2560 592 deren Etat es eine Rolle spielt, ob sie ein Stück für 7-8 %
1914 547 2034 616 G.C.F.P.
715 541 2576 720 bekommen können oder ob sie 10 % dafür bezahlen müssen. Ein
701 653 2634 832 solcher Fall war beim Dortmunder Stadttheater gegeben, das nur
685 768 2658 909 etwa dreimal die Woche spielen kann und tatsächlich notleidend
699 896 2586 1021 ist. Wir haben geglaubt, unter diesen Umständen dieser Bühne
696 976 2746 1106 den "Einsamen Weg" für 8 % geben zu können. Ich lege eine Anfrage
976 1074 1285 1149 G.C.H.F.T.K
699 1064 2706 1208 aus Hagen bei, aus der Sie sehen werden, dass das Schauspielhaus
707 1189 2733 1317 „Anatol“ abgesetzt hat, weil wir ihn nicht unter 10 % geben woll-
827 1282 1029 1368 ou vous en lisant
701 1280 2736 1410 ten. Es entgeht Ihnen dadurch nicht nur manche Tantieme, sondern,
704 1397 2824 1536 was vielleicht ebenso wichtig ist, manche Aufführung. Es ist besser,
696 1482 2682 1624 wenn Ihre Stücke, selbst zu einem geringeren Tantiemensatz, auf
696 1573 2810 1744 dem Repertoire bleiben, als dass sich bei manchen Theaterdirektoren
699 1677 2845 1861 die Gewohnheit herausbildet, auf die Aufführung Ihrer älteren Stücke
709 1781 2722 1965 wegen des Tantiemensatzes ganz zu verzichten. Wir geben also nur
715 1885 2786 2048 "Liebelei", das den Abend nicht füllt, mit 7-8 % fort, und so weit
701 2016 2722 2200 nicht ältere Verträge vorliegen, werden wir an Ihrer Weisung von
707 2144 1221 2272 10 % festhalten.
2624 2170 2749 2290 Sater.
859 2165 2632 2338 Bezüglich der „Komödie der Worte“ auf dem Reinischen The###
2618 2272 2725 2344 G.C.H.
709 2341 2776 2456 in Warschau haben wir uns mit der Anzahlung von 100 Mark nicht als
701 2442 2792 2541 abgefunden erklärt, wir haben vielmehr eine Tantiene von 6 % (die-
709 2522 2776 2685 ser Tantiemensatz ist für ein Werk in einer fremdsprachigen Ueber-
715 2613 2786 2752 setzung angemessen) gefordert, und die Angelegenheit befindet sich
715 2736 2784 2840 bei unserm Rechtsanwalt. Was dabei herauskommen kann, ist bei den
707 2837 2704 2965 jetzigen Verhältnissen in Polen eine andere Frage. Die Abrechnung
717 2920 2704 3053 erweist übrigens für alle 11 Aufführungen insgesamt eine Brutto-
1464 3050 1586 3122 G.F.P.
715 3029 1525 3213 Einnahme von 2884 Rubel.
