2876 3831
619 283 2192 471 Kreisämtl. 8
499 443 695 563 de maître.
2169 370 2334 566 0
493 541 2340 653 t.i(j)i(i)i'iHw/U'J rnulistdaiUw.IU.L..,t.o.j.i. nt.!i!
1009 605 1833 717 C.C.H.F.K. Nr. Waller.
423 687 2550 846 schlossen, deren Inhalt wir Ihnen in kurzen Schlagworten gleich-
418 813 2604 930 fallsin der beiliegenden Liste vorlegen. Da die Durchsicht unserer
415 908 2489 1054 Bücher zurückgehend bis zum Jahre 1910 nichts ergeben hat, was
420 1048 2575 1157 darauf schliessen lässt, dass diese Verträge erfüllt worden sind,
423 1146 2368 1281 so ist anzunehmen, dass sie als erledigt betrachtet werden
415 1264 2547 1390 müssen. Lediglich zu unserer Sicherstellung bitten wir auf Grund
418 1359 2483 1474 der in der Liste enthaltenden Angaben uns mitzuteilen, ob Ihnen
418 1446 2438 1583 bekannt ist, dass einer oder der andere dieser Verträge einge
420 1583 2463 1693 halten wurde! Wir bitten um Entschuldigung für diese Bemühung
404 1690 2466 1791 Herr Cesare Levv hat auf unser Schreiben, worin wir ihn baten,
816 1766 905 1819 Conclusum
989 1763 1085 1822 G.C.H.P
521 1766 706 1824 G.C.H.F.P.S.
401 1810 2410 1914 sich mit uns in Verbindung zu setzen, bisher nicht reagiert.
874 1880 2505 2049 In der Angelegenheit "Reigen " Prag besuchte uns
1522 1987 1869 2049 mM
415 2018 2444 2136 vor einigen Tagen der Oberregisseur des Prager Landestheaters
401 2136 2416 2256 Herr Demetz. Vor kurzem hat der Tarifausschuss des deutschen
401 2231 2604 2343 Bühnenkartells einen Beschluss gefasst, dahingehend, den einzelnen
420 2309 2671 2449 Verlegern zu empfehlen dem Prager Deutschen Landestheater, das durch
412 2435 2505 2559 den Prager Theaterraub in eine kritische Situation gelangt ist,
415 2533 2620 2679 durch Verminderung der Tantiemen das Weiterbestehen zu ermöglichen
406 2640 2536 2814 Es sind grösseraktionen zu Gunsten dieses Theaters geplant, u.a.
412 2758 2567 2895 will der Bühnenverein durch Stiftung von Mk. 100000-- eine Unter¬
418 2895 2609 3010 stützungsbewegung einleiten etc.Auf Grund dieser Tatsache erbittet
423 3021 2606 3119 Gramer nun, der sich von der Aufführung des "Reigen" eine ernste
415 3077 2573 3214 Besserung seiner finanziellen Situation erhofft, ihm dieses Stück
406 3203 2637 3369 unter Verzicht auf einen Vorschuss gegen 8% Tantieme zu überlassen“,
420 3301 2606 3455 Wir haben Gelegenheit genommen, Herrn Demetz gegenüber noch einmal
807 3399 961 3455 Ce qui nous a état niété
1550 3408 2192 3450 * ̃ /J rittid nad og ia-
378 3394 488 3458 V.V.P.
376 3439 2438 3565 dernial espätige gebenischen Stadt abwacht zuerst und auch noch um jed. so nur namden so wird mannst schaublichsten
