2883 3800
1307 179 1411 393 9
710 289 2269 520 S. Fischer - Verlag. Berlin
2257 479 2390 606 auch
563 563 2398 675 Amt Lützow 1662 u. 6162 Theaterabteilung postscheckkonto Nr. 16692
1082 647 1905 713 Berlin W 57, Bülowstraße Nr. 90
525 638 2416 817 doss JdoianA vereann mejaabm Tejaaä nenieik eib.Jgicke
505 750 2424 909 G/Sch. 14. April 21.
473 880 2424 999 eale IdowdO.ien sendellev nu redtow dolisdabnarg nun siw
496 970 2416 1111 Herrn: Einew, xxx Konsb Mebslß. xxx Tiedtsnemmsarxx erwilw
260 1108 2407 1258 xxx Dr. Arthur Schnitzler,
329 1189 2410 1331 nerstlew mersamt ied.medlstamstev ustelustesnik Jastadt
416 1307 1417 1478 Sehr geehrter Herr Doktor,
1446 1328 2410 1478 an rtioA reaaua Jdoia nenagtov
407 1400 2710 1579 Hicht ohne Ueberraschung haben wir heute
430 1559 2508 1677 den in Abschrift beiliegenden Brief des Herrn Sladek erhalten.
424 1660 2534 1792 Wie wir nun Ihnen in unserem Schreiben vom 8. April mitteilten,
433 1775 2572 1902 waren wir mit diesem mündlich bereits zu einem detaillierten Ab-
419 1876 2476 2046 kommen gelangt, dessen schriftliche Bestätigung aber, wie wir
424 2006 2592 2133 glaubten betonen zu sollen, am 6. April noch ausstand. Inzwischen
419 2110 2592 2246 haben mehrfache Reklamationen unsererseits zu keinem Resultat ge-
421 2248 2537 2378 führt und endlich ist der beiliegende Brief heute eingetroffen
421 2312 2684 2471 Wir machten Ihnen von dessen Inhalt kurze telegraphische Mitteilung,
410 2439 2595 2575 indem wir gleichzeitig angragten, ob die hier lagernden einzelnen
404 2537 2725 2673 Anfragen verschiedener Theater von uns nach eigenem Ermessen erledigt
419 2647 2626 2782 werden könnten. Eine solche Vollmacht schien uns notwendig, um die
413 2753 2583 2889 Schädigungen die durch eine weitere Hinaussögerung der Erledigung
416 2866 2595 3010 entstehen könnten zu vermeiden, Natürlich aber sollte dadurch nur
419 2987 2661 3108 eine Möglichkeit geschaffen werden, die dringlichsten Sachen fortzu
416 3083 2647 3198 führen. Vorläufig stehen in Frage: Arnstadt, Stralsund, Forst i.iv.
404 3195 1778 3322 Eisenberg, Lübeck, Dresden, Neimar, Bremen,
1865 3186 2702 3374 Hannover (ebtl. Breslau)
419 3270 1691 3391 einzelne keline Städte im Range Forat
410 3357 1276 3429 abschlägig beschieden. Für
1354 3328 1850 3458 nige dieser Stadt-
413 3414 1434 3472 Die oben genannten Bedingungen haben Sältigkeit bis zum
1677 3443 1763 3487 ...
1795 3440 2191 3504 ... Sollten wir an die
407 3461 2335 3614 entscheidende Antwort erhalten haben, so nehmen wir an, daß wir über das in Frage stehende Werk anderweitig verfü¬
