3143 3848
1346 161 1515 324 592
672 207 2663 453 Fischer/Verlag/Berlin M 57/Bülowstraße 9o
695 412 2470 534 Bankkonto: Deutsche Bank. Depositenkasse P in Berlin / Postscheckkonto; Berlin Nr. 16692
964 479 1729 639 Fernsprechanschlüsse: Amt Lützow Nr.
1772 476 2097 669 6162-16
2146 508 2628 712 30. Dez. 1922
356 584 604 736 Gr/Si.
885 753 1816 978 Herrn Dr. Arthur Schnitzler
1916 885 2126 1034 Wien
444 990 1358 1156 Sehr verehrter Herr Doktor,
739 1004 2774 1244 Woticki schreibt mir, dass "weites Land" der "Theatre Guild"
613 1142 2800 1358 in New-York zur Lektüre wegen Aufführung vorliegt. Andere Theater-
613 1259 2716 1460 Organisationen, den er das Stück gab, trugen Bedenken wegen der
619 1390 2727 1556 1500 Dollars Garantie, die sie nach dem Vertrage mit Woticki zu
628 1457 2853 1635 leisten hätten. Dieser beklagt sich darüber, dass von anderer Seite
631 1586 2958 1767 dauernd Bemühungen im Gange seien, seine Option zu durchkreuzen, indem
1337 1697 1571 1767 mme
634 1676 2885 1878 billigere Angebote als das durch unsern Vertrag festgelegte, gemacht
1121 1717 1235 1770 r
383 1717 529 1869 loin
637 1772 2803 1977 werden.-Wenn man ihm behilflich sein will, so müsste ich ihm die
639 1886 2867 2067 Zusicherung geben können, dass zu mindest in jedem anderen Fall die
639 1989 2961 2181 gleichen Bedingungen gestellt werden würden, die auch von ihm verlangt
651 2097 2867 2286 werden, salsos 1500 Dollar garantie und 5 % santieme, oder aber wir
648 2237 2900 2391 erleichtern ihm die Situation, indem wir ihn die Garantie herab-
648 2318 2917 2464 mindern. Natürlich schätzt er uns im Besitz des Vertriebsrechtes von
651 2380 3002 2596 „Weites Land » für Amerika und nimmt nicht an, dass in dieser Beziehung
891 2549 1028 2622 le dernier ses
660 2497 2978 2710 Aktionen möglich sind, auf die der verlag Fischer keinen Einfluss hat.
727 2610 2958 2797 Ich wäre Ihnen daher sehr dankbar, wenn Sie, nachdem wir ja bereits
628 2724 2902 2888 dessen sehr günstigen Vertrag über das Stück für Amerika geschlossen
669 2841 2926 3008 haben, auch auf unsere eigene Situation in dieser Sache freundlichst
666 2975 1518 3110 Rücksicht nehmen wollten.
1548 3043 2502 3203 Mit vorzüglicher Hochachtung
1840 3121 2415 3227 S. FISCHER,VERLAG
1837 3174 2397 3291 AUSLANDSABTEILUNG
2064 3215 2508 3355 lesters présent.
2298 3224 2783 3387 Il sont avec
511 3282 1329 3437 Fhullei Gerich Schömmel
2511 3349 2768 3492 bei sieur
403 3390 1256 3545 are in their order she is to her
1218 3384 2187 3597 even    I was an
1886 3522 2196 3647 a mere servt.
