3096 3912
1011 422 2304 541 Mischer / Verlag / A.=G. Berlin W 52.
589 583 2574 670 Bankkonto: Deutsche Bank, Depositenkasse P in Berlin / Postscheckkonto; Berlin Nr. 1669a
1003 651 2160 777 Fernsprechanschlüsse: Amt Lützow Nr. 6162 bis 6164
1388 713 1771 831 Bülowstraße oo
2005 783 2397 938 11. Juni 25
425 763 608 924 F/Si.
769 989 1709 1174 Herrn Dr. Arthur Schnitzler
2194 1107 2419 1245 Wien
653 1225 1141 1383 Lieber Freund,
758 1391 2729 1529 wir haben von „Berta Garlan“ in der wohlfeilen Ausgabe noch
662 1470 2715 1628 etwa 500 Exemplare auf Lager. Sobald dieser Rest verkauft ist,
662 1580 2757 1698 was hoffentlich bald der Fall sein wird, werden wir dieses Buch
2709 1631 2920 1732 zwei
667 1695 2904 1805 Ihrem Wunsche entsprechend in der grossen Ausgabe drucken. In beiden
1152 1777 1369 1842 Hein
662 1800 2743 1904 Ausgaben kann ### Buch xxx auf den Mark bestehen und ich bin
659 1878 2853 2008 auch der Meinung, dass es vielleicht bei diesem Buch zweckmässiger
659 1988 2304 2132 ist, in Zukunft nur die grosse Ausgabe zu führen.
760 2076 2732 2253 Für die wohlfeile Roman-Bibliothek würde " Doktor Grüsler "
662 2214 2926 2329 sehr gut passen. Wir haben von diesem Buch aber noch etwa 1 800 Exen
659 2301 2853 2456 plare auf Lager; der Neudruck steht also augenblicklich noch nicht
659 2428 997 2571 in Frage.
1448 2554 2205 2712 Mit herzlichen Grüssen
1549 2681 1687 2799 Ihr
1462 2766 1980 2856 S. FISCHER, VERLAG
1484 2842 1938 2932 AKTRENGESESLLSCHAFT
1636 2895 2157 3061 Fische
848 2977 2884 3253 Wir wollen im August in Klims
2532 3134 2760 3233 uns
741 3180 2811 3329 (Grambunden) sein, wir haben in
760 3272 2906 3456 vorigen Jahr dort sehr wohl gefühlt
873 3394 2918 3577 sollten Sie nach der Schweiz reisen
1307 3509 2912 3723 n wir uns sehr freuen Sie
952 3532 1045 3653 nd
