3145 4055
1474 294 1660 413 44S
2040 371 2428 565 Berlin
884 402 1995 571 S. Fischer Verlag
743 471 826 571 7
2397 460 2563 610 1
715 612 2561 751 Amt Lützow 1662 u. 6162 Theaterabteilung postscheckkonto Nr. 1669a
1225 701 2067 806 Berlin W 57, Bülowstraße Nr. 90
1732 795 1821 898 4.
734 804 2164 948 c/8ch Den 25. März 19,20
527 804 687 917 eth r
588 915 2602 1023 noV.nadessez beedelevens menblymoxk fim nevaufomendenegifTob
773 1020 2591 1139 Ob „nenhseyds“.JE.a Tlw neimi eenohnA neagtiholadsed Teb
740 1111 934 1181 Herrn
754 1111 2594 1222 I eBillegadeor ein ans animtsgesammtluA aab fiehredelanum
1150 1197 1840 1283 Dr. Arthur Schnitzler
596 1217 2602 1333 .eann mise J J J fegsen. rendev neuen 4 anwdaenntam asu nesstoeml asb
2081 1294 2322 1361 w i e n
1901 1333 2599 1444 ̃ ̃̃
751 1427 1569 1552 Sehr geehrter Herr Doktor,
840 1508 1585 1605 MevorMooH vene flyksre¬
1616 1530 2780 1621 in Beantwortung Ihres Schreibens vom
726 1666 2885 1749 9. 3.. das infolge des Generalstreiks erst heute erledigt werden kann,
729 1751 2777 1837 teilen wir Ihnen ergebenst mit, dass wir von einer Versendung von
721 1840 2946 1940 Leseexemplaren des „Reigen“ absehen werden. Wir glauben jedoch nicht,
1458 1920 1677 1981 ouest lʼhonneur avec les mêmes
2857 1937 2949 2048 G.C.F.P.
721 1945 2805 2040 solchen Direktoren die ein Exemplar verlangen dieses verweigern zu
718 2020 2705 2139 sollen; dass vorläufig ein Vertragsabschluss nicht möglich ist,
726 2167 2829 2250 wird ihnen natürlich gleichzeitig mitgeteilt. - Den Irrtum mit Prag
721 2264 2838 2350 wollen Sie gefälligst entschuldigen. Durch ein Versehen des Bureaus
715 2364 2752 2453 wurde in diesem Falle „Reigen“ so behandelt wie „ Schwestern “
721 2475 2735 2561 d.h. nach dem für dieses letztere Stück von Ihnen gegebenen Vor
721 2547 2766 2663 schriften. Uebrigens haben wir bereits entsprechend nach Prag de
718 2674 1546 2785 peschiert und geschrieben.
1627 2771 2652 2874 Ueber die Aufführungstermine von
737 2879 2802 2993 „Schwestern,“ und „Reigen bei Reinhardt, haben wir infolge der
721 2979 2865 3090 Verhältnisse in den letzten Tagen nichts in Erfahrung bringen können
729 3065 2805 3190 und sind auch jetzt noch infolge der Verkehrs - und Telephonsperre
734 3201 2738 3350 dore Erkundigungen nicht einzuziehen. Wir werden Ihnen hierüber
726 3298 2256 3447 berichten, sobald wir Nachricht einholen können.
1968 3414 2738 3561 Sollten wir an diesem Tag noch keine
612 3439 1710 3575 Die oben genannten Bedingungen haben Sültigkeit bis zum
615 3547 2735 3680 entscheidende Antwort erhalten haben, so nehmen wir an, daß wir aber das in Frage frehende Werk anderweitig verfügen können
504 3600 615 3686 6I. 226.
