2941 3880
1044 280 1184 420 f 513
190 344 2323 560 S. Fischer/Verlag/Berlin W 57/Bülowstraße 90.
375 512 2110 647 Bankkonto: Deutsche Bank, Depositenkasse P in Berlin / Postschackkonto. Berlin Nr. 16892
655 577 1828 691 Fernoprechanschlüsse: Amt Lützow Nr. 1662, 6162 und 9292
1254 599 1928 770 Den 19. August 1921.
277 610 521 789 Gr/Pr.
1318 772 1847 907 G.C.F.H.D. Dae mnf.
285 756 1234 907 Herrn Dr. Arthur Schnitzler,
106 884 213 974 G.H.F.P
249 882 515 1005 aereille
1531 848 1825 982 Das xxx
1578 926 2379 1120 Alt-Aussee (Steiermark)
311 977 535 1136 G.C.F.P.
761 1089 1657 1237 Sehr geehrter Herr Doktor!
288 1189 409 1357 G.H.F.P.
896 1243 2494 1441 In Beantwortung Ihrer Zuschrift vom 9. 8. teilen
299 1383 2401 1506 wir Ihnen ergebenst mit, dass allerdings bis zum Jahre 1904 von
294 1492 2505 1620 seiten des Verlages kein Copyright auf Ihre bis dahin erschienenen
1189 1565 1301 1634 G.C.H.P.
297 1595 2306 1749 Werke angemeldet wurde. Dieses ist jedoch eine Tatsache, die
1710 1671 1814 1735 G.H.F.P
308 1713 2488 1847 Ihnen ja nicht unbekannt war, sondern in Ihren früheren Korrespon-
305 1811 2334 1956 denzen mit Herrn Fischer bereits mehrfach Erwähnung fand. Wir
302 1909 2527 2054 erinnern beispielsweise an den von uns in Ihrem Auftrag geschlosse-
294 2023 2499 2158 nen Vertrag mit Alice Kaiser, in welchem eine ausdrückliche Unter-
311 2113 2558 2267 scheidung zwischen Ihren copyrighteden und Ihnen nicht copyrighteden
302 2245 2446 2368 Büchern gemacht wurde. Sie legten aber damals begreiflicherweise
1800 2329 2471 2468 Verlag, da natürlich
311 2357 1679 2496 auf diesen Umstand ebenso wenig Wert wie.
1780 2415 1993 2491 G.C.H.F.S
308 2452 2410 2589 die künftige Entwicklung der Dinge damals von niemand vorausge-
311 2524 2466 2692 sehen werden konnte. Tatsächlich hat der Verlag, sobald die Frage
311 2642 2379 2810 des Copyrightes irgendwie ins Gewicht zu fallen schien, dieses
311 2793 2413 2908 auch regelmässig angemeldet. Ihre gesamten, seit dem Jahre 1904
313 2886 2359 2997 erschienenen, Werke haben das Copyright erhalten. Davon ausge-
308 2967 2435 3129 nommen sind lediglich die seit dem Kriege erschienenen, die aber
319 3126 2407 3224 gleichfalls bei dem Berliner Amerika-Institut zur Erwirkung des
316 3202 2471 3358 Copyrightes übergeben sind, aber von dort, infolge der noch nicht
316 3300 2443 3465 aufgenommenen friedlichen Beziehungen noch nicht nach Washington
313 3428 1327 3566 weitergeleitet werden konnte.
915 3507 2326 3675 Die uns freundlichst übersandte Liste Ihren
