3133 4058
1069 250 1260 347 a ces
1713 548 1993 680 Fornesroch-Anno
515 974 2231 1195 Mitteilung gemacht, dass er eine Buchausgabe der * Sa
539 1095 2523 1286 richtigt. Wir wiesen ihn darauf hin, dass für die Augführung ein-
497 1166 2720 1375 setzung des vertrauenswürdigen Desider Kosztolanyi beabsichtigt sei,
495 1275 2735 1490 die ja dann wohl auch am besten für die Buchausgabe verwendet würde.
503 1325 2873 1569 Irgend ein Abkommen haben wir mit Herrn Lasswitz nicht getroffen, da wir
497 1466 2805 1687 hierzu bisher von Ihnen nicht ermächtigt worden sind. Was eine frühere
509 1590 2747 1805 Anfrage von Ihnen wegen des Schutzes österreichischer in Deutschland
2717 1669 2832 1772 adi.
515 1681 2649 1916 verlegter Autoren in Ungarn anbetrifft, so besteht nach unsern Er
518 1781 2699 2022 gungen keinerlei Unterschied zwischen Oesterreich und Deutschland.
589 1878 2832 2108 Die spanische Angelegenheit a Komödie der Worte schwebt noch. Das
518 1990 2864 2220 deutsche Konsulat in Madrid war von uns gebeten worden, den Uebersetzer
533 2069 2738 2308 den Vertrag gegen Bezahlung von 300 Pesetas auszufolgen, hat uns ab
524 2199 2470 2414 merkwürdigerweise bis jetzt trotz Urgenz ohne Bescheid gel###
1416 2370 2193 2508 vorzüglicher Hochachtung
1492 2467 1825 2576 S. FISCHER
1498 2552 1831 2691 AUSLANDSAR
