3116 3816
437 131 938 302 to the
1479 238 2514 403 in M 57/Bülowstrasse
797 254 1427 440 er/ Verlag / Bey
1421 376 2423 495 9 P in Berlin / Postscheckkonto: Berlin Nr. 16892
822 394 1317 498 Deutsche Bank, Deposit
1384 464 1680 556 Lützow Nr.
1714 452 2065 638 6162-6164
779 721 1610 935 Herrn Dr. Arthur Schnitzl
2465 807 2600 923 G.H.F.P
550 865 984 975 M- ds M ri-
2242 898 2585 1030 G.C.H.S.
2132 803 2242 1014 wi
1103 926 1347 1075 G.C.F.P.
498 944 944 1045 G.C.H.F. G. H.D.
2557 993 2695 1081 G.F.P.
492 1026 950 1109 Lieber Freund,
2035 1002 2508 1146 G.C.H.F.P.S
1735 1011 1977 1152 G.H.F.P.
565 1023 1729 1185 xxx. xxx xxx
2609 1109 2728 1219 G.C.F.P.
532 1127 2585 1277 wir sind dabei eine neue Auflage von 4000 Exemplaren von der
425 1216 2746 1363 zweiten Reihe Ihrer Gesammelten Werke zu drucken und ich habe auch den
415 1323 2756 1491 Neudruck der ersten Reihe in der gleichen Auflagenzahl vorgesehen. Das
425 1411 2753 1573 Herstellungsobjekt erreicht eine sehr bedenkliche Höhe, besonders wenn
437 1534 2679 1671 die gegenwärtige Absatzstockung dabei in Rücksicht gezogen ist. Aber
2698 1500 2811 1637 G.H.F.P
1381 1644 1592 1696 G.C.H.S
437 1616 2884 1787 wie dem auch sei, ich wege es, wenngleich ich aus dem Erlös der im vorigen
1311 1729 1735 1802 Kosten der
434 1732 2890 1912 Jahr gedruckten Auflagen die Neuherstellung auch nicht entfernt bestreiten
1641 1854 2603 1977 am 24. Junii 1824.
440 1906 629 2010 Kann.
541 1964 2823 2074 Das gibt mir Veranlassung, noch einmal auf die Honorierungsform, wie
440 2047 2798 2230 ich Ihnen schon im vorigen Jahr geschrieben habe, noch einmal zurückzu-
443 2172 2859 2331 kommen. Bitte lesen Sie vor allen Dingen die »Richtlinien» für die Hono-
2215 2236 2328 2297 dis.
1799 2233 2029 2316 G.C.F.D.
1295 2255 1586 2319 G.H. C.0.0 Se
452 2264 2835 2401 rierung, die sich aus der Erfahrung einer Anzahl hervorragender Verleger
2096 2340 2429 2404 Geschäftnisamt.
1937 2346 2102 2420 J.B.H.F.
1699 2349 1891 2417 G.C.F.P.
1408 2365 1488 2426 S & J
455 2374 2835 2533 herausgebildet haben. Alles was ich Ihnen dazu zu schreiben hatte, steht
458 2475 2814 2612 hier drin. Nun handelt es sich zwischen uns durchaus nicht etwa um eine
467 2551 2762 2740 Verkürzung Ihres bisherigen Honorars, das ich eintreten lassen müsste,
1744 2661 1937 2722 von der Stadt vor der stadt sein.
1521 2676 1619 2728 G.C.F.P.
874 2682 968 2743 G.H.P
480 2661 2872 2798 falls ich mich an die Richtlinien gebunden halten würde; Ihr Honorar soll
684 2783 883 2853 G.C.H.F.
971 2783 1078 2838 A M
474 2753 2875 2945 das gleiche bleiben, wie bisher. Wenn wir nach dem alten Abrechnungsmodus
1243 2878 1912 2930 auf xxx xxx
733 2890 816 2945 G.C.P
849 2890 971 2951 G.C.H.
470 2856 2853 3043 honorierten, so würde die einzige Aenderung, die ich Ihnen vorzuschlagen
935 2973 1934 3064 xxx. xxx xxx
477 2951 2606 3141 hätte, die sein, dass ich von der Gesamtausgabe je eine halbe Auf-
2679 2957 2878 3086 ge und
1011 3086 1149 3150 G.H.F.P.
2166 3058 2441 3177 möglich zu bezeigen.
1613 3070 1766 3186 Erstel
486 3086 1280 3247 von den Einzelausgaben
559 3192 1014 3254 am 3. Jahr.
480 3189 1149 3351 aber Honorarzuschläge
498 3336 1268 3431 bekommen könnten. Sie wir
