<?xml version="1.0" encoding="UTF-8" standalone="yes"?>
<PcGts xmlns="http://schema.primaresearch.org/PAGE/gts/pagecontent/2013-07-15" xmlns:xsi="http://www.w3.org/2001/XMLSchema-instance" xsi:schemaLocation="http://schema.primaresearch.org/PAGE/gts/pagecontent/2013-07-15 http://schema.primaresearch.org/PAGE/gts/pagecontent/2013-07-15/pagecontent.xsd">
    <Metadata>
        <Creator>prov=READ-COOP:name=TrHtr:version=2.1.0:model_id=51170:date=27_07_2023_22:32</Creator>
        <Created>2023-05-02T08:11:36.798+02:00</Created>
        <LastChange>2023-07-27T22:32:17.335+02:00</LastChange>
        <TranskribusMetadata docId="1416743" pageId="54954836" pageNr="510" tsid="131306179" status="IN_PROGRESS" userId="64420" imgUrl="https://files.transkribus.eu/Get?id=FZJYWZCDTSPSCPIGHCCFYQXI&amp;fileType=view" xmlUrl="https://files.transkribus.eu/Get?id=DUAYXIKNVWRDPEHLHHQXXCVK" imageId="44458561"/>
    </Metadata>
    <Page imageFilename="1416743_0510.jpg" imageWidth="2926" imageHeight="3912">
        <ReadingOrder>
            <OrderedGroup id="ro_1711826498760" caption="Regions reading order">
                <RegionRefIndexed index="0" regionRef="tr_1"/>
            </OrderedGroup>
        </ReadingOrder>
        <TextRegion id="tr_1" custom="readingOrder {index:0;}">
            <Coords points="325,553 2639,553 2639,3751 325,3751"/>
            <TextLine id="tr_1_tl_1" custom="readingOrder {index:0;}">
                <Coords points="1410,641 1460,635 1477,621 1511,638 1547,618 1597,621 1614,638 1732,615 1732,515 1676,520 1592,492 1567,515 1558,506 1491,515 1449,492 1410,490"/>
                <Baseline points="1424,606 1469,603 1514,606 1558,606 1603,606 1648,603 1693,603 1738,603"/>
                <TextEquiv>
                    <Unicode>M a0 31</Unicode>
                </TextEquiv>
            </TextLine>
            <TextLine id="tr_1_tl_2" custom="readingOrder {index:1;}">
                <Coords points="1432,685 1494,688 1527,702 1539,694 1550,699 1561,688 1583,702 1600,688 1614,688 1614,627 1586,635 1581,629 1564,632 1547,646 1511,641 1477,621 1463,629 1432,629"/>
                <Baseline points="1448,680 1487,677 1531,677 1576,677 1621,677"/>
                <TextEquiv>
                    <Unicode>G.C.H.F.P.P</Unicode>
                </TextEquiv>
            </TextLine>
            <TextLine id="tr_1_tl_3" custom="readingOrder {index:2;}">
                <Coords points="1385,786 1416,794 1460,783 1483,803 1505,783 1522,794 1558,775 1586,778 1611,797 1645,792 1648,685 1617,699 1606,694 1583,713 1553,697 1527,702 1457,683 1385,694"/>
                <Baseline points="1400,764 1445,764 1490,767 1534,767 1579,764 1624,767 1651,767"/>
                <TextEquiv>
                    <Unicode>G.C.R.M.</Unicode>
                </TextEquiv>
            </TextLine>
            <TextLine id="tr_1_tl_4" custom="readingOrder {index:3;}">
                <Coords points="1354,923 1368,926 1393,912 1424,923 1435,912 1446,926 1466,912 1494,918 1502,929 1516,918 1544,915 1550,794 1519,792 1499,781 1480,797 1463,783 1435,794 1424,786 1416,794 1385,778 1362,778"/>
                <Baseline points="1376,851 1421,854 1466,851 1511,848 1555,845"/>
                <TextEquiv>
                    <Unicode>G.C.F:P:S</Unicode>
                </TextEquiv>
            </TextLine>
            <TextLine id="tr_1_tl_5" custom="readingOrder {index:4;}">
                <Coords points="308,1264 2319,1113 2481,1164 2560,1027 2199,960 1220,1111 540,1144 319,1077"/>
                <Baseline points="325,1203 367,1200 412,1200 456,1197 501,1194 546,1194 591,1191 636,1191 680,1188 725,1185 770,1182 815,1179 860,1176 904,1176 949,1173 994,1170 1039,1170 1084,1167 1128,1164 1173,1161 1218,1161 1263,1158 1307,1155 1352,1152 1397,1149 1442,1146 1487,1143 1531,1140 1576,1137 1621,1137 1666,1134 1711,1131 1755,1131 1800,1128 1845,1125 1890,1122 1935,1122 1979,1119 2024,1116 2069,1113 2114,1110 2159,1107 2203,1104 2248,1104 2293,1101 2338,1098 2383,1095 2427,1092 2472,1092 2517,1089 2562,1089"/>
                <TextEquiv>
                    <Unicode>für kurze Zeit zu verlassen, sich an den Dichter, Menschen- und Seelez-</Unicode>
                </TextEquiv>
            </TextLine>
            <TextLine id="tr_1_tl_6" custom="readingOrder {index:5;}">
                <Coords points="322,1326 2330,1259 2414,1147 327,1245"/>
                <Baseline points="337,1307 361,1304 406,1304 450,1304 495,1302 540,1302 585,1299 630,1296 674,1293 719,1290 764,1287 809,1287 854,1284 898,1281 943,1278 988,1278 1033,1272 1078,1272 1122,1269 1167,1269 1212,1263 1257,1260 1302,1260 1346,1257 1391,1254 1436,1251 1481,1248 1525,1248 1570,1245 1615,1239 1660,1236 1705,1236 1749,1233 1794,1233 1839,1233 1884,1230 1929,1227 1973,1224 2018,1224 2063,1218 2108,1218 2153,1212 2197,1212 2242,1209 2287,1206 2332,1206 2377,1203 2421,1197"/>
                <TextEquiv>
                    <Unicode>kennenden Greiner zu erinnern und sich für kurze Zeit objektiv in</Unicode>
                </TextEquiv>
            </TextLine>
            <TextLine id="tr_1_tl_7" custom="readingOrder {index:6;}">
                <Coords points="322,1430 2378,1376 2523,1340 2529,1228 1645,1312 878,1281 322,1382"/>
                <Baseline points="337,1415 382,1415 427,1412 471,1412 516,1409 561,1406 606,1403 651,1400 695,1400 740,1397 785,1394 830,1391 874,1391 919,1385 964,1382 1009,1379 1054,1379 1098,1376 1143,1373 1188,1370 1233,1367 1278,1367 1322,1361 1367,1358 1412,1355 1457,1352 1502,1349 1546,1349 1591,1349 1636,1346 1681,1346 1726,1343 1770,1346 1815,1346 1860,1349 1905,1337 1950,1334 1994,1328 2039,1325 2084,1325 2129,1322 2173,1319 2218,1316 2263,1316 2308,1313 2353,1310 2397,1310 2442,1307 2487,1307 2532,1307"/>
                <TextEquiv>
                    <Unicode>meine Lage zu versetzen. Dann werden auch Sie, wie ich überzeugt bin,</Unicode>
                </TextEquiv>
            </TextLine>
            <TextLine id="tr_1_tl_8" custom="readingOrder {index:7;}">
                <Coords points="322,1541 1981,1491 2084,1550 2512,1455 2554,1348 327,1432"/>
                <Baseline points="337,1522 361,1520 406,1520 450,1517 495,1514 540,1511 585,1511 630,1508 674,1502 719,1502 764,1499 809,1496 854,1496 898,1493 943,1490 988,1487 1033,1484 1078,1481 1122,1478 1167,1475 1212,1478 1257,1475 1302,1472 1346,1466 1391,1466 1436,1463 1481,1460 1525,1457 1570,1454 1615,1454 1660,1451 1705,1451 1749,1448 1794,1442 1839,1442 1884,1439 1929,1439 1973,1436 2018,1433 2063,1430 2108,1430 2153,1427 2197,1424 2242,1424 2287,1421 2332,1418 2377,1415 2421,1415 2466,1415 2511,1412 2556,1412"/>
                <TextEquiv>
                    <Unicode>zugeben, dass ich nicht um Haaresbreite vom geraden und korrektem Wege</Unicode>
                </TextEquiv>
            </TextLine>
            <TextLine id="tr_1_tl_9" custom="readingOrder {index:8;}">
                <Coords points="333,1653 1113,1653 1242,1620 1245,1525 1074,1558 962,1522 336,1558"/>
                <Baseline points="349,1624 352,1624 397,1624 441,1624 486,1621 531,1618 576,1615 621,1612 665,1609 710,1606 755,1603 800,1603 845,1606 889,1606 934,1603 979,1603 1024,1603 1069,1603 1113,1603 1158,1603 1203,1603 1248,1603"/>
                <TextEquiv>
                    <Unicode>abgewichen bin.</Unicode>
                </TextEquiv>
            </TextLine>
            <TextLine id="tr_1_tl_10" custom="readingOrder {index:9;}">
                <Coords points="1223,1712 1343,1746 2459,1726 2459,1634 2414,1617 2039,1583 1927,1614 1477,1586 1223,1642"/>
                <Baseline points="1239,1711 1257,1711 1302,1711 1346,1711 1391,1711 1436,1714 1481,1711 1525,1711 1570,1711 1615,1711 1660,1711 1705,1708 1749,1708 1794,1708 1839,1708 1884,1711 1929,1708 1973,1708 2018,1708 2063,1705 2108,1708 2153,1705 2197,1705 2242,1705 2287,1702 2332,1702 2377,1705 2421,1702 2466,1705"/>
                <TextEquiv>
                    <Unicode>Ziegel schreibt wir in seinem Briefe</Unicode>
                </TextEquiv>
            </TextLine>
            <TextLine id="tr_1_tl_11" custom="readingOrder {index:10;}">
                <Coords points="2204,1810 2283,1813 2344,1860 2397,1852 2445,1880 2467,1866 2523,1874 2521,1695 2453,1734 2392,1723 2311,1760 2277,1734 2204,1732"/>
                <Baseline points="2221,1809 2266,1806 2311,1812 2356,1809 2400,1809 2445,1809 2490,1809 2529,1815"/>
                <TextEquiv>
                    <Unicode>richteten</Unicode>
                </TextEquiv>
            </TextLine>
            <TextLine id="tr_1_tl_12" custom="readingOrder {index:11;}">
                <Coords points="859,1835 971,1860 1298,1813 1455,1852 1908,1818 1925,1723 1774,1762 1519,1718 859,1754"/>
                <Baseline points="874,1824 901,1821 946,1821 991,1821 1036,1821 1081,1818 1125,1818 1170,1818 1215,1818 1260,1818 1304,1815 1349,1812 1394,1815 1439,1815 1484,1815 1528,1815 1573,1815 1618,1815 1663,1812 1708,1815 1752,1812 1797,1812 1842,1812 1887,1812 1932,1812"/>
                <TextEquiv>
                    <Unicode>dass er eine Abschrift dieses a</Unicode>
                </TextEquiv>
            </TextLine>
            <TextLine id="tr_1_tl_13" custom="readingOrder {index:12;}">
                <Coords points="1329,1894 2174,1880 2241,1874 2244,1813 2062,1734 1944,1821 1332,1832"/>
                <Baseline points="1346,1887 1355,1887 1400,1884 1445,1881 1490,1881 1534,1881 1579,1878 1624,1878 1669,1878 1714,1875 1758,1872 1803,1869 1848,1866 1893,1863 1938,1860 1982,1857 2027,1857 2072,1854 2117,1851 2162,1848 2206,1848 2251,1848"/>
                <TextEquiv>
                    <Unicode>Mit vorzüglicher Hochachtung</Unicode>
                </TextEquiv>
            </TextLine>
            <TextLine id="tr_1_tl_14" custom="readingOrder {index:13;}">
                <Coords points="638,1950 2112,1964 2406,1933 2406,1855 1374,1908 1069,1830 638,1880"/>
                <Baseline points="653,1926 665,1926 710,1926 755,1929 800,1929 845,1929 889,1929 934,1929 979,1929 1024,1929 1069,1926 1113,1929 1158,1926 1203,1923 1248,1923 1293,1923 1337,1926 1382,1926 1427,1923 1472,1920 1517,1923 1561,1926 1606,1923 1651,1923 1696,1923 1740,1923 1785,1923 1830,1923 1875,1920 1920,1923 1964,1920 2009,1920 2054,1917 2099,1917 2144,1917 2188,1917 2233,1920 2278,1920 2323,1917 2368,1917 2412,1917"/>
                <TextEquiv>
                    <Unicode>xxx an sie gesandt nabe. Ich achatze Sie daher im</Unicode>
                </TextEquiv>
            </TextLine>
            <TextLine id="tr_1_tl_15" custom="readingOrder {index:14;}">
                <Coords points="352,1983 394,1986 406,1978 431,1978 436,1972 453,1975 453,1872 436,1872 425,1860 400,1849 378,1852 372,1858 366,1852 352,1852"/>
                <Baseline points="367,1926 412,1929 456,1926 459,1926"/>
                <TextEquiv>
                    <Unicode>G.F.P.</Unicode>
                </TextEquiv>
            </TextLine>
            <TextLine id="tr_1_tl_16" custom="readingOrder {index:15;}">
                <Coords points="1312,1978 1329,1981 1334,1975 1351,1975 1374,1989 1393,1983 1404,1992 1421,1992 1421,1925 1407,1925 1399,1930 1393,1927 1385,1936 1371,1939 1362,1947 1351,1939 1312,1939"/>
                <Baseline points="1328,1973 1373,1973 1418,1976 1424,1976"/>
                <TextEquiv>
                    <Unicode>G.C.H.P.</Unicode>
                </TextEquiv>
            </TextLine>
            <TextLine id="tr_1_tl_17" custom="readingOrder {index:16;}">
                <Coords points="366,2087 2459,2087 2568,2070 2571,1919 369,1992"/>
                <Baseline points="382,2030 424,2033 468,2036 513,2033 558,2036 603,2036 648,2036 692,2036 737,2036 782,2036 827,2036 871,2036 916,2036 961,2036 1006,2033 1051,2036 1095,2036 1140,2036 1185,2036 1230,2036 1275,2033 1319,2033 1364,2033 1409,2030 1454,2030 1499,2030 1543,2030 1588,2030 1633,2030 1678,2030 1723,2030 1767,2030 1812,2033 1857,2030 1902,2030 1947,2030 1991,2027 2036,2027 2081,2024 2126,2027 2171,2027 2215,2027 2260,2024 2305,2024 2350,2024 2394,2024 2439,2024 2484,2024 2529,2024 2574,2021"/>
                <TextEquiv>
                    <Unicode>Basitze dieser Abschrift, aus der Sie gefälligst entnommen haben</Unicode>
                </TextEquiv>
            </TextLine>
            <TextLine id="tr_1_tl_18" custom="readingOrder {index:17;}">
                <Coords points="380,2176 2518,2168 2518,2073 2361,2051 380,2070"/>
                <Baseline points="397,2138 418,2141 462,2141 507,2144 552,2147 597,2147 642,2147 686,2147 731,2147 776,2147 821,2144 866,2144 910,2144 955,2144 1000,2144 1045,2147 1089,2147 1134,2147 1179,2147 1224,2144 1269,2144 1313,2144 1358,2144 1403,2144 1448,2141 1493,2141 1537,2141 1582,2141 1627,2141 1672,2141 1717,2141 1761,2141 1806,2141 1851,2141 1896,2138 1941,2138 1985,2138 2030,2135 2075,2135 2120,2135 2165,2135 2209,2135 2254,2135 2299,2132 2344,2132 2389,2132 2433,2129 2478,2129 2523,2126"/>
                <TextEquiv>
                    <Unicode>werden, welchen Standpunkt Ziegel einnimmt. In der Anlage über-</Unicode>
                </TextEquiv>
            </TextLine>
            <TextLine id="tr_1_tl_19" custom="readingOrder {index:18;}">
                <Coords points="372,2300 2495,2272 2526,2171 372,2204"/>
                <Baseline points="388,2251 427,2251 471,2254 516,2254 561,2254 606,2254 651,2254 695,2254 740,2254 785,2254 830,2254 874,2254 919,2254 964,2254 1009,2254 1054,2254 1098,2257 1143,2251 1188,2251 1233,2251 1278,2251 1322,2251 1367,2251 1412,2248 1457,2248 1502,2248 1546,2251 1591,2254 1636,2251 1681,2248 1726,2248 1770,2248 1815,2245 1860,2245 1905,2245 1950,2242 1994,2242 2039,2242 2084,2242 2129,2242 2173,2242 2218,2242 2263,2245 2308,2242 2353,2242 2397,2239 2442,2239 2487,2239 2532,2239"/>
                <TextEquiv>
                    <Unicode>mende ich Ihnen Kopie eines Briefen, den ich sieben als Antwort</Unicode>
                </TextEquiv>
            </TextLine>
            <TextLine id="tr_1_tl_20" custom="readingOrder {index:19;}">
                <Coords points="372,2378 2431,2389 2537,2364 2537,2260 372,2300"/>
                <Baseline points="388,2353 394,2353 438,2356 483,2359 528,2359 573,2359 618,2359 662,2359 707,2359 752,2359 797,2359 842,2359 886,2359 931,2359 976,2359 1021,2359 1066,2359 1110,2359 1155,2359 1200,2356 1245,2356 1290,2356 1334,2356 1379,2356 1424,2356 1469,2356 1514,2356 1558,2353 1603,2353 1648,2356 1693,2353 1738,2353 1782,2353 1827,2353 1872,2353 1917,2350 1961,2350 2006,2350 2051,2350 2096,2350 2141,2350 2185,2347 2230,2347 2275,2347 2320,2347 2365,2347 2409,2344 2454,2344 2499,2344 2544,2338"/>
                <TextEquiv>
                    <Unicode>auf Ziegels Brief an diesen garlehtet habe. Dieses Schreiben hat</Unicode>
                </TextEquiv>
            </TextLine>
            <TextLine id="tr_1_tl_21" custom="readingOrder {index:20;}">
                <Coords points="375,2484 2269,2498 2437,2490 2437,2386 375,2411"/>
                <Baseline points="391,2463 430,2463 474,2466 519,2466 564,2466 609,2466 653,2466 698,2469 743,2469 788,2469 833,2469 877,2469 922,2466 967,2466 1012,2466 1057,2466 1101,2466 1146,2466 1191,2466 1236,2463 1281,2463 1325,2463 1370,2463 1415,2463 1460,2463 1505,2463 1549,2463 1594,2463 1639,2463 1684,2460 1729,2463 1773,2460 1818,2460 1863,2460 1908,2460 1953,2460 1997,2460 2042,2457 2087,2457 2132,2457 2176,2457 2221,2457 2266,2454 2311,2457 2356,2454 2400,2457 2445,2451"/>
                <TextEquiv>
                    <Unicode>den xxxx auf alle Falle einen Sie decxenden formellen Standp¬</Unicode>
                </TextEquiv>
            </TextLine>
            <TextLine id="tr_1_tl_22" custom="readingOrder {index:21;}">
                <Coords points="372,2632 2188,2604 2188,2476 1225,2470 909,2526 372,2481"/>
                <Baseline points="388,2574 400,2574 444,2574 489,2574 534,2577 579,2574 624,2574 668,2577 713,2577 758,2580 803,2577 848,2577 892,2574 937,2571 982,2574 1027,2574 1072,2574 1116,2574 1161,2574 1206,2574 1251,2574 1296,2574 1340,2574 1385,2574 1430,2574 1475,2571 1520,2571 1564,2571 1609,2571 1654,2571 1699,2571 1743,2571 1788,2571 1833,2571 1878,2568 1923,2568 1967,2568 2012,2568 2057,2568 2102,2565 2147,2565 2191,2562"/>
                <TextEquiv>
                    <Unicode>xxxnieges, xxx xxx unterbreite im übrigen die gnade xxxge¬</Unicode>
                </TextEquiv>
            </TextLine>
            <TextLine id="tr_1_tl_23" custom="readingOrder {index:22;}">
                <Coords points="2073,2686 2148,2722 2224,2686 2358,2719 2409,2700 2453,2739 2576,2697 2632,2711 2632,2563 2476,2607 2369,2604 2300,2574 2216,2613 2179,2582 2073,2574"/>
                <Baseline points="2087,2672 2132,2672 2176,2672 2221,2672 2266,2669 2311,2669 2356,2672 2400,2669 2445,2666 2490,2669 2535,2669 2580,2669 2624,2669 2639,2672"/>
                <TextEquiv>
                    <Unicode>ergriffen werden.</Unicode>
                </TextEquiv>
            </TextLine>
            <TextLine id="tr_1_tl_24" custom="readingOrder {index:23;}">
                <Coords points="378,2691 1972,2714 2048,2708 2048,2599 378,2635"/>
                <Baseline points="394,2678 397,2681 441,2681 486,2681 531,2681 576,2681 621,2681 665,2681 710,2681 755,2681 800,2681 845,2681 889,2681 934,2681 979,2684 1024,2684 1069,2684 1113,2684 1158,2681 1203,2681 1248,2678 1293,2675 1337,2675 1382,2675 1427,2675 1472,2675 1517,2675 1561,2675 1606,2678 1651,2678 1696,2675 1740,2675 1785,2675 1830,2675 1875,2675 1920,2675 1964,2672 2009,2672 2054,2669"/>
                <TextEquiv>
                    <Unicode>ihrer Entscheidung, Falta Masmahmen gegen Ziegel</Unicode>
                </TextEquiv>
            </TextLine>
            <TextLine id="tr_1_tl_25" custom="readingOrder {index:24;}">
                <Coords points="1894,2798 2017,2814 2115,2775 2182,2823 2235,2803 2235,2688 2196,2688 2176,2708 2140,2714 2118,2702 2101,2716 2059,2702 2045,2714 2023,2697 1967,2714 1927,2683 1894,2683"/>
                <Baseline points="1908,2774 1929,2777 1973,2774 2018,2774 2063,2774 2108,2777 2153,2774 2197,2774 2242,2771"/>
                <TextEquiv>
                    <Unicode>lichen voll</Unicode>
                </TextEquiv>
            </TextLine>
            <TextLine id="tr_1_tl_26" custom="readingOrder {index:25;}">
                <Coords points="389,2823 1872,2803 1841,2683 1002,2742 392,2694"/>
                <Baseline points="406,2786 444,2783 489,2786 534,2786 579,2789 624,2789 668,2786 713,2786 758,2786 803,2786 848,2786 892,2786 937,2786 982,2786 1027,2783 1072,2786 1116,2783 1161,2783 1206,2783 1251,2783 1296,2777 1340,2780 1385,2780 1430,2780 1475,2780 1520,2780 1564,2780 1609,2783 1654,2780 1699,2780 1743,2780 1788,2780 1833,2777 1878,2777"/>
                <TextEquiv>
                    <Unicode>sollen, so bedurfte ich hierum einer ausdrück</Unicode>
                </TextEquiv>
            </TextLine>
            <TextLine id="tr_1_tl_27" custom="readingOrder {index:26;}">
                <Coords points="2224,2901 2244,2901 2249,2895 2266,2893 2277,2895 2286,2904 2297,2901 2311,2912 2316,2907 2333,2907 2330,2825 2314,2825 2297,2809 2246,2811 2235,2820 2221,2820"/>
                <Baseline points="2239,2881 2284,2881 2329,2884 2341,2881"/>
                <TextEquiv>
                    <Unicode>G.H.F.S</Unicode>
                </TextEquiv>
            </TextLine>
            <TextLine id="tr_1_tl_28" custom="readingOrder {index:27;}">
                <Coords points="375,2895 459,2921 548,2898 613,2940 876,2904 1010,2935 1091,2901 1365,2921 1365,2823 1312,2800 892,2845 733,2834 683,2792 565,2837 490,2806 375,2831"/>
                <Baseline points="391,2890 435,2890 480,2890 525,2890 570,2893 615,2890 659,2893 704,2893 749,2890 794,2890 839,2890 883,2893 928,2890 973,2890 1018,2890 1063,2890 1107,2893 1152,2893 1197,2890 1242,2890 1287,2890 1331,2890 1370,2893"/>
                <TextEquiv>
                    <Unicode>durch welche dass Nacht nur xxx</Unicode>
                </TextEquiv>
            </TextLine>
            <TextLine id="tr_1_tl_29" custom="readingOrder {index:28;}">
                <Coords points="436,3021 504,3002 571,3041 727,3005 864,3038 960,3013 1002,3044 1337,3044 1337,2912 1267,2943 1088,2901 951,2949 817,2909 669,2943 436,2937"/>
                <Baseline points="453,2995 498,2995 543,2995 588,2995 633,2995 677,2998 722,2995 767,2998 812,2998 857,2995 901,2995 946,2995 991,2995 1036,2998 1081,2995 1125,2995 1170,2995 1215,2995 1260,2995 1304,2995 1343,2995"/>
                <TextEquiv>
                    <Unicode>ämisonenapie### der Mailand</Unicode>
                </TextEquiv>
            </TextLine>
            <TextLine id="tr_1_tl_30" custom="readingOrder {index:29;}">
                <Coords points="383,3128 767,3122 836,3161 1077,3111 1161,3139 1211,3105 1262,3142 1374,3111 1374,3024 1259,3055 909,3013 848,3049 727,3007 571,3041 515,3007 442,3055 383,3032"/>
                <Baseline points="400,3096 444,3099 489,3096 534,3096 579,3099 624,3099 668,3099 713,3099 758,3099 803,3102 848,3099 892,3099 937,3099 982,3099 1027,3099 1072,3099 1116,3099 1161,3102 1206,3102 1251,3102 1296,3102 1340,3099 1379,3102"/>
                <TextEquiv>
                    <Unicode>Ich bitte in diesem Falle; da</Unicode>
                </TextEquiv>
            </TextLine>
            <TextLine id="tr_1_tl_31" custom="readingOrder {index:30;}">
                <Coords points="380,3217 464,3203 610,3245 778,3245 834,3212 1329,3228 1329,3122 1262,3139 1211,3108 1147,3142 1077,3111 834,3161 697,3116 380,3128"/>
                <Baseline points="397,3201 441,3201 486,3204 531,3204 576,3204 621,3201 665,3204 710,3204 755,3204 800,3204 845,3207 889,3207 934,3204 979,3204 1024,3204 1069,3204 1113,3204 1158,3204 1203,3204 1248,3204 1293,3204 1334,3204"/>
                <TextEquiv>
                    <Unicode>weltere korrespondenz in die</Unicode>
                </TextEquiv>
            </TextLine>
            <TextLine id="tr_1_tl_32" custom="readingOrder {index:31;}">
                <Coords points="375,3307 534,3365 683,3323 884,3368 1091,3321 1309,3346 1309,3240 1139,3214 839,3265 758,3234 674,3265 375,3245"/>
                <Baseline points="391,3302 435,3305 480,3305 525,3308 570,3308 615,3308 659,3308 704,3308 749,3311 794,3311 839,3308 883,3311 928,3308 973,3311 1018,3311 1063,3311 1107,3308 1152,3308 1197,3308 1242,3308 1287,3308 1313,3305"/>
                <TextEquiv>
                    <Unicode>Herrn Rechts###walt xxx Pium¬</Unicode>
                </TextEquiv>
            </TextLine>
            <TextLine id="tr_1_tl_33" custom="readingOrder {index:32;}">
                <Coords points="1900,3335 1969,3321 2045,3354 2118,3363 2210,3343 2210,3253 2190,3248 2148,3267 2129,3253 2093,3259 2067,3242 2056,3251 1981,3256 1950,3245 1933,3259 1900,3256"/>
                <Baseline points="1914,3308 1958,3308 2003,3311 2048,3308 2093,3311 2138,3311 2182,3308 2218,3308"/>
                <TextEquiv>
                    <Unicode>lingstras</Unicode>
                </TextEquiv>
            </TextLine>
            <TextLine id="tr_1_tl_34" custom="readingOrder {index:33;}">
                <Coords points="406,3435 464,3455 582,3421 641,3469 800,3458 828,3430 1203,3424 1183,3315 898,3368 744,3326 498,3363 406,3315"/>
                <Baseline points="421,3410 447,3410 492,3410 537,3410 582,3410 627,3410 671,3410 716,3407 761,3410 806,3410 851,3410 895,3410 940,3413 985,3410 1030,3413 1075,3410 1119,3410 1164,3410 1209,3407"/>
                <TextEquiv>
                    <Unicode>Dichten, der von mirüber</Unicode>
                </TextEquiv>
            </TextLine>
            <TextLine id="tr_1_tl_35" custom="readingOrder {index:34;}">
                <Coords points="1455,3676 1558,3642 1844,3690 1925,3654 2263,3640 2322,3679 2529,3651 2529,3567 2411,3511 2224,3539 1941,3505 1860,3539 1455,3502"/>
                <Baseline points="1469,3628 1514,3628 1558,3628 1603,3628 1648,3628 1693,3628 1738,3628 1782,3628 1827,3628 1872,3628 1917,3631 1961,3628 2006,3628 2051,3631 2096,3631 2141,3631 2185,3634 2230,3631 2275,3631 2320,3631 2365,3631 2409,3634 2454,3634 2499,3631 2535,3628"/>
                <TextEquiv>
                    <Unicode>gemeit der unautorisierten Auf-</Unicode>
                </TextEquiv>
            </TextLine>
            <TextLine id="tr_1_tl_36" custom="readingOrder {index:35;}">
                <Coords points="1306,3737 1880,3785 2316,3740 2529,3791 2526,3690 2204,3645 2023,3648 1939,3695 1304,3676"/>
                <Baseline points="1322,3732 1367,3732 1412,3732 1457,3732 1502,3732 1546,3732 1591,3732 1636,3732 1681,3732 1726,3732 1770,3735 1815,3735 1860,3738 1905,3738 1950,3738 1994,3738 2039,3738 2084,3735 2129,3735 2173,3735 2218,3738 2263,3738 2308,3738 2353,3738 2397,3738 2442,3738 2487,3741 2532,3741 2535,3741"/>
                <TextEquiv>
                    <Unicode>in Scheeveningen, erhielt ich heute</Unicode>
                </TextEquiv>
            </TextLine>
        </TextRegion>
    </Page>
</PcGts>
