3160 3849
445 304 661 462 4. Blatt
1175 271 2043 500 S. FISCHER /VERLAG
636 655 2853 827 Vorrat und können die Bestellungen Frieses ohne weiteres expedieren.
755 782 2862 948 Im Uebrigen ist die Papiernot in Deutschland nur dadurch kleiner
625 904 2809 1034 geworden, dass der Absatz schon fast auf die Hälfte zurückgegangen
628 1001 2782 1114 ist; in sofern ist also das Papier kein Hindernis, neu zu drucken.
622 1092 2364 1264 Die Hauptschwierigkeit bleiben die steigenden Preise.
1239 1206 1991 1333 Mit herzlichen Grüssen
2146 1313 2276 1407 Ihr
2159 1394 2762 1582 J fischel
782 1651 2873 1822 Ich schreibe Ihnen aus einem schönen Kleinen
791 1772 2842 1977 Ort im nördlichen Schleswig wo alles sehr
785 1880 1894 2099 einfach und gut ist.
