3207 3943
1343 212 1592 332 399 a
667 265 2636 444 G. Fischer, Verlag, Berlin W 57, Bülowstraße 90
651 491 2332 606 Diesadwährxxx aus eiln Tiw xxx
600 491 2667 690 Hausbauernedoligst geb usleidet nette
567 651 2698 771 hola xxx aasbxxxnemdennxxxxxxe Bm» Indöwes röniel glaasmalen Isdrev
553 746 2703 871 xxx abettaaad elb) Jærsntenoss meh Ius nesamilänlevaiem3 neuen neb
558 821 2709 972 Rundschreiben an unsere Autoren.
522 930 2703 1078 Gewärtnich' einen xxx bietuebed, und als xxx gesagte vollennoe
2008 1000 2631 1095 allungskasten, die
787 1016 1656 1128 Die fortgesetzte Steigerun
2402 1036 2561 1095 G.C.H.F.S.
1676 1003 1997 1111 aller Herr
1318 1061 1458 1120 4
483 1053 754 1167 .a a u m r
561 1081 2664 1223 gerade in letzter Zeit wieder ausserordentlich gross war und auch
567 1164 2709 1315 heute noch kaum auf ihrem Gipfelpunkt angelangt sein dürfte, zwingt
564 1271 2675 1407 uns, nunmehr auch unsererseits ohne jeden weiteren Verzug eine Er-
570 1354 2698 1494 höhung der Ladenpreise bei einem grossen Teil unserer Verlagswerke
575 1449 2745 1595 vorzunehmen. Wir haben uns bisher damit begnügt, die Einbandpreise,
572 1525 2765 1639 deren Herstellungskosten ausserordentlich gestiegen sind, zu erhöhen
586 1608 2762 1740 (abgesehen von einer Preiserhöhung auf einige Gesamtausgaben und von
581 1745 2591 1826 einem Teuerungszuschlag von 25 Pf. auf unsere Mark-Bibliothek.
796 1776 2770 1916 Die Voraussetzungen für die bisherige Preisbestimmung treffen
578 1877 2591 2019 nicht mehr zu. Papier kostet heute je nach seiner Qualität das
586 2002 2661 2136 Sechsfache im Vergleich zu normalen Zeiten, ebenso sind durch die
581 2061 2773 2212 fortwährenden Lohnerhöhungen und das sprunghafte Heraufschnellen der
578 2175 2737 2318 Preise für alle Materialien die Herstellungskosten in der Druckerei
581 2270 2667 2382 und in der Buchbinderei ganz gewaltig gestiegen. Dazu kommen die
586 2360 2460 2499 bedeutend erhöhten allgemeinen Spesen und Vertriebskosten.
804 2455 2781 2577 Es ist damit zu rechnen, dass die Preisbildung auf dem Bücher-
586 2527 2784 2647 markt das bisher gewohnte Bild verändern wird. Der feste Ladenpreis,
598 2631 2762 2753 der bisher vom Sortimentsbuchhändler eingehalten werden musste, ist
595 2703 2837 2832 durch einen zehnprozentigen Teuerungszuschlag des Sortiments, auf den
595 2820 2675 2921 der Verleger keinen Einfluss hat, überschritten. In Oesterreich-
592 2885 2661 3041 Ungarn ist ausserdem eine Verteuerung durch die Valuta-Differenz
598 2991 2826 3142 hinzugekommen und durch die allgemeine Preiserhöhung, die die Verleger
2407 3035 2700 3105 noveauil.
1659 3061 1913 3125 vraigneh
603 3086 2784 3234 gezwungen waren vorzunehmen, ist eine weitere Verteuerung des Buches
612 3217 1008 3315 eingetreten.
