3472 3863
1744 145 1886 271 388.
2476 202 2741 380 R L
1488 226 1997 416 HER
1196 265 1322 410 8
1036 368 3064 515 Demehe Buch-Departement, k. k. Befür. /. Pommerdecktonn Berlin Nr. 1682 — — Persesprech-Anschlösécke; Amt Lager No. 1662 und 612
2377 440 2922 606 Berlin W 57, Bülowstraße 90
2030 566 2907 744 travemunde.
2329 648 3275 825 "Viller Alma Marke"
2753 735 3172 934 29/8.17
1304 925 2142 1157 Lieber freund!
1097 1024 3250 1274 Mein Bureau meldet mir den Eingang
901 1127 3208 1398 des ersten Okts einer neuen Comödie
913 1280 3326 1524 von Ihnen und macht mich gleichzeitig
928 1413 3299 1684 mit Ihren Wünschen bekannt. Es wird
931 1539 3226 1786 villes bestens besorgt werden und wie
931 1609 3232 1952 ich hoffe trotz viller Schwierigkeiten
949 1738 3284 2006 ohne besondern Zeitverlust. Freilich
904 1895 3323 2142 wir freiben schwierigen Verhältnissen zu
937 2042 3305 2244 namentlich in Hinsicht auf Papier und
931 2160 3329 2383 andere Materialien und ich trage mich
943 2268 3302 2524 unter uns gesagt, schon mit dem Plan
943 2353 3365 2630 manche Werke in Oesterreich herstellen,
949 2482 3329 2799 zu lassen. Mein Papiercontingent wird
958 2666 3317 2877 immer knapper und die Productionsver¬
958 2753 3263 3031 pflichtung immer größer, denn es gibt
973 2883 3344 3100 kann ein wichtigeres Werk meines Verlags
967 3025 3356 3302 welches jetzt nicht neu gedrückt werden
955 3157 3344 3332 musste. Vom Doctor Gräesler werden
1136 3281 3214 3488 6 Auflagen dorbereitet und vo¬
1000 3353 3157 3576 Herr Gesamteinigabe wird
964 3332 1124 3461 me
726 3413 1130 3591 zweiten xyz
