3254 4087
1541 274 1664 505 P3
950 513 2516 768 FISCHERVERLAG A.-G. BERLIN W 57.
1322 687 2068 779 Theaterabteilung
681 814 2689 879 Fernsprecher: Lützow Nr. 6162-6164 / Telegramm=Adresse: Fischerverlag 6162 Berlinlützower
673 871 2697 958 Bankkonto: Deutsche Bank, Depositenkasse P'in Berlin / Postscheckkonto; Berlin Nr. 16692
1400 925 1959 1058 Bülowstraße 90
982 980 1218 1180 Ma/Hb.
1696 996 2358 1208 Berlin, den 3.10.29.
1669 1164 1889 1354 quel
1045 1278 1256 1411 Herrn
1609 1311 2054 1503 from
1235 1457 2285 1639 Dr. Arthur Sohnitzler
2307 1639 2716 1753 W i e n 18
2250 1723 2806 1905 Sternwartestr.71
996 1891 1639 2046 Lieber Herr Doktor
1335 2043 2670 2225 ich erhielt Ihr Schreiben vom 28.9. und
771 2187 2847 2304 Ihre heutige Korrektursendung. Ich hätte nunmehr gern gewusst,
768 2271 2559 2399 welche Absichten Sie bei der Vergebung dieses Stückes
760 2385 2727 2548 haben und wann die verschiedenen Interessenten Gelegenheit
754 2497 2559 2621 haben sollen, das Werk zu lesen. Das Deutsche Theater
2451 2605 2540 2646 in
744 2627 2735 2738 zeigt hier starkes Interesse. Ich glaube, dass es gelingen
744 2735 2706 2874 müsste, die Uraufführung dort heraus zu bringen.
529 2798 2711 2977 Ioh habe Ihr Begehren nach Verminderung
1840 2817 1946 2874 sal
543 2874 725 2953 werden
752 2879 1251 2977 1 -. - 2 7/12
524 2917 741 3018 verdert
749 2925 2760 3099 der Provision Herrn Fischer vorgetragen und seine Zustimmung
735 3067 2627 3178 zu dieser Ermässigung eingeholt. Mein Widerstand war im
727 3162 2738 3319 wesentlichen eine Prinzipienfrage. Was uns viel unangenehme
738 3243 2746 3465 ist als die Ermässigung, ist die Tatsache, dass wir in Berlin
475 3704 681 3791 4 29. 5000. V
