3064 3991
1242 311 1387 416 a.4
798 475 2289 617 S. Fischer / Verlag / A.=G. Berlin W 57.
558 651 2544 756 Bankkonto: Deutsche Bank, Depositenkasse P in Berlin / Postscheckkonto; Berlin Nr. 16692
976 730 2128 849 Fernsprechanschlüsse: Amt Lützow Nr. 6162 bis 6164
1361 792 1738 923 Bülowstraße oo
1698 911 2623 1081 Berlin, den 11. Oktober 1924.
574 1036 841 1211 Ed. / Ja.
872 1124 1092 1330 Herrn
1070 1217 2176 1440 Dr. Arthur Schnitzler,
2114 1344 2705 1525 Wien XVIII.
574 1551 1511 1743 Lieber Herr Dr. Schnitzler!
1087 1596 2853 1814 Hätten Sie die Möglichkeit, Im November oder Dezember
594 1752 2819 1902 in Stuttgart eine Vorlesung zu halten? Die Buchhandlung Paul Neff
589 1859 2841 2063 in Stuttgart, eine der angesehendsten Firmen, veranstaltet Kultur-
608 1987 2830 2168 abende, in deren Rahmen von unseren Autoren Gerhart Hauptmann, Her
608 2094 2836 2224 mann Hesse, Jakob Wassermann und Thomas Mann spricht. Es würde ein
608 2168 2881 2335 Garantie-Honorar von zirka 600.— bis 800.— Gm. bezahlt werden kön-
603 2315 2870 2454 nen. Falls die prinzipielle Möglichkeit besteht, wäre ich Ihnen für
611 2408 2768 2606 einige Zeilen sehr dankbar, damit ich weiteres veranlassen kann.
1706 2584 2674 2782 Mit vorzüglicher Hochachtung
1856 2714 2581 2864 S. Fischer/Verlag A.-“
1817 2816 2660 3003 DrKmarie from
