3839 3992
1879 309 2881 468 .VERLAC
1002 353 1745 565 ISCHE
2411 445 2912 604 RlÈBci Am L'OROT Nr. 1662 und 6162
1638 742 1803 895 ur
1122 798 2592 953 S. Fischer Verlag. Berlin
1118 988 2595 1064 Amt Lützow 1662 u. 6162 Theaterabteilung postscheckkonto Nr. 16692
1506 1050 2201 1134 Berlin W 57, Bülowstraße Nr. 90
1151 1118 1330 1227 G.P.
1504 1130 1953 1231 Den 18. August
1999 1141 2234 1273 1917.
1143 1281 1351 1394 Herrn
1429 1357 2396 1495 Dr. Arthur Schnitzler
2145 1510 2401 1594 WIEN
2322 1580 2438 1629 ----
1147 1633 2005 1739 Sehr geehrter Herr Doktor
1980 1739 2621 1860 die Direktion Mein¬
2322 1834 2566 1887 cʼest eu lʼa eu a eu eu une rue de ses
1138 1850 2685 1974 hard und Bernauer teilt uns mit, dass sie während
1702 1924 1790 1982 dessous
1141 1930 2001 2048 des Monats Juli nur 1 bis 2
1994 1955 2590 2083 Ihrer Einakter pro
1801 2021 2001 2079 G.C.H.F.P.S
1138 2044 2665 2153 Abend zur Aufführung gebracht habe und bietet un¬
1141 2143 2700 2293 ter Abrumdung nach oben für jeden derartigen Abend
1140 2252 2611 2363 eine Tantieme von 6^ an. Wir bemerken, dass die
1128 2378 2683 2489 Direktion von uns vier Einakter gegen eine Gesamt-
1132 2479 2638 2572 Tantieme von 10% erworben hat und zu solch einem
1130 2574 2681 2679 willkürlichen Eingriff in bestehende Vertragsrech-
1126 2667 2652 2795 te selbstverständlich nicht berechtigt ist. Ande-
1120 2786 2648 2881 rerseits macht die Direktion geltend, dass es ihr
1108 2871 2605 2968 nur durch die Verbindung Ihrer Einakter mit den
1114 2972 2671 3094 Tänzen von Kurt von Seewitz und Lo Hesse, gegen die
