3081 3847
1521 349 2180 515 vrai araiee
813 449 900 530 P.S
940 446 1265 548 Monsieur les mêmes nouvelles de Vous
2584 413 2680 566 P.
1466 464 2144 578 e m m m r oe r o
488 509 2716 672 die Tantiemen in Goldmark zu verrechnen, wobei die Goldmark gleich
482 596 2761 807 ein Dollar (Mk. 4.20 ) zu dem am Tage nach der jedesmaligen Auffüh-
1003 705 1192 774 g-
488 750 2785 933 rung geltenden amtlichen Dollarkurs angenommen wird. Von dieser Ver-
473 807 2788 1012 pflichtung kann sich die Bühnenleitung dadurch befreien, dass sie die
473 927 2743 1147 Tantiemen in Papiermark am Tage nach der Aufführung durch Post- oder
458 1042 921 1186 Barscheck an
961 1066 2713 1253 en Verlag einsendet.Ausserdem haben wir an sämtliche
458 1159 2704 1391 Bühnen mit alten Verträgen ein Rundschreiben gesandt, worin wir sie
452 1268 2030 1473 um möglichst dreitägige Zahlung gebeten haben.
1093 1418 2635 1569 Wir teilen Ihnen dies nur zu Ihrer gefälligen
828 1442 949 1518 G.C.F.P.
449 1488 2761 1671 Orientierung mit, und bitten Sie, sehr geehrter Herr Doktor, versichert
434 1620 2855 1783 zu sein, dass von uns aus alles geschieht, die Gelder von den Bühnen xxx
431 1731 2770 1897 pünktlichst zu erhalten,um sie unseren Autoren sofort weiterzuleiten.
1102 1846 2707 2042 Ihre Abrechnung für das 3. Quartal bezieht sich
416 1864 2659 2117 auf die Eingänge vom 10. Juli bis 10. Oktober 23.Die weiteren Zah-
1271 2036 1361 2102 G.C.F.P
1361 2036 1948 2126 au moins de nouveau rueux
416 2018 1159 2174 lungen sind nach dem 10
1204 2099 2686 2231 Oktober eingetroffen und sofort Ihrem Bank-
961 2126 1581 2216 m m m
404 2150 2656 2346 konto überwiesen. Auch heute erhalten Sie auf Bankkonto den Betrag
410 2264 1331 2454 von Mk. 16.700.000
1021 2295 1153 2355 000
1018 2445 1156 2517 G.H.F.P.
891 2505 1876 2662 Mit vorzüglicher Hochachtung
1933 2529 2186 2713 Votre Mme
879 2638 1677 2752 S. FISCHER, VERLAG
1186 2713 1608 2785 AKTiEGESELLECHAFT
304 2686 982 2849 400 wil not wil a.
1051 2740 1479 2903 THEATERABT
1469 2758 1656 2906 G.C.H
322 2816 979 2975 "16 hill- out 7th unto:-
