3346 4215
983 1066 2173 1174 S. FISCHER/VERLAG/BERLIN
1096 1174 2067 1276 BÜCHERVERZEICHNIS 23. JULI 1923
1075 1273 2031 1334 Die in der Liste genannten Grundzahlen sind mit der jeweilig
990 1322 1868 1364 handelsindexziffer (Schlüsselzahl des Börsenvereins)
990 1348 2110 1392 Bei Neuberstellungen müssen wir uns Grundzahlfänderungen vorbeha
989 1379 2108 1451 Die Grundzahlen gelten für das Ausland zugleich als Schweiser Frau
986 1405 1660 1474 preise. Lieferungsmöglichkeit vorbehalten.
1257 1518 1967 1603 ŒUERSCHEINUNGEN 1922/23
989 1588 2065 1657 BAHR,HERMANN: Selbstbildnis. Mit einem Porträt des
1045 1625 2068 1706 Dichters. Auf holzfreiem Papier gedruckt. Geh. Gdz.
1723 1663 2104 1720 In Halbleinen Gdz.
1104 1687 2081 1749 Zu seinem sechzigsten Geburtstag zeichnet Hermann
1044 1740 2077 1804 bahr sein Selbstbildnus, eine der frischesten, klügsten
1054 1778 2070 1837 und anmutigsten Lebensbeschreibungen und darüber hin¬
1048 1821 2081 1865 aus eine umfassende, überaus farbige und figurenreiche
1048 1858 2025 1905 Geistesgeschichte der letzten deutschen Jahrzehnte.
995 1892 2074 1947 BUNIN, IVAN: Der Herr aus San Francisco. Novellen.
1051 1933 2074 2009 Einzig berechtigte deutsche Uebersetzung von Käthe
1815 1972 2166 2022 Geheftet Gdz. 2.50
1045 1979 1266 2049 Rosenberg.
1792 2006 2154 2071 Gebunden Gdz. 4.55
1107 2028 2084 2096 Diese bedeutsame Novellensammlung vermittelt den
1060 2090 2077 2151 deutschen Lesern die Bekanntschaft des größten unter
1051 2132 1720 2194 den jungeren russischen Erzählern.
999 2154 2081 2225 DEHMEL, RICHARD: Ausgewählte Briefe aus den Jahren
1060 2213 2077 2261 1902—1920. Mit sechs Bildbeigaben und einem Brief¬
1057 2239 2169 2314 Faksimile. Auf holzfreiem Papier gedr. In Halbleinen Odz. 8.50
1057 2289 2070 2339 Ausgewählte Briefe aus den Jahren 1883—1902. Mit sechs
1053 2317 2164 2391 Bildern Auf holzfreiem Papier gedr. In Halbleinen Odz. 7.50
1266 2363 2164 2419 Beide Bände in gemeinsamer Kassette Odz. 15.50
1106 2394 2074 2455 Dies Buch ist spannend wie ein Roman. Es ist die
1059 2434 2077 2498 Geschichte eines Menschen, der sich durchringt aus
1063 2474 2080 2525 qualvoller Wirrnis zu seliger Klarheit, eines so reichen
1057 2516 2083 2580 Menschen, wie nicht viele sich in deutscher Sprache
1730 2544 2083 2603 Beriner Tageblatt.
1063 2551 1355 2608 bezeugt haben.
1821 2585 2145 2643 Geheftet Odz. 3.
1016 2583 1567 2668 FLAKE, Otto: Ruland. Roman.
1699 2623 2141 2674 In Halbleinen Gdz. 6.
1284 2654 2124 2722 Auf holzfreiem Papier in Ganzleinen Odz. 8
1185 2701 2067 2757 Le Schicksal eines Landes, des den Deutschen ver
1069 2743 2068 2796 loren gegangenen Elsaß, in seinen deutschen und fran¬
1066 2792 2078 2860 zösischen Elementen, gelangt zur klaren und durch¬
1067 2827 1434 2901 dachten Gestaltung.
