3075 4089
1053 129 1239 287 soe
2086 206 2280 356 Pr.
1676 206 1894 371 in a
1353 215 1460 359 n
751 446 2316 691 S. FISCHER :VERLAG A.G. : BERLIN W. 57
434 658 1305 829 Dr. Schnitzler 21/5. 28
515 820 2708 970 und einzeln auch käuflich, aber in der Form des Sammelbandes sind
521 940 2741 1110 sie noch nicht vorhanden und darum würde ich vorschlagen, dass die
521 1065 2900 1191 Erzählenden Werke in 6 Bänden zusammenhängend abgegeben werden, während
521 1143 2927 1317 die hier erwähnten 3 Einzelbände daneben in Eilzelbünden verkauft werden
524 1275 2813 1389 Für den Ergänzungsband müssen wir aber einen besonderen Titel finden
530 1356 2849 1508 und ich würde vorschlagen, in diesen Band auch die Novelle "Spiel im
524 1493 1466 1631 Morgengrauen „ aufzunehmen
673 1565 2711 1751 Von den " Erzählenden Schriften " in 6 Bänden würden wir
542 1688 2744 1840 komplett 4000 Exemplare drucken, von dem "Ergänzungsband " vorerst
545 1822 1218 1942 etwa 6000 Exemplare.
667 1909 2777 2008 Das Honorar würde xxx sowohl für die Erzählenden Schriften wie
545 1972 2723 2137 für den Einzelband 20 % vom Ladenpreis des broschierten Exemplars
545 2119 2777 2238 betragen. Für die Gesammelten Erzählungen würde ich vorschlagen, je
548 2211 2750 2337 1000 Exemplare voraus zu honorieren. Für Gesamtausgaben liegen die
548 2319 2858 2436 Verhältnisse zurzeit besonders ungünstig. Es wird nicht leicht fallen
554 2403 2876 2553 die Erzählenden Schriften zu verkaufen, weil das Objekt für den Käufer
545 2544 2870 2648 heute zu kostspielig ist. Es hat sich ferner gezeigt, dass die meise-
551 2651 2765 2783 Buchhändler, auf die wir für die Gesamtausgaben besonderes Gewicht
551 2750 2831 2882 legen müssen, doch etwas versagen. Die Reisebuchhändler verkaufen in
560 2837 2744 2998 der Hauptsache populäre Literatur und zumeist auch tantiemenfreie
554 2930 2897 3079 Werke, die naturgemäss viel billiger sein können. Die Reisebuchhändler
560 3058 2933 3199 fordern 50, bis 55 %, ja sogar auch 60 % Rabatt. Fabei können wir nicht
563 3160 2843 3295 auf die Kosten kommen und ich würde vorschlagen, dass wir für solche
557 3247 2780 3429 Exemplare, die wir durch Reisebuchhändler mit erhöhtem Rabatt ver-
551 3376 2939 3522 kaufen, die Tantieme auf 15 % vom Ladenpreis des broschierten Exemplars
560 3507 2702 3672 gerechnet, reduzieren. Für alle Bücher, die wir in Einzelbänden
