2927 3735
762 294 1863 456 er / Verlag / Berlin W 57/
1239 435 1792 536 eitenkasse P in Berlin / Postacht.
733 453 1206 565 unto: Deutsche Bank, Des
1568 503 1839 639 Nr. 1662, 6162
2089 562 2183 742 gebr
842 765 1698 945 Herrn Dr. Arthur Schnitzler
503 962 1000 1142 Lieber Freund,
544 1100 2654 1298 das Maiheft der mNeuen Rundschau m wird Ihnen gewidmet sein; wir
421 1206 2689 1380 möchten aber auch von Ihnen selbst etwas bringen, können Sie uns eine
415 1304 2645 1471 Hovelle oder was Sie sonst für geeignet halten, zum Vorabdruck über-
433 1427 2689 1562 lassen? Wir wären Ihnen sehr dankbar, wenn Sie uns sehr bald darüber
421 1557 1198 1727 Bescheid geben wollten.
527 1545 2798 1795 Wenn die papierhot nicht anhält, hoffe ich doch auch die zweite Reihe
435 1721 2713 1913 Ihrer Gesammelten Werke noch rechtzeitig drucken zu können, wir haben
438 1804 2801 1983 zwar noch genügend Vorrat, aber ich möchte die zweite Reihe ebenso schön
447 1889 2781 2098 ausstatten wie die erste; wir drucken Ihre Gesamtausgabe auf holzfreiem
459 2045 1418 2195 Papier in bester Ausstattung.
577 2063 2816 2333 Mit Specht komme ich nicht vom Fleck; trotz Briefe und Depeschen höre
456 2227 2754 2395 ich nichts von ihm. Wäre es möglich, dass Sie mir mit einem Wort depe-
468 2330 2695 2519 schieren, ob ich auf die Arbeit von Specht noch rechnen kann? Auch
477 2431 2822 2581 erwarte ich noch von Ihnen die mit meinem Brief vom 11. ds. M. erbetenen
471 2548 1757 2719 Photographieen aus »Vier Lebensaltern».
559 2581 2689 2795 Haben Sie nun wegen der Luxusausgabe von „Liebelei „ etwas ausge-
477 2695 2828 2901 macht? ich könnte, wenn Sie mir einen guten Wiener Graphiker empfehlen,
480 2866 2148 2998 vielleicht doch die Ausgabe lieber selbst herausgeben.
1430 2960 2051 3140 mit herzlichen Grüsse
1598 3107 1792 3293 Fev
1971 3122 2222 3304 Ein
