3062 3864
760 406 2284 588 Kreisämtlz
2278 572 2468 660 wenn xxx
488 563 2626 772 tion in Prag bereits erfolgt ist. Um Ihnen einen besseren Ueberblick
491 730 2608 854 zu bieten, haben wir die Prager Gesamttantiemen in der beiliegenden
491 815 2550 927 Abrechnung nochmals zusammengestellt. Eine zweimalige Zahlung von
2244 909 2359 966 d'os
488 930 2711 1051 Prag ist nicht erfolgt. Wie Sie aus dem Schluss unserer Abrechnung ers-
488 1021 2668 1157 sehen wollen, ist Ihnen der Betrag, den Sie von Prag direkt erhielten
494 1124 2696 1260 in Rechnung gestellt und von Ihrem Guthaben bei uns in Abzug gebracht.
491 1239 2641 1351 Der in Ihrem Schreiben mehrfach erwähnte Betrag von Mk.1661.52 bezog
491 1366 2729 1472 sich auf den „Bernhardi“ allein, während wie gesagt in der Ihnen aus
491 1442 2571 1551 Prag bereits überwiesenen Summe auch die Tantiemen für „Liebelei
494 1536 2617 1687 und „ Literatur“ mit enthalten waren. In unserer Abrechnung wurde
479 1639 2783 1757 dies sachgemäss spezifiziert und ergab durch die entsprechenden Notierun-
476 1751 2638 1890 gen für „ Bernhardie Mk. 1661.52 „Liebelei“ Mk. 33.10, „Literatur“
1451 1829 2677 1987 16,70. Die Gesamtabrechnung ist, also in
469 1875 1420 2002 Mk.22.08 den Betrag von Mk. 3
1938 1935 2423 1999 mais le près bien de nouveau.
485 1963 2608 2078 Ordnung bis auf Mk. 549.33 welche die Differenz zwischen den nach
248 1941 439 2114 G.C.H.
472 2066 2659 2193 österreichischen und tschechischen Valuta zu errechnenden Markbetrag
491 2175 833 2320 darstellen
881 2187 2474 2311 Jahngfuhofr midab tai seid.nodad Jgefegebahnngus Og
1947 2262 2723 2375 Bernhardi" im Mai kommen
1820 2296 1908 2356 ses
1236 2272 1832 2411 Die Aufführungen
1820 2311 2281 2405 Stadt-Minkleine
421 2281 1215 2402 M rah 2i nov aan heb¬
2272 2338 2450 2402 Ola &c
1902 2350 2720 2499 sie von Seiten des Prager
494 2372 1857 2520 in unserer Abrechnung deshalb nicht vor,, we
1902 2441 2420 2508 gebrijngos gnohale
512 2511 2705 2599 Landestheaters mit uns zwar abgerechnet, die darauf entfallenden Be-
2281 2550 2393 2617 1.
497 2574 2665 2711 träge aber hier noch nicht eingetroffen sind. Sie darauf bezüglichen
472 2696 2608 2811 Aufstellungen werden in unserer nächsten Abrechnung enthalten sein
1233 2768 2668 2926 Ihrem Wunsche gemäss haben wir nach Prag noch
400 2853 2774 3011 einmal eine dringende Mahnung prinzipieller Art gerichtet mit dem gleich-
324 2989 2690 3126 zeitigen Auftrag, die neuerlich auf Sie entfallenden Tantiemen für Mai
330 3086 2759 3229 an Sie direkt abzuführen (samt Spezialabrechnung) zuzgl. der reklamierten
303 3192 2481 3335 Differenzbeträge von Nr. 154.48 für „Liebelei“.xx 22.07 für
282 3268 2659 3435 - Literatur - Literatur im April mündlich haben wir Auftrag gegeben, auch einen
451 3438 1099 3613 Kreisä aa-t rusfait un rien usilloé
1608 3468 2568 3604 nur sich xxx nachricht abgenommen werden.
463 3489 2587 3698 wenn eselben gebetrübtenen Graffte aufgelegt worden, ob sich wie nie dass man noch nach der nämden neuerlich abgebrachten
