3079 3768
957 168 2124 406 Fischer / Verlag / A.=G.. Berlin d.
566 389 2515 518 Bankkonto: Deutsche Bank, Depositenkasse P in Berlin / Postscheckkonto; Berlin Nr. 1669.
982 459 2126 590 Fernsprechanschlüsse: Amt Lützow Nr. 6162 bis 6164
1356 520 1742 629 Bülowstraße 90
2124 603 2340 778 6.3.24
527 610 734 768 Ma/M1.
685 926 889 1084 Herrn
875 1045 1895 1242 Dr. Arthur Schnitzler
1730 1247 2313 1412 Sternwartestr. 71
858 1470 1730 1643 Sehr geehrter Herr Doktor,
1123 1550 2586 1725 auf Ihbe an Herrn Greiner gerichtete Anfrage
863 1674 2646 1818 erwidern wir höflichst, dass wir den Druck Ihres neuen
858 1779 2607 1951 Dramas innerhalb 3-4 Mochan bewerksteilligen könnten.
1091 1917 2719 2027 Da wir das Sujet Ihres neuen Werkes nicht kennen
863 2002 2743 2146 und demgemäss auch die Verbreitungsmöglichkeit nicht ein-
865 2097 2780 2238 schätzen können, bitten wir, freundlichst selbst bestimmen
860 2199 2753 2360 zu wollen, welche Anzahl von Auflagen Sie im Voraus hono-
860 2308 1383 2476 riert wünschen.
1648 2411 2603 2549 mit vorzüglicher Hochachtung
1781 2510 2561 2654 S.Fischer,Verlag, A.-G.
2479 2578 2802 2792 Resentant
1886 2627 2214 2763 KMaril
