3079 4103
1029 141 1142 293 0c
649 482 2236 691 S. FISCHER VERLAG A.G. :: BERLIN W. 57
406 671 1311 835 Dr. Schnitzler 16/5. 28
448 888 2583 1072 Vorräte viel billiger an uns abgegeben werden, da wir doch eine
446 1043 2716 1165 neue Ausgabe machen wollen und die Vorräte in der alten Ausstattung
448 1170 1249 1292 kaum verkaufen könnten.
598 1263 2671 1356 Wenn es Ihnen recht ist, wollen wir unter dieser Voraussetzung
460 1320 2476 1469 mit Harz verhandeln, um endlich zu einem Resultat zu kommen.
1805 1424 2016 1497 G.C.H.F.S.
587 1427 2707 1599 Ich lege eine sehr gute Besprechung von " Therese " im Londoner
1762 1526 1946 1590 t
462 1545 2592 1678 „ Observer „ bei. Auch in einigen Berliner Zeitungen waren gute
465 1653 2721 1777 Besprechungen. Das Buch geht gut, und wenn es so bleibt werden wir
465 1762 1449 1901 sehr bald neu drucken müssen.
1314 1920 2095 2059 Mit herzlichen Grüssen
1633 2008 1957 2149 Feir
1686 2115 2470 2326 Ffischer
