3177 3880
1432 149 1558 283 716
1412 183 2361 392 DER / VerLAGt
640 326 2676 503 Sankkonto: Deutsche Bank, Depositenkasse P. Berlin / Postscheckkonto. Berlin 1669a
1055 420 2216 555 BERLIN W 57 BULowSTRASSE 90
1241 509 2021 666 Fernruf: Lützow 1662, 6162 und 9292
2187 509 2550 675 19/XI. 1918
843 826 1732 1032 Herrn Dr. Arthur Schnitzler
1655 969 1855 1126 Wien
617 1198 1444 1346 Sehr geehrter Herr Doktor,
780 1269 2876 1489 wir haben auf Ihr Conto bei der Deutschen Bank, Berlin, Potsdamer-
623 1407 2833 1578 str. 96 (Depositenkasse P) M. 25 000.- überwiesen, weitere M. 9500 auf
632 1504 2676 1701 Ihr Conto bei der Priv. Bodencreditanstalt in Wien. Damit ist das
635 1615 2896 1787 Honorar von M. 34500.- für die Gesammelten Werke laut unserer Abrechnung
638 1732 2844 1907 ausgeglichen. Natürlich können Sie über Ihr Guthaben bei der Deutschen
603 1872 1875 2013 Bank ganz nach Ihrem Ermessen verfügen.
740 1941 2759 2095 Die Versendung von "Casanovas Heimfahrt" stösst auf die grössten
649 2004 2947 2187 Schwierigkeiten. Einstweilen ist auch noch nicht abzusehen, wann das Buch
649 2147 2884 2321 erscheinen könnte. Nach Informationen von Friese & Lang aus Wien stockt
655 2250 2859 2387 die Expedition von Wien in die österreichischen Provinzen vollständig,
663 2364 2790 2490 und auch bei uns in Deutschland sind durch die Transportverhältnisse
658 2473 2641 2647 ganze Provinzen für den Frachtverkehr einstweilen unzugänglich.
1618 2539 2559 2702 Mit vorzüglicher Hochachtung
1747 2653 2464 2793 ppy s. FISCHER VERLAG
2241 2687 2722 2882 Witsen
1781 2759 2158 2873 th
