3224 4088
1853 270 2021 430 934
823 286 2511 562 Rea Fischer Verlag / Berlin We7 Bülowstraße 90
1435 476 2101 614 AKTIENGESELISCHAFT
768 573 2754 702 Bankkonto: Deutsche Bank, Depositenkasse P in Berlin / Postscheckkonto Berlin Nr. 16692
1206 658 2343 716 Fernsprechanschlüsse: Amt Lützow Nr. 6162 bis 6164
1206 699 2335 848 Telegramm-Adresse: Fischerverlag 6162 Berlinlützow
2470 788 2872 975 26. Okt. 29
644 774 834 969 F/St.
862 975 2129 1151 Herrn Dr. Arthur Schnitzler
2473 1071 2801 1181 Wien XVIII.
2324 1129 2919 1294 Sternwartestr. 71
870 1214 1352 1360 Lieber Freund,
1033 1286 2927 1468 ich freue mich, Ihnen wieder einmal schreiben zu können,
810 1443 2776 1592 nachdem ich unseren schriftlichen Verkehr seit einiger Zeit
823 1564 2886 1724 vermisst habe, wenn es auch nur reich geschäftliche Dinge sind,
807 1644 2060 1801 die wir seit längerer Zeit behandeln.
1041 1718 2966 1889 Wir haben davon Notiz genommen, dass die Buchausgabe Ihres
810 1864 2969 2038 neuen Dramas erst knapp vor der Uraufführung im Handel erscheinen
818 2005 2511 2129 darf; das ist ja bisher immer so gehandhabt worden.
1046 2079 2784 2222 Sie fragen wegen der Auflagenzahl. Das ist schwer zu
815 2140 2977 2313 beurteilen, da die gangbarkeit eines Dramas von der Bühnenwirkung
815 2255 2941 2393 abhängt. Um dafür einen Masstab zu gewinnen, müssen wir uns also
815 2404 2974 2511 an frühere Fälle halten. Vom "Gang zum Weiher " haben wir fünf
818 2462 2999 2616 Auflagen gedruckt, es sind davon noch mehr als 3000 Exemplare vor-
823 2578 3032 2715 rätig. Von „ Komödie der Verführung „ sind ebenfalls fünf Auflagen
818 2699 2971 2847 gedruckt und davon sind noch mehr als 900 Exemplare vorrätig. Wir
823 2831 2999 2955 wollen also von Ihrem neuen Drama ebenfalls fünf Auflagen drucken.
818 2924 3024 3051 Sie fragen auch, wieviel Exemplare gebunden werden. Das regelt sich
823 3013 2993 3159 ebenfalls nach Bedarf und hat ja eigentlich für Sie keine praktis
815 3109 2941 3266 Bedeutung, da das Hönorar vom Ladenpreis des broschierten Exempl
823 3205 2891 3354 verrechnet wird. Wir verkaufmin der Regel von Prosawerken etwa
823 3332 2847 3475 10 - 15 % der gedruckten Auflage broschiert; von dramatischen
829 3464 2825 3610 etwa 20 - 25 % broschiert. Der Preis des Einbandes bei Ihren
