3080 3816
1050 196 2246 415 Der Verlag / A.-G. Berlin W 57.
746 411 2490 502 deutsche Bank, Depositenkasse P in Berlin / Postscheckkonto: Berlin Nr. 16692
915 477 2070 559 Fernsprechanschlüsse: Amt Lützow Nr. 6162 bis 6164
1319 539 1678 609 Bülewstraße v###
1689 530 2461 689 Berlin, den 27. 2.1925.
897 546 1107 666 10./Re.
1018 819 1913 1023 Herrn Dr. Arthur Schnitzler,
1961 968 2438 1098 Wien XVIII
1926 1082 2513 1230 Sterlwartestr. 71
1034 1132 1872 1303 Sehr geehrter Herr Doktor!
1029 1258 2682 1424 Ihrem Wunsche gemäss geben wir Ihnen mitfolgend eine
876 1390 2712 1509 Aufstellung der Beträge, die wir Ihnen im Laufe des Jahres
856 1488 2636 1639 1924 für Bühnenvertrieb und Buchverlag überwiesen haben.
1027 1614 2554 1737 Gleichzeitig fügen wir eine Aufstellung über die
886 1687 2540 1858 Verwendung der Exemplare von "Komödie der Verfugrung“
874 1803 2200 1981 für die Zwecke der Theater-Abteilung bei.
1650 1949 2561 2073 Mit vorzüglicher Hochachtung
1742 2057 2550 2205 S. Fischer / Verlag A.-G.
1653 2157 2540 2319 ppa. Rombam St. Ublau
874 2716 1191 2851 3 Anlagen
