3064 3783
1325 160 1438 320 188
2273 374 2581 534 Blatt 2
748 366 1441 558 „VERLAG, BERLIN,
542 639 2565 804 davon betroffene Theaterdirektor tun. Eine rechtliche Grundlage
528 750 2579 910 für einen Einspruch existiert ja unter den gegenwärtigen Verhält-
531 878 2641 1010 nissen überhaupt nicht, aber es wäre garnicht ausgeschlossen, dass
525 956 2625 1108 ein einsichtsvoller Zensor zu einer Revision des Verbots, das etwa
531 1065 2622 1200 zwei Jahre zurückliegt, geneigt zu machen ist. Vielleicht wäre das
534 1181 2706 1303 durch Barnowsky zu machen, ohne dass damit die Verpflichtung besteht,
536 1270 1931 1436 den "Anatol" auch wirklich jetzt zu spielen.
880 1387 1617 1547 Mit herzlichen Grüssen
1623 1455 1753 1601 Ihr
1381 1595 2026 1834 I fische
