3191 4007
1379 428 2058 597 SCHER /VERLAG
665 640 2916 878 Ausserordentlich schwierigen Verhältnissen vor jedem Neudruck neu verhan-
674 832 807 997 eln.
781 889 2860 1056 Auf meinen Brief vom 18/4., der die heutigen Vorschläge schon ent-
629 1016 2843 1175 hielt, sind sie überhaupt nicht eingegangen. Erst mit Ihrem Brief vom
620 1132 2891 1260 28. Mai, als Sie glaubten, mich durch Ihre Interpretation der Mitteilun-
629 1263 2769 1396 gen des Schutzverbands zu widerlegen, sind Sie auf die Angelegenheit
629 1370 2837 1475 zurückgekommen. Es handelt sich bei dieser Berechnungsweise, bei der
629 1452 2769 1569 ungeheurren Last der Kosten, nicht um eine Frage des grösseren oder
623 1540 2710 1685 kleineren Gewinns für mich, sondern um die Frage der Existenz des
617 1653 2826 1809 Betriebes, wobei das Menschenmögliche an Honorar für Sie herausgewirt-
629 1764 1053 1888 schaftet ist.
784 1852 2741 1996 Es ist angeregt worden, dass eine paritätisch zusammengesetzte
1676 1945 2809 2067 Verlegern die Honorarregelung auf
620 1937 1685 2104 Kommission von Schriftstellern und
1676 2038 2002 2109 cʼest lʼhonneur de nouveau
2135 2044 2458 2106 Mm4n~r5
626 2098 2902 2206 Wunsch der Beteiligten zu prüfen hätte. Ich werde den Plan einer solchen
620 2169 1826 2313 Kommission sehr dringend unterstützen,
770 2257 2894 2407 Bevor wir die zweite Abteilung der Gesamtausgabe in 4 Bänden fertig
626 2381 2777 2517 drucken, bitte ich um Nachricht, ob für mit der Honorar-Regelung im
623 2480 1857 2650 gleichen Verhältnis einverstanden sind,
1246 2588 1837 2732 Mit besten Grüssen
1835 2636 1959 2820 Ihr
2217 2871 2426 3007 a/c
