3086 4200
943 340 2589 473 aber wird vergeben, da sie viel geliebt hat und von
731 462 2005 603 der Welt ein Gleiches je erfahren hat.
1198 586 2855 688 Wer die Wandlung Schnitzlers in ihrer ganzen Grösse
595 668 2796 799 erkennt, der weiss, dass hier ein grossartiger Beginn sich kündet. Noch
586 779 2793 909 ist es ein bohrendes Mühen um die Sinngebung des scheinbar Sinnlosen
592 906 2787 1011 ein erschütternder Aufschrei um die Not der Krestur. Wenn wir an Her-
589 1000 2731 1113 mann Messes letzte Wandlung denken, wird es uns klar, wo Abstieg und
581 1119 2793 1238 Aufstieg in der "Krisis" der Weltanschauung liegt. Hesse verströmt in
586 1181 2742 1306 bersuschter Verzweiflung sein ganzes Ich, das ihm sinnlos an werden
583 1289 2861 1419 scheint. Schnitzler denkt im Schiffbruch seiner gleissenden Welt zuerst
589 1396 2824 1524 andie Andern und dieses über sich selbst Hinauswachsen.diesen Heimver-
592 1518 2728 1626 langen nach den Andern, zur Not der tief enthofften Leidenswege der
592 1612 2629 1742 Mühseligen und Beladenen, mag ihn von sich ganz zu sich erlösen.
