2903 3991
1147 285 1348 424 .— 26
478 304 2436 614 Fischer/Verlag/Berlin W 57/Bülowstraße 9o
511 470 2235 680 Bankkonto: Deutsche Bank, Depositenkasse P in Berlin / Postscheckkonto; Berlin Nr. 16692
797 546 1966 764 Fernsprechanschlüsse: Amt Lützow Nr. 1662, 6162 und 9292
329 476 484 666 P.S.
1517 604 2208 810 Den 31. Oktober 1921.
473 750 710 919 Ky/Pr.
489 846 1411 1014 Herrn Dr. Arthur Schnitzler
1819 927 2009 1096 Wien
916 1126 1563 1291 Sehr geehrter Herr!
1085 1166 2724 1436 Im staatlichen Kunstgewerbemuseum zu Berlin findet
555 1305 2700 1550 am 12. November die Eröffnung einer grosszügigen Ausstellung "Buch
566 1403 2673 1677 und Bildm statt. Unser Verlag, der sich ein eigenes Zimmer reser-
574 1498 2594 1797 viert hat, will hier eine besonders würdige Ausstellung seiner
582 1615 2675 1884 Verlagswerke schaffen, die ja die Literatur der letzten dreissig
587 1710 2773 1963 Jahre in repräsentativer Weise zusammenfassen. Wir möchten den Raum
606 1822 2615 2072 selbst mit wertvollen Bildnissen unserer bedeutendsten Autoren
620 1922 2724 2175 schmücken und erlauben uns die Anfrage, ob Sie uns ein Oelbildnis
623 2025 2735 2289 zur Verfügung stellen könnten.. Wir würden es in der von Ihnen ge-
633 2099 2721 2384 wünschten Höhe versichern und übernehmen selbstverständlich alle
636 2213 2808 2507 Kosten. Da die Angelegenheit sehr eilt, bitten wir Sie freundlichst
661 2439 1601 2634 um Ihren umgehenden Bescheid.
1683 2433 2618 2670 Mit vorzüglicher Hochachtung
1702 2577 2482 2749 ppa. S. Fischer, Verlag
1955 2721 2156 2868 ¬
