2918 3976
820 288 1033 465 493
341 389 1914 574 S. Fischer. Verlag. Berlin
246 560 341 683 Bmwwwimittin
207 647 2049 767 Amt Lützow 1662 u. 6162 Theaterabteilung postscheckkonto Nr. 16692
733 705 1559 862 Berlin W 57, Bülowstraße Nr. 90
994 772 1094 884 G.F.P
20 744 666 879 mendenreine ou vier
0 862 1520 994 G/Sch Den 6- April 19 21
325 954 840 1114 am aus letgende
285 1066 428 1173 Ede te
137 1161 327 1301 Herrn
1315 1153 1553 1285 G.C.H.F.P
355 1178 518 1304 G.H.P.
17 1203 106 1296 eet
543 1175 1276 1385 Dr. Arthur Schnitzler
1178 1321 1276 1444 G.C.P.
25 1296 171 1444 Ede de
1405 1279 1679 1436 W i e n
2010 1383 2124 1483 G.C.H.P.P
756 1385 1394 1545 receu les mêmes sont
151 1503 1027 1640 Sehr geehrter Herr Doktor,
1024 1584 2256 1707 in der Angelegenheit Kramer haben wir
1760 1679 1900 1752 G.C.H.P.
157 1735 2231 1833 den Deutschen Bühnenverein über die Tatsachen aufgeklärt und
151 1805 2163 1962 ihn gebeten seinersetis Veranlassung zu nehmen, Herrn Kramer
120 1914 2135 2057 vvon weiteren unüberlegten Schritten zurückzuhalten. Unseres
162 2018 2177 2163 Wissenhaben in Prag zwei Aufführungen des " Reigen " statt
154 2172 2169 2289 gefunden. Eine endgiltige Feststellung wird sich erst machen
162 2245 2337 2393 lassen, sobald der offizielle Bühnenspielplan für März erschienen
168 2396 1175 2524 ist, also im Laufe des April.
817 2413 2401 2600 In der Angelegenheit des tschechischen "Reiges"
182 2597 2429 2723 teilen wir Ihnen ergebenst mit, dass die Garantie erlegt werden soll,
176 2681 2303 2816 sobald das Verbot aufgehoben ist. Wir haben unseren Prager Ver-
190 2799 2312 2916 treter geschrieben, dass wir uns hiermit nicht einverstanden er-
182 2919 2387 3034 klären möchten und xxx uns, falls die Garantiesumme nicht sogleich
188 3011 2390 3135 erlegt wird, als frei betrachten werden. Die Angelegenheit schwebt
190 3121 2225 3277 noch und dürfte vermutlich noch zu mancherlei Schwierigkeiten
199 3249 504 3367 führen.
862 3249 963 3353 G.O.S
798 3331 2357 3504 Mit Sladek steht die Sache so, dass er nunmehr
367 3350 602 3473 G.C.H.F.P.
1282 3434 2236 3549 sollten wir an diesem Tag noch keine
148 3445 1271 3554 Die oben genannten Bedingungen haben Sältigkeit die zum
148 3518 2236 3666 entscheidende Antwort erhalten haben, so nehmen wir an, daß wir über das in Frage stehende Werk anderweitig verfügen können
39 3490 151 3689 "
311 3599 2309 3792 mit Herrn Direktor Wänzler in dem von Ihnen gewünschten Sinne
