3140 4056
1269 253 1474 416 4569
1867 348 2294 528 Berlin
702 371 1856 562 S. Fischer - Verlag
573 576 2428 719 Amt Lützow 1662 u. 6162 Theaterabteilung postscheckkonto Nr. 16892
1078 679 1937 820 Berlin W 57, Bülowstraße Nr. 90
1204 761 1875 969 Den... 6.„ Maii.. 19120
601 803 803 1011 o/###ch
595 1058 806 1213 Herrn
912 1143 1603 1339 Dr. Arthur Schnitzler
1727 1227 1988 1342 wien
1699 1303 2170 1446 ʼosiiituHuksi...
581 1367 1429 1609 Sehr geehrter Herr Doktor,
1457 1415 2771 1603 wir haben eine Anfrage wegen Uebersetzung
587 1589 2673 1738 Ihres „Casanovaromans“ ins ungarische. Wir fragen ergebenst an,
598 1673 2735 1903 ob wir prinzipiell verhandeln sollen und wie hoch sie Ihre Ansprüche
601 1836 1109 2010 stellen würden.
1457 1839 2737 2024 Bei dieser Gelegenheit erlauben wir uns
598 1988 2855 2162 mitzuteilen, dass wir infolge der anormen Erweiterung unserer Auslands
606 2114 2836 2254 geschäfte eine eigene Auslandsabteilung eingerichtet haben. Für Ueber -
615 2204 2782 2341 setzungsvermittlungen die durch diese Abteilung besorgt werden, be-
604 2311 2701 2443 anspruchen wir eine Provision vom 15). Wir ersuchen daher höflich,
618 2392 2830 2549 bei der Erledigung der obigen Anfrage, sowie in evtl. künftigen Fällen
615 2499 2802 2645 ähnlicher Art, diesem Umstand in gefällige Erwägung ziehen zu wollen.
1485 2684 2398 2833 Mit vorzüglicher Hochachtung
1676 2785 2268 2869 S. FISCHER, VERLAG
1684 2836 2274 2939 THEATERABTEILUNG
1819 2906 2064 3032 & p
522 3383 2659 3549 Die oben genannten Bedingungen haben Sätigkeit bis zum
531 3484 2656 3608 entscheidende Antwort erhalten haben, so nehmen wir an, daß wir über das in Frage frehende Werk anderweitig verfügen können
