3057 4087
1154 405 1812 608 „VERLAG A. G. „
813 405 1149 599 FISCHER
605 574 888 688 Schnitzl
622 741 2642 919 dramatischen Werken beträgt 1 M. Ihr neues Drama wollen wir mit
672 882 2101 1060 3.- broschiert und M 4.- gebunden anzeigen.
788 977 2647 1146 Wegen des „Reigen „ würde es vielleicht das Beste sein,
610 1082 2747 1240 wenn wir von HARZ die Lagervorräte erwerben. Die Bücher sind auf
605 1215 2839 1329 holzfreiem Papier gedruckt und ein Teil auch in Halbleder gebunden,
619 1307 2647 1476 vielleicht also repräsentabel genug, um von uns in den Handel
619 1401 2772 1532 gebracht zu werden. Damit wäre dann auch die Frage der Uebernahme
624 1521 2742 1640 der Rechte von Harz gelöst, denn ich glaube nicht, dass Sie Harz
624 1634 2714 1740 nachweisen könnten, dass er das Werk nicht in der üblichen Form
630 1748 2789 1895 vertreibt;und nur in einem solchen Fall hätten Sie das Recht, den
630 1832 1529 1981 Kontrakt mit Harz zu lösen.
777 1929 930 1984 au moins de nouveau
827 1931 2908 2076 Wir haben mit Neuausgaben älteren Werke unter den gegenwärtigen
635 2048 2661 2173 Verhältnissen nicht viel gute Erfahrungen gemacht. Die schöne
633 2134 2750 2262 Ausstattung der Neuausgabe von & Casanova » hat den Absatz nicht
635 2242 2817 2392 erhöht und auch der Absatz der Neuausgabe der „Gesammelten Werke“
635 2350 2625 2473 hat sich nicht merklich gebessert. - Aber nun wollen wir die
638 2434 2811 2622 Reigen-Frage doch endgültig lösen und ich bin mit jedem Vorschlage
630 2561 1909 2722 einverstanden, den Sie für gut finden.
1615 2695 2375 2833 Mit herzlichen Grüssen
1948 2797 2098 2958 th
1940 2880 2409 3097 fische
1082 3005 2198 3219 If he comfor me nous
1307 3169 1429 3305 Pr.
2067 3177 2370 3355 up 2 r
