3182 4215
873 678 2287 842 xxx ist nicht möglich, den einzelnen
741 827 2311 975 Wiener Buchhändlern Bücher von Deutschland
782 914 2347 1069 zu schicken, denn erstens liegt es nicht in
900 1023 2343 1201 unserer Macht, das Eintreffen so zu bewerk-
914 1110 2352 1283 stelligen, dass es am Tage nach der Auffüh-
919 1238 2321 1409 rung stattfindet und auf der anderen Seite
924 1353 2330 1486 haben wir keine Mittel, die Sortimenter zu
926 1431 2391 1583 zwingen, Bücher die sie im Hause haben, erst
938 1549 2386 1706 von einem gewissen Zeitpunkt an, auszugeben.
936 1655 2369 1780 Daher verwiesen wir alle Wiener Buchhändler
946 1744 2355 1889 an Friese & Lang für diesen einen Fall. Es
946 1821 2391 1998 wäre sogar vorteilhaft, wenn Sie Heller ein
799 1865 943 1998 P.S.
741 1961 2302 2075 mal antelephonieren würden und ihm sagen
926 2039 2381 2212 wollten, dass es Ihr Wunsch ist, die Bücher
960 2147 2338 2311 erst nach der Aufführung auszugeben. Dann
963 2248 2427 2432 hätten wir alles getan, was getan werden kan
1160 2357 2412 2478 "Bernhardi" ist durch das Internationale-
1158 2475 1250 2528 G.C.H.
975 2434 2405 2596 le Büro für Aufführungs-und Urheberrecht in
970 2538 2412 2736 Amsterdam vergeben. Das Büro hat mit 7% ab-
979 2659 2128 2820 geschlossen und verrechnet uns 5%
1180 2731 2357 2922 Zum Schluss liegt ein Brief von Dr.
987 2852 2449 3042 Grula in Budapest bei, Wir würden empfehlen,
984 2953 2347 3127 dass Sie dieses etwas allgemeine Angebot
613 3327 2557 3672 sind übrigens schon Anfang dieses Jahres gegruckt worden, Ihre
