3204 3912
1200 363 1973 645 FISCHER /VERLAG
482 785 2581 927 auch für die erste Abteilung der Gesamtausgabe und für den "Weg ins
468 884 2726 1052 Freie" die Hälfte des Honorars angeboten. Die Abrechnung lege ich bei
1767 976 2552 1093 wenige Bücher von Ihnen
622 1003 1776 1157 Sie schreiben, dass Friese & Lang nur
1767 1061 2142 1139 l'année avec les mêmes soutenueux ou le
485 1093 2543 1256 vorrätig hat. Mit Friese stehen wir augenblicklich auf Kriegsfuss.
474 1218 2560 1346 Er ist unzuverlässig, Hat von manchen Büchern ganz riesige Vorräte
482 1317 2653 1450 fest bestellt und will sie mir zurückgeben, andere Bücher fehlen ganz
485 1392 2624 1552 und seine Dispositionen und seine Geschäftsführung scheinen äusserst
482 1468 2668 1659 mangelhaft zu sein. Die Firma ist uns ausserdem die Lieferungen seit
482 1636 2816 1752 Januar dieses Jahres schuldig geblieben und hat auch noch einen ganz gros-
488 1726 2819 1845 sen Saldo von früheren Jahren zur Verrechnung offen. Ich fürchte, es wird
491 1793 2723 1962 mit Friese & Lang überhaupt nicht mehr zu machen sein, es wird sich nur
491 1886 2773 2092 auf den Wege machen lassen, dass Friese wie andere Barsortimenter Bücher
506 2014 2694 2151 von uns mit bevorzugtem Rabatt fest bezieht. An sich ist eine Auslie-
497 2133 2706 2267 ferung in Wien nur eine Bequemlichkeit für den Wiener Sortimenter, sie
494 2235 2685 2372 ist besonders in Zeiten wie den gegenwärtigen nicht möglich und auch
497 2310 2744 2526 nicht unbedingt notwendig, jedes vom Sortiment bestellte Buch ist ja in
506 2473 1206 2604 wenigen Tagen in wien.
709 2476 2717 2685 Hoffen wir, dass die Wirtschaft sich aus der Sackgasse, in die
506 2624 2781 2767 sie geraten ist, befreit. Wir haben es alle sehr notwendig, einmal ruhig
509 2723 2819 2918 aufzuatmen, und so hoffe, ich, wenigstens gegen Ende des Monats auf kurze
541 2857 1657 3002 Zeit nach Garnisch gehen zu können.
793 2889 2444 3139 Ihnen und den Ihren wünsche ich einen schönen Sommer
1380 3052 1985 3229 Mit vielen Grüssen
1950 3130 2066 3258 Ihr
2319 3159 2758 3354 soeht
488 3397 2656 3537 Wie Sie aus anliegender Spezifikation ersehen, haben die im Geschäft
387 3482 2717 3604 jahr 19 (Juli 1918 - Juni 1919) bezahlten Honorare (einschliesslich Honorar
372 3540 2650 3662 für Abdruck „Casanova“ in der Rundschau und schwed. Ueberse zungshonorar
480 3639 1064 3761 92439,20 betragen.
