3099 3785
2041 233 2148 387 8E
1880 273 2010 395 1
1893 318 2720 475 Postscheckkonto: Berlin 1669 und Leipzig 68179
1914 430 2688 541 Fornauf: Berlin Amt Lützow 1662, 6162 und 929###
374 408 1204 536 Bankkonto: Deutsche Bank, Depositenkasse P, Berlin
2094 480 2497 562 Fernruf: Leipzig 60855
480 485 1129 573 und Allgemeine Deutsche Credit=Anstalt,
1323 400 1469 628 RATH
570 541 1042 658 Abteilung Buchhandel, Leipzig
1866 530 2543 660 den 28. November 1922
782 589 992 711 Gr./D.
644 684 1135 854 Herrn
530 822 933 946 lung in Prag
1156 846 2439 1026 Dr. Arthur Schnitzler,
1710 981 1941 1100 G.H.F.P.
2113 1055 2203 1161 1 e
1400 1082 1813 1225 xxx der Bücke
1153 1127 1342 1225 G.C.F.P.
1652 1193 2079 1336 Geweld des Vortres
1143 1214 1410 1342 A.A.M.
1108 1283 2012 1463 Hochgeehrter Herr Doktor!
612 1355 718 1479 G.C.F.P.
1140 1360 2890 1538 Herr Fischer hat mir Kenntnis gegeben von dem Schrei-
822 1490 2953 1681 ben des Herrn Wantoch aus Turn-Teplitz vom 11.November.Soweit die
830 1593 2842 1779 Beschwerden die Leipziger Auslieferungsstelle angehen, für die
1193 1628 1357 1705 Ziffern
835 1713 2845 1898 ich die Verantwortung trage, erlaube ich mir,hochgeehrter Herr
832 1813 2755 1988 Doktor, auf die irreführenden Darlegungen des Herrn Wantoch
840 1935 1938 2087 ergebenst folgendes zu entgegnen.
1172 1988 2927 2174 Seit dem 1. November ds.J.besteht die Bestimmung, dass
856 2126 2943 2317 in die Tschecho-Slowakei ein Aufschlag genommen werden muss und
1723 2230 1824 2285 G.C.F.P
864 2230 2940 2397 es war den tschecho-slowakischen Buchhändlern dieser Valutaauf-
872 2322 3001 2492 schlag schon vorher bekannt, weil sie ihn selbst zu ihrem Schutze
867 2410 2985 2588 beantragt hatten.Jnfolgedessen bemühten sich viele tschecho-slowa
870 2519 2855 2680 kische Buchhändler, sich vorher möglich stark einzudecken. Es
878 2649 2956 2797 liegt auf der Hand, dass es weder im Jnteresse des Verlages noch
880 2723 2834 2871 des Verfassers liegen kann, wenn Verschleuderungen unter dem
883 2869 2996 3004 Zeichen einer solchen Konjunktur gefördert werden und aus diesem
888 2916 2967 3105 Grunde pflegen ernsthafte Verleger solche Konjunkturverkäufe zu
888 3062 2972 3187 hemmen. Ich habe Herrn Wantoch bei seiner Anwesenheit persönlich
901 3121 2972 3298 erklärt, daß er seinen Auftrag, für den Fall, dass demnächst ein
904 3288 3001 3431 Valutaaufschlag eintreten sollte, nur mit diesem Valutaaufschlag
