3152 3974
582 449 1170 618 B.T.W.O.lta
1559 446 1667 603 et
2403 425 2701 639 P.S.
1706 413 2325 618 Dahin in der
690 600 2355 693 14 xxx xxx w. oder 4 xxx ogct schmieden werden.
1164 654 2029 736 2.0.f.M. wortü.I.am k. xxxn
847 651 1122 718 Das Geld so wurde sich schon vorher.
413 654 2741 793 rechnet; so vergessen Sie doch, dass der Verleger Neuauflagen und Neu-
419 766 2771 932 Bindungen herstellen muss, das kann er nur, wenn er über Betriebsmittel
425 880 2632 998 verfügt und die sind ja nur vorhanden, wenn sie wertbeständig sind.
428 944 2756 1094 Wenn also die Verleger das Recht, ja die Pflicht haben, ihre Betriebs-
419 1085 2786 1209 mittel zu erhalten, so ist das nicht, wie Sie mir neulich einmal wegen
1420 1164 1815 1233 moralische
1939 1167 2062 1233 G.C.F.P.
422 1179 2807 1309 der Valuten schrieben, eine unmögliche Handlung - denn der Autor bekommt
425 1278 2846 1450 seine Tantieme auch für diese Exemplare - sondern durch die Notwendigkeit
419 1414 2683 1523 der Weiterproduktion bedingt, was ihm freilich nur sehr unvollkommen
431 1498 2689 1622 gelingt, weil der Absatz im Ausland nicht entfernt im Verhältnis zum
419 1607 2650 1716 deutschen Absatz steht. Dennoch habe ich Ihnen schon in der Juliab-
422 1713 2653 1857 rechnung die österreichischen Einnahmen in öterreichischer Währung
434 1794 2668 1942 verrechnet, Sie also an dem weitaus grössten Teil der ausländischen
455 1902 2723 2056 Einnahmen schadlos zu halten versucht. Einigen wir uns über die, von
434 1999 2726 2192 Ihnen aufgeworfenen Fragen, so soll das auch bis auf weiteres auf die
437 2120 1749 2285 anderen Währungen ausgedehnt werden.
525 2198 2813 2370 Die Grundzahlaufstellungen, die wir Ihnen Mitte Oktober und am 13.ds.
428 2355 2816 2481 M. geschickt haben, beziehen sich dennoch nur auf den Absatz in Deutsch-
437 2469 2765 2578 land. Bei der Verrechnung für die ausländischen Einnahmen wird es aber
437 2563 2698 2659 aus technischen Gründen notwendig sein, auch weiterhin die Tantiemen
452 2632 2816 2771 vom Erlös zu verrechnen (und zwar wie vorher auch, von gebundenen Exem-
440 2750 2834 2867 plar), da bei den vielartigen Valuten und kleinen und kleinsten Betrügen
446 2864 2801 2997 die Zerlegung und Zahlung in kleinsten Teilen nicht möglich ist. In der
446 2943 2864 3069 Erlösabrechnung (die eigentlich die ideale ist) wirken sich alle Valuten
452 3036 2756 3202 einnahmen automatisch aus und wenn der Durchschnittsrabatt 40 % nicht
452 3193 2680 3301 übersteigt, so ist der Tantiemenzatz von 16 % für das gebundene und
446 3265 2771 3383 25 x für das broschierte Exemplar der gleiche, wie bei der Verrechnung
458 3362 2813 3500 vom Ladenpreis des broschierten, Exemplarz. Die Verrechnung der Ausland-
1408 3458 2807 3534 friedensrelation 1 Urk = 1.25 schw. franke
452 3512 2780 3633 Exemplare, die zum Teil zu höheren Preisen wie im Inland verkauft wer-
434 3582 2686 3727 den, wäre eine sehr mühselige und langwierige Rechnungsarbeit, der
