<?xml version="1.0" encoding="UTF-8" standalone="yes"?>
<PcGts xmlns="http://schema.primaresearch.org/PAGE/gts/pagecontent/2013-07-15" xmlns:xsi="http://www.w3.org/2001/XMLSchema-instance" xsi:schemaLocation="http://schema.primaresearch.org/PAGE/gts/pagecontent/2013-07-15 http://schema.primaresearch.org/PAGE/gts/pagecontent/2013-07-15/pagecontent.xsd">
    <Metadata>
        <Creator>prov=READ-COOP:name=TrHtr:version=2.1.0:model_id=51170:date=27_07_2023_22:29</Creator>
        <Created>2023-05-02T08:10:40.359+02:00</Created>
        <LastChange>2023-07-27T22:29:06.940+02:00</LastChange>
        <TranskribusMetadata docId="1416743" pageId="54953342" pageNr="91" tsid="131305725" status="IN_PROGRESS" userId="64420" imgUrl="https://files.transkribus.eu/Get?id=HFXHXEWJZQCNFUYBIOAQTJZK&amp;fileType=view" xmlUrl="https://files.transkribus.eu/Get?id=XUBABRJGBJCCWLXEYHKEPBJF" imageId="44457067"/>
    </Metadata>
    <Page imageFilename="1416743_0091.jpg" imageWidth="3177" imageHeight="3943">
        <ReadingOrder>
            <OrderedGroup id="ro_1711826172164" caption="Regions reading order">
                <RegionRefIndexed index="0" regionRef="tr_1"/>
                <RegionRefIndexed index="1" regionRef="tr_3"/>
                <RegionRefIndexed index="2" regionRef="tr_2"/>
            </OrderedGroup>
        </ReadingOrder>
        <TextRegion id="tr_1" custom="readingOrder {index:0;}">
            <Coords points="680,269 2766,269 2766,995 680,995"/>
            <TextLine id="tr_1_tl_1" custom="readingOrder {index:0;}">
                <Coords points="1392,358 1409,358 1417,344 1442,349 1470,336 1487,338 1481,261 1462,258 1456,261 1437,247 1426,244 1417,247 1398,233 1384,233"/>
                <Baseline points="1405,319 1450,328 1495,325"/>
                <TextEquiv>
                    <Unicode>399</Unicode>
                </TextEquiv>
            </TextLine>
            <TextLine id="tr_1_tl_2" custom="readingOrder {index:1;}">
                <Coords points="2053,449 2105,430 2319,452 2430,427 2460,444 2499,413 2530,430 2535,300 2466,280 2383,319 2330,297 2299,327 2266,308 2247,322 2208,294 2058,308"/>
                <Baseline points="2068,417 2092,420 2137,414 2181,411 2226,411 2271,411 2316,408 2361,405 2405,402 2450,405 2495,399 2540,394"/>
                <TextEquiv>
                    <Unicode>ERLA</Unicode>
                </TextEquiv>
            </TextLine>
            <TextLine id="tr_1_tl_3" custom="readingOrder {index:2;}">
                <Coords points="971,502 1068,474 1342,488 1381,463 1498,480 1603,452 1642,472 1678,460 1684,308 1631,322 1598,300 1395,369 1320,322 1240,352 1157,327 1071,383 976,355"/>
                <Baseline points="990,456 1023,453 1068,450 1113,453 1158,456 1202,456 1247,456 1292,453 1337,453 1381,453 1426,450 1471,444 1516,441 1561,441 1584,429 1593,435 1638,435 1683,426"/>
                <TextEquiv>
                    <Unicode>SCHER</Unicode>
                </TextEquiv>
            </TextLine>
            <TextLine id="tr_1_tl_4" custom="readingOrder {index:3;}">
                <Coords points="666,563 1720,610 2194,513 2724,541 2765,416 668,491"/>
                <Baseline points="680,546 707,543 752,543 796,543 841,543 886,543 931,543 976,543 1020,540 1065,540 1110,537 1155,537 1199,534 1244,534 1289,531 1334,528 1379,528 1423,522 1468,519 1513,516 1558,513 1602,513 1647,510 1692,507 1737,507 1781,504 1826,501 1871,501 1916,501 1961,501 2005,498 2050,498 2095,495 2140,495 2184,492 2229,492 2274,489 2319,486 2364,486 2408,483 2453,480 2498,477 2543,477 2587,474 2632,471 2677,468 2722,468 2766,465"/>
                <TextEquiv>
                    <Unicode>###o. Deusche Bank, Depostenhane P in Berlin / Fondeschleute Berlin Nr. 1632 — — Fernsprech-Anachlösse: Amt Lünow No. 1652 und 6102</Unicode>
                </TextEquiv>
            </TextLine>
            <TextLine id="tr_1_tl_5" custom="readingOrder {index:4;}">
                <Coords points="2078,627 2169,641 2200,616 2510,599 2630,624 2635,508 2560,535 2524,513 2499,530 2424,516 2347,549 2197,513 2080,541"/>
                <Baseline points="2092,611 2098,611 2143,611 2187,608 2232,608 2277,605 2322,602 2366,602 2411,599 2456,596 2501,596 2546,593 2590,591 2635,585"/>
                <TextEquiv>
                    <Unicode>Berlin W 57, Bülowstraße 90</Unicode>
                </TextEquiv>
            </TextLine>
            <TextLine id="tr_1_tl_6" custom="readingOrder {index:5;}">
                <Coords points="2158,696 2227,680 2308,721 2335,707 2416,705 2455,724 2485,707 2507,732 2530,729 2535,602 2369,607 2355,619 2341,607 2258,607 2222,621 2202,613 2161,638"/>
                <Baseline points="2172,662 2184,659 2229,659 2274,656 2319,659 2364,656 2408,653 2453,650 2498,647 2543,647"/>
                <TextEquiv>
                    <Unicode>26/10. 1917</Unicode>
                </TextEquiv>
            </TextLine>
            <TextLine id="tr_1_tl_7" custom="readingOrder {index:6;}">
                <Coords points="996,771 1051,771 1071,757 1098,768 1148,746 1190,743 1190,624 1162,616 1146,627 1123,616 1110,630 1101,624 1090,630 1057,605 1037,605 1018,591 999,594"/>
                <Baseline points="1014,701 1017,701 1062,701 1107,701 1152,701 1196,698"/>
                <TextEquiv>
                    <Unicode>P.S.P.</Unicode>
                </TextEquiv>
            </TextLine>
            <TextLine id="tr_1_tl_8" custom="readingOrder {index:7;}">
                <Coords points="1761,815 1811,791 1839,799 1853,788 1903,802 1989,793 2017,815 2050,815 2053,738 2025,729 2014,741 1980,743 1944,729 1931,743 1836,699 1814,707 1764,691"/>
                <Baseline points="1778,782 1787,782 1832,782 1877,782 1922,782 1967,779 2011,779 2056,779"/>
                <TextEquiv>
                    <Unicode>admissed.</Unicode>
                </TextEquiv>
            </TextLine>
            <TextLine id="tr_1_tl_9" custom="readingOrder {index:8;}">
                <Coords points="671,943 743,932 871,987 1060,946 1146,976 1226,949 1245,974 1365,918 1559,926 1562,835 1409,843 1323,796 1229,799 1190,832 1134,815 1062,863 965,863 835,804 674,802"/>
                <Baseline points="686,907 716,910 761,910 805,910 850,910 895,910 940,907 985,910 1029,907 1074,907 1119,904 1164,901 1208,898 1253,898 1298,895 1343,895 1387,892 1432,889 1477,886 1522,883 1567,883"/>
                <TextEquiv>
                    <Unicode>Herrn Dr. Arthur Schnitzler</Unicode>
                </TextEquiv>
            </TextLine>
            <TextLine id="tr_1_tl_10" custom="readingOrder {index:9;}">
                <Coords points="1548,1046 1570,1046 1600,1026 1625,1037 1642,1032 1659,1048 1670,1040 1689,1054 1720,1046 1722,904 1673,901 1664,907 1620,871 1609,874 1592,863 1551,871"/>
                <Baseline points="1564,982 1593,985 1638,982 1683,982 1728,979"/>
                <TextEquiv>
                    <Unicode>Wien</Unicode>
                </TextEquiv>
            </TextLine>
        </TextRegion>
        <TextRegion id="tr_3" custom="readingOrder {index:1;}">
            <Coords points="605,1161 2862,1161 2862,2206 605,2206"/>
            <TextLine id="tr_3_tl_1" custom="readingOrder {index:0;}">
                <Coords points="588,1237 768,1229 802,1251 840,1223 879,1251 949,1240 982,1254 1026,1223 1057,1229 1060,1062 971,1073 935,1107 921,1093 885,1126 832,1146 821,1134 771,1165 729,1168 677,1134 641,1162 591,1162"/>
                <Baseline points="605,1220 617,1220 662,1220 707,1217 752,1217 796,1217 841,1214 886,1214 931,1214 976,1214 1020,1214 1065,1211"/>
                <TextEquiv>
                    <Unicode>Lieber Freund,</Unicode>
                </TextEquiv>
            </TextLine>
            <TextLine id="tr_3_tl_2" custom="readingOrder {index:1;}">
                <Coords points="688,1417 2627,1376 2821,1334 2824,1226 1007,1329 693,1276"/>
                <Baseline points="707,1370 725,1373 770,1373 814,1370 859,1370 904,1367 949,1367 993,1364 1038,1364 1083,1361 1128,1361 1173,1358 1217,1358 1262,1355 1307,1355 1352,1352 1396,1349 1441,1349 1486,1346 1531,1343 1576,1340 1620,1340 1665,1340 1710,1337 1755,1337 1799,1337 1844,1334 1889,1331 1934,1331 1978,1328 2023,1328 2068,1328 2113,1325 2158,1325 2202,1322 2247,1319 2292,1319 2337,1316 2381,1316 2426,1313 2471,1313 2516,1313 2561,1313 2605,1310 2650,1307 2695,1304 2740,1301 2784,1298 2829,1295"/>
                <TextEquiv>
                    <Unicode>um ein Buch zu Weihnachten auf den Markt zu bringen, muss es spätes-</Unicode>
                </TextEquiv>
            </TextLine>
            <TextLine id="tr_3_tl_3" custom="readingOrder {index:2;}">
                <Coords points="610,1484 824,1537 2513,1481 2677,1448 2679,1365 613,1406"/>
                <Baseline points="629,1474 671,1474 716,1477 761,1474 805,1474 850,1474 895,1471 940,1468 985,1468 1029,1465 1074,1465 1119,1462 1164,1459 1208,1459 1253,1459 1298,1456 1343,1453 1387,1453 1432,1450 1477,1450 1522,1444 1567,1444 1611,1444 1656,1441 1701,1441 1746,1438 1790,1438 1835,1435 1880,1435 1925,1435 1970,1432 2014,1429 2059,1429 2104,1426 2149,1426 2193,1423 2238,1423 2283,1420 2328,1420 2372,1417 2417,1417 2462,1414 2507,1414 2552,1414 2596,1411 2641,1408 2686,1405"/>
                <TextEquiv>
                    <Unicode>tens in der zweiten Hälfte November zur Versendung kommen. Das ist</Unicode>
                </TextEquiv>
            </TextLine>
            <TextLine id="tr_3_tl_4" custom="readingOrder {index:3;}">
                <Coords points="616,1612 2527,1587 2682,1537 2685,1462 619,1514"/>
                <Baseline points="635,1581 674,1578 719,1578 764,1576 808,1576 853,1576 898,1573 943,1570 987,1570 1032,1567 1077,1567 1122,1567 1167,1564 1211,1564 1256,1561 1301,1561 1346,1558 1390,1558 1435,1555 1480,1555 1525,1549 1570,1549 1614,1546 1659,1546 1704,1543 1749,1543 1793,1543 1838,1540 1883,1537 1928,1537 1972,1537 2017,1534 2062,1534 2107,1531 2152,1531 2196,1531 2241,1525 2286,1525 2331,1522 2375,1519 2420,1519 2465,1519 2510,1519 2555,1516 2599,1516 2644,1510 2689,1510"/>
                <TextEquiv>
                    <Unicode>jetzt nicht mehr möglich, die Herstellung von Büchern dauert jetzt</Unicode>
                </TextEquiv>
            </TextLine>
            <TextLine id="tr_3_tl_5" custom="readingOrder {index:4;}">
                <Coords points="616,1714 2677,1673 2682,1545 619,1625"/>
                <Baseline points="635,1680 671,1683 716,1680 761,1680 805,1680 850,1680 895,1674 940,1674 985,1671 1029,1671 1074,1668 1119,1668 1164,1665 1208,1665 1253,1665 1298,1662 1343,1659 1387,1659 1432,1656 1477,1656 1522,1653 1567,1653 1611,1650 1656,1650 1701,1647 1746,1647 1790,1644 1835,1644 1880,1641 1925,1641 1970,1641 2014,1638 2059,1635 2104,1635 2149,1632 2193,1632 2238,1632 2283,1629 2328,1626 2372,1626 2417,1623 2462,1623 2507,1623 2552,1620 2596,1617 2641,1614 2686,1608"/>
                <TextEquiv>
                    <Unicode>viel länger wie in normalen Zeiten. Ich bringe noch eine ganze An-</Unicode>
                </TextEquiv>
            </TextLine>
            <TextLine id="tr_3_tl_6" custom="readingOrder {index:5;}">
                <Coords points="610,1825 2571,1803 2696,1753 2699,1681 613,1734"/>
                <Baseline points="629,1787 647,1787 692,1784 737,1784 782,1781 826,1781 871,1781 916,1778 961,1775 1005,1773 1050,1773 1095,1770 1140,1770 1184,1770 1229,1767 1274,1767 1319,1764 1364,1761 1408,1761 1453,1758 1498,1758 1543,1758 1587,1755 1632,1755 1677,1752 1722,1752 1767,1749 1811,1746 1856,1746 1901,1746 1946,1746 1990,1743 2035,1743 2080,1740 2125,1737 2169,1737 2214,1734 2259,1731 2304,1731 2349,1728 2393,1728 2438,1725 2483,1725 2528,1722 2572,1722 2617,1722 2662,1719 2707,1713"/>
                <TextEquiv>
                    <Unicode>zahl Bücher bis Ende November, die aber alle schon seit Monaten in</Unicode>
                </TextEquiv>
            </TextLine>
            <TextLine id="tr_3_tl_7" custom="readingOrder {index:6;}">
                <Coords points="613,1903 710,1925 743,1947 791,1919 840,1939 899,1911 929,1917 1010,1889 1010,1845 949,1825 843,1858 771,1825 749,1839 616,1839"/>
                <Baseline points="632,1889 659,1889 704,1886 749,1883 793,1883 838,1883 883,1880 928,1880 973,1877 1017,1874"/>
                <TextEquiv>
                    <Unicode>Arbeit sind.</Unicode>
                </TextEquiv>
            </TextLine>
            <TextLine id="tr_3_tl_8" custom="readingOrder {index:7;}">
                <Coords points="774,2030 2322,2003 2721,1958 2724,1878 2319,1820 2147,1900 777,1906"/>
                <Baseline points="788,1987 817,1984 862,1984 907,1981 952,1978 996,1978 1041,1978 1086,1975 1131,1975 1176,1975 1220,1972 1265,1972 1310,1972 1355,1970 1399,1970 1444,1967 1489,1964 1534,1964 1578,1961 1623,1961 1668,1958 1713,1955 1758,1955 1802,1955 1847,1952 1892,1952 1937,1949 1981,1949 2026,1946 2071,1946 2117,1947 2117,1947 2146,1943 2190,1943 2235,1940 2280,1940 2325,1937 2369,1937 2414,1934 2459,1931 2504,1931 2549,1928 2593,1928 2638,1925 2683,1928 2728,1925"/>
                <TextEquiv>
                    <Unicode>Ich würde bitten, dass Sie mir Ihre Hovelle gleich zuschicken,</Unicode>
                </TextEquiv>
            </TextLine>
            <TextLine id="tr_3_tl_9" custom="readingOrder {index:8;}">
                <Coords points="632,2100 2710,2083 2729,1955 635,2036"/>
                <Baseline points="647,2089 677,2092 722,2092 767,2089 811,2089 856,2086 901,2086 946,2086 990,2083 1035,2083 1080,2080 1125,2077 1170,2077 1214,2074 1259,2074 1304,2071 1349,2071 1393,2068 1438,2065 1483,2065 1528,2065 1573,2062 1617,2062 1662,2062 1707,2059 1752,2059 1796,2056 1841,2053 1886,2053 1931,2047 1975,2047 2020,2047 2065,2047 2110,2047 2155,2044 2199,2044 2244,2041 2289,2038 2334,2035 2378,2035 2423,2032 2468,2029 2513,2029 2558,2029 2602,2026 2647,2026 2692,2023 2737,2023"/>
                <TextEquiv>
                    <Unicode>damit ich sie der Druckerei zum Satz übergebe. Die Druckerei stellt</Unicode>
                </TextEquiv>
            </TextLine>
            <TextLine id="tr_3_tl_10" custom="readingOrder {index:9;}">
                <Coords points="630,2219 2738,2183 2854,2147 2857,2069 632,2144"/>
                <Baseline points="644,2193 668,2196 713,2193 758,2193 802,2190 847,2190 892,2190 937,2187 982,2184 1026,2184 1071,2184 1116,2181 1161,2181 1205,2178 1250,2178 1295,2175 1340,2175 1384,2172 1429,2169 1474,2167 1519,2167 1564,2167 1608,2167 1653,2164 1698,2164 1743,2161 1787,2158 1832,2158 1877,2155 1922,2155 1967,2155 2011,2152 2056,2149 2101,2149 2146,2149 2190,2146 2235,2143 2280,2143 2325,2140 2369,2140 2414,2137 2459,2137 2504,2134 2549,2134 2593,2134 2638,2131 2683,2128 2728,2128 2772,2125 2817,2125 2862,2125"/>
                <TextEquiv>
                    <Unicode>die Bücher nach der Reihe des Eingangs fertig, ich taxiere, wir könnten</Unicode>
                </TextEquiv>
            </TextLine>
        </TextRegion>
        <TextRegion id="tr_2" custom="readingOrder {index:2;}">
            <Coords points="644,2182 2862,2182 2862,3332 644,3332"/>
            <TextLine id="tr_2_tl_1" custom="readingOrder {index:0;}">
                <Coords points="630,2311 2607,2294 2652,2194 632,2238"/>
                <Baseline points="644,2298 689,2298 734,2298 779,2295 823,2295 868,2292 913,2292 958,2289 1002,2286 1047,2286 1092,2286 1137,2286 1182,2283 1226,2283 1271,2280 1316,2280 1361,2277 1405,2274 1450,2274 1495,2271 1540,2271 1584,2268 1629,2268 1674,2265 1719,2265 1764,2262 1808,2262 1853,2259 1898,2256 1943,2256 1987,2256 2032,2256 2077,2253 2122,2250 2167,2250 2211,2247 2256,2247 2301,2244 2346,2241 2390,2241 2435,2241 2480,2238 2525,2238 2569,2238 2614,2235 2659,2232"/>
                <TextEquiv>
                    <Unicode>Ihre neue Novelle etwa Ende Februar auf den Markt bringen. Wegen</Unicode>
                </TextEquiv>
            </TextLine>
            <TextLine id="tr_2_tl_2" custom="readingOrder {index:1;}">
                <Coords points="632,2405 2491,2402 2732,2372 2738,2277 632,2341"/>
                <Baseline points="647,2396 683,2402 728,2399 773,2399 817,2396 862,2393 907,2396 952,2390 996,2390 1041,2390 1086,2387 1131,2387 1176,2384 1220,2381 1265,2381 1310,2381 1355,2378 1399,2375 1444,2375 1489,2375 1534,2372 1578,2372 1623,2369 1668,2369 1713,2366 1758,2366 1802,2364 1847,2361 1892,2361 1937,2361 1981,2358 2026,2355 2071,2355 2116,2355 2161,2352 2205,2352 2250,2352 2295,2349 2340,2349 2384,2349 2429,2346 2474,2343 2519,2343 2563,2340 2608,2340 2653,2337 2698,2334 2743,2334"/>
                <TextEquiv>
                    <Unicode>des Papiers dazu brauchen Sie sich nicht zu beunruhigen, ich glaube</Unicode>
                </TextEquiv>
            </TextLine>
            <TextLine id="tr_2_tl_3" custom="readingOrder {index:2;}">
                <Coords points="632,2519 2602,2521 2801,2402 632,2469"/>
                <Baseline points="647,2504 659,2504 704,2501 749,2501 793,2501 838,2498 883,2498 928,2498 973,2495 1017,2492 1062,2489 1107,2489 1152,2489 1196,2486 1241,2486 1286,2483 1331,2483 1376,2480 1420,2480 1465,2477 1510,2474 1555,2474 1599,2474 1644,2474 1689,2471 1734,2471 1778,2468 1823,2465 1868,2465 1913,2465 1958,2462 2002,2459 2047,2459 2092,2456 2137,2456 2181,2456 2226,2453 2271,2453 2316,2450 2361,2450 2405,2447 2450,2444 2495,2444 2540,2444 2584,2441 2629,2441 2674,2441 2719,2438 2763,2435 2808,2429"/>
                <TextEquiv>
                    <Unicode>mit Sicherheit versprechen zu können, dass für Ihre neue Novelle aus-</Unicode>
                </TextEquiv>
            </TextLine>
            <TextLine id="tr_2_tl_4" custom="readingOrder {index:3;}">
                <Coords points="638,2660 1015,2652 1137,2610 1279,2641 1714,2616 1775,2602 1778,2530 641,2546"/>
                <Baseline points="653,2602 662,2602 707,2602 752,2602 796,2602 841,2599 886,2599 931,2599 976,2596 1020,2593 1065,2593 1110,2590 1155,2590 1199,2590 1244,2587 1289,2587 1334,2584 1379,2581 1423,2581 1468,2578 1513,2578 1558,2575 1602,2572 1647,2572 1692,2572 1737,2572 1781,2569"/>
                <TextEquiv>
                    <Unicode>reichend Papier vorhanden sein wird.</Unicode>
                </TextEquiv>
            </TextLine>
            <TextLine id="tr_2_tl_5" custom="readingOrder {index:4;}">
                <Coords points="729,2721 2657,2704 2846,2693 2849,2599 732,2646"/>
                <Baseline points="746,2704 752,2704 796,2704 841,2701 886,2701 931,2701 976,2698 1020,2698 1065,2695 1110,2695 1155,2695 1199,2692 1244,2692 1289,2686 1334,2686 1379,2686 1423,2683 1468,2683 1513,2683 1558,2680 1602,2680 1647,2677 1692,2680 1737,2677 1781,2677 1826,2674 1871,2671 1916,2668 1961,2668 2005,2665 2050,2665 2095,2662 2140,2662 2184,2662 2229,2662 2274,2659 2319,2656 2364,2653 2408,2653 2453,2650 2498,2650 2543,2650 2587,2650 2632,2647 2677,2644 2722,2644 2766,2641 2811,2641 2856,2638"/>
                <TextEquiv>
                    <Unicode>Nebenbei bemerkt: es wäre auch garnicht vorteilhaft, noch in diesem</Unicode>
                </TextEquiv>
            </TextLine>
            <TextLine id="tr_2_tl_6" custom="readingOrder {index:5;}">
                <Coords points="641,2860 2838,2790 2840,2696 644,2743"/>
                <Baseline points="659,2808 698,2808 743,2808 788,2808 832,2805 877,2805 922,2802 967,2799 1011,2799 1056,2796 1101,2796 1146,2793 1190,2793 1235,2790 1280,2790 1325,2787 1370,2787 1414,2787 1459,2784 1504,2784 1549,2781 1593,2781 1638,2778 1683,2778 1728,2778 1773,2775 1817,2775 1862,2772 1907,2769 1952,2769 1996,2766 2041,2766 2086,2763 2131,2763 2175,2763 2220,2760 2265,2760 2310,2760 2355,2758 2399,2758 2444,2755 2489,2752 2534,2752 2578,2749 2623,2746 2668,2746 2713,2746 2758,2746 2802,2743 2847,2743"/>
                <TextEquiv>
                    <Unicode>Jahr ein drittes neues Buch zu bringen und damit das Interesse von den</Unicode>
                </TextEquiv>
            </TextLine>
            <TextLine id="tr_2_tl_7" custom="readingOrder {index:6;}">
                <Coords points="652,2924 2441,2946 2779,2912 2782,2788 655,2863"/>
                <Baseline points="668,2913 683,2910 728,2910 773,2907 817,2907 862,2907 907,2904 952,2904 996,2901 1041,2901 1086,2901 1131,2898 1176,2898 1220,2895 1265,2895 1310,2889 1355,2889 1399,2889 1444,2886 1489,2886 1534,2886 1578,2883 1623,2883 1668,2883 1713,2880 1758,2880 1802,2877 1847,2877 1892,2874 1937,2871 1981,2871 2026,2868 2071,2868 2116,2868 2161,2868 2205,2865 2250,2865 2295,2862 2340,2859 2384,2859 2429,2856 2474,2856 2519,2853 2563,2853 2608,2850 2653,2850 2698,2847 2743,2847 2787,2841"/>
                <TextEquiv>
                    <Unicode>beiden andern Büchern abzulenken, zumal "Fink und Fliederbusch" erst</Unicode>
                </TextEquiv>
            </TextLine>
            <TextLine id="tr_2_tl_8" custom="readingOrder {index:7;}">
                <Coords points="646,3057 754,3082 915,3037 962,3071 1137,3023 1728,3043 1731,2946 1648,2921 1334,2960 1201,2915 1132,2962 849,2940 785,2971 649,2932"/>
                <Baseline points="662,3014 707,3014 752,3011 796,3011 841,3011 886,3011 931,3008 976,3008 1020,3005 1065,3002 1110,3002 1155,3002 1199,2999 1244,2996 1289,2996 1334,2996 1379,2993 1423,2993 1468,2990 1513,2987 1558,2987 1602,2987 1647,2984 1692,2984 1737,2978"/>
                <TextEquiv>
                    <Unicode>Mitte nächsten Monats herauskommt.</Unicode>
                </TextEquiv>
            </TextLine>
            <TextLine id="tr_2_tl_9" custom="readingOrder {index:8;}">
                <Coords points="832,3173 2696,3118 2854,3073 2857,2993 838,3054"/>
                <Baseline points="850,3113 892,3110 937,3110 982,3107 1026,3107 1071,3104 1116,3104 1161,3101 1205,3101 1250,3098 1295,3098 1340,3098 1384,3095 1429,3092 1474,3092 1519,3092 1564,3089 1608,3089 1653,3086 1698,3086 1743,3086 1787,3083 1832,3083 1877,3083 1922,3080 1967,3077 2011,3077 2056,3074 2101,3074 2146,3074 2190,3071 2235,3071 2280,3068 2325,3068 2369,3065 2414,3065 2459,3065 2504,3062 2549,3062 2593,3059 2638,3056 2683,3056 2728,3053 2772,3053 2817,3047 2862,3047"/>
                <TextEquiv>
                    <Unicode>Für die Markbibliothek erheben wir, wie alle andern Mark-Biblio-</Unicode>
                </TextEquiv>
            </TextLine>
            <TextLine id="tr_2_tl_10" custom="readingOrder {index:9;}">
                <Coords points="655,3254 2580,3218 2763,3184 2765,3098 657,3176"/>
                <Baseline points="674,3220 710,3217 755,3217 799,3217 844,3217 889,3214 934,3214 979,3214 1023,3211 1068,3208 1113,3208 1158,3205 1202,3205 1247,3202 1292,3199 1337,3199 1381,3196 1426,3196 1471,3193 1516,3193 1561,3190 1605,3190 1650,3190 1695,3190 1740,3187 1784,3187 1829,3187 1874,3184 1919,3181 1964,3181 2008,3178 2053,3181 2098,3178 2143,3178 2187,3175 2232,3172 2277,3172 2322,3169 2366,3169 2411,3169 2456,3166 2501,3166 2546,3166 2590,3163 2635,3160 2680,3157 2725,3154 2769,3149"/>
                <TextEquiv>
                    <Unicode>theken, seit 1. Oktober einen Teuerungs zuschlag von 25 Pfg., wovon</Unicode>
                </TextEquiv>
            </TextLine>
            <TextLine id="tr_2_tl_11" custom="readingOrder {index:10;}">
                <Coords points="652,3365 2635,3345 2768,3312 2771,3187 657,3256"/>
                <Baseline points="671,3319 674,3319 719,3322 764,3322 808,3319 853,3319 898,3319 943,3316 987,3313 1032,3310 1077,3307 1122,3307 1167,3304 1211,3301 1256,3301 1301,3301 1346,3295 1390,3292 1435,3292 1480,3289 1525,3289 1570,3286 1614,3283 1659,3283 1704,3283 1749,3280 1793,3277 1838,3274 1883,3274 1928,3271 1972,3268 2017,3268 2062,3265 2107,3265 2152,3265 2196,3265 2241,3265 2286,3265 2331,3265 2375,3262 2420,3259 2465,3259 2510,3256 2555,3256 2599,3256 2644,3253 2689,3250 2734,3247 2778,3241"/>
                <TextEquiv>
                    <Unicode>wir, nach Abzug des Rabatt, 15 Pfg. bekommen. Dieser Zuschlag ist</Unicode>
                </TextEquiv>
            </TextLine>
        </TextRegion>
    </Page>
</PcGts>
