3221 4007
1655 297 1743 419 18
1982 483 2457 558 S. FISCHERVERLAO
556 378 1272 607 DIE NEUE RUNDSCHAU
2496 417 2918 583 26. Juli 192
1987 544 2776 619 BERene W 57. BÜLÖWSTR. 90
736 548 1087 670 REDAKITION
1982 587 2462 682 FRNSPR. LÜTZÖW 6162-60
1087 590 1292 726 Kay/k
1285 782 1502 946 Herrn
1521 904 2262 1065 Dr. Arthur Schnitzler
2225 1038 2830 1238 Sternwartestr. 71
1063 1255 2355 1424 Verehrter lieber Herr Dr. Schnitzler!
1250 1389 2884 1526 Herr Dr. Beer-Hofmann hatte wohl die Freundlich-
1060 1528 2857 1667 keit, Ihnen meine Grüsse auszurichten. Es tat mir auf-
1055 1633 2991 1748 richtig leid, Sie nicht in Wien begrüssen zu können, aber
1058 1736 2842 1870 die Zeit war zu kurz, und ich war zwei mal in Rodaun.
1243 1860 2925 1974 Heute möchte ich Sie herzlichst einladen an einem
1046 1955 2884 2067 Hofmannsthal-Gedächnis-Heft mitzuarbeiten, als welches
1051 2030 2923 2199 unser Oktober-Heft erscheinen soll. Ich hoffe, dass ich
1051 2186 2986 2286 bestimmt mit Ihrer Mitwirkung rechnen kann und wäre Ihnen
1046 2264 2886 2438 aufrichtig dankbar, wenn Sie mir sogleich alles Mähere
1041 2379 1633 2533 mittelen würéden.
1268 2481 2949 2611 Ich stehe unmittelbar vor Antritt meiner Urlaubs-
1038 2589 3001 2759 reise und möchte Sie deshalb um die Freundlichkeit bitten,
1041 2710 2157 2825 Ihre Antwort zu richten an nach:
1272 2796 2516 2976 Kloster auf Hiddensee, bei Stralsund
1460 2888 1977 3018 Landhaus Mann.
1597 3052 2645 3198 Mit herzlich ergebenen Grüssen
1938 3142 2581 3371 Ihr Rudolf Kazin
