2918 3976
1073 290 1282 415 490
241 371 2378 551 S. Fischer/Verlag/Berlin W 57/Bülowstraße 9o
487 516 2172 624 Bankkonto: Deutsche Bank, Depositenkasse P in Berlin / Postscheckkonto. Berlin Nr. 16692
835 586 1891 708 sprechanschlüsse: Amt Lützow Nr. 1662, 6162 und 9292
168 713 319 867 F/Si
1978 737 2340 899 4. März 21
658 1050 1560 1253 Herrn Dr. Arthur Schnitzler
1946 1169 2152 1363 Wien
450 1363 940 1488 Lieber Freund,
461 1496 2480 1656 ich lasse Ihnen von der Luxusausgabe des „ Casanova „ zunächst
299 1592 2427 1720 zwei Exemplare zugehen; stellt sich heraus, dass wir über die zum
307 1714 2410 1833 Verkauf bestimmten 125 Exemplare noch weitere Ueberschüsse haben,
307 1781 2610 1960 so können Sie von dieser Ausgabe später noch etwas bekommen. Ich hoffe,
299 1911 2630 2036 Sie werden mit der Ausführung des Buches zufrieden sein und hoffentlich
307 2033 2453 2163 auch mit dem finanziellen Resultat, mit dem ja jetzt nicht mehr so
304 2117 1041 2253 sicher zu rechnen ist.
429 2207 2450 2349 Die normale Ausgabe, die zu 50 Mark in den Handel kommen wird,
304 2349 2549 2436 wird erst Ende dieses Monats zur Ausgabe gelangen; wir haben die Ein-
304 2433 2616 2532 bände, die nicht gut ausgefallen sind, neu hergestellt und das war eine
304 2532 1462 2633 ziemlich langwierige Angelegenheit.
394 2619 2642 2781 Die gewünschten Freiexemplare haben wir Ihnen zugeschickt; Sie hätten
310 2714 2526 2880 sie schon längst bekommen, Sie haben aber bisher versäumt, die Liste
310 2839 774 2961 einzuschicken
400 2917 2401 3036 Sladek hat das völkische Attentat auf den "Reigen " mit einem
307 3033 2529 3187 energischen Griff abgewehrt. Würde es auf dieselbe Art nicht in Wien
307 3123 1424 3283 aufs Neue versucht werden können?
1163 3228 1911 3439 Mit herzlichen Grüssen
1473 3378 1682 3544 The
1775 3416 2364 3625 fischer
3 3463 197 3582 R. 6000. 1. 21.
