3197 4122
2005 341 2625 510 Blatt 2
497 415 1629 612 FISCHER,VERLAG, BERLIN,
750 679 2487 871 mit Manuskripten aus Wien hat es übrigens bei uns nicht
753 835 1065 978 gegeben.
1007 830 2751 1071 Denken Sie daran, dass die Einakter noch vor Beginn der
766 986 2751 1181 nächsten Theatersaison an die Bühnen zur Versendung kommen sol-
768 1101 2700 1278 len? Ich glaube nicht, ob das sehr vorteilhaft wäre. Aber mit
771 1173 2443 1375 dem Satz kann ja natürlich jederzeit begonnen werden.
1045 1276 2738 1486 Frau Klara Körber (Mitglied des Lyceum-Clubs) ist mir
784 1383 2769 1580 nicht bekannt. Ich glaube, es handelt sich hier um eine profes-
1304 1427 1542 1501 cʼest lʼautre et très de ses autres.
789 1496 2715 1688 sionelle Buchmächerei, die die Aütoren viel zu oft, zu ihrem
802 1583 2787 1780 eigenen Schaden, unterstützen. Unter den gegenwärtigen Verhält-
791 1724 2700 1908 nissen kann ich Ihnen aber nicht abraten. Ihre Zustimmung zu
812 1813 2794 1993 geben, so fern Ihnen ein angemessenes Honorar für den gedachten
807 1939 2756 2139 Zweck zur Verfügung gestellt wird. Freilich bin ich nicht im-
817 2034 2725 2198 stande zu beurteilen, welches Honorar am Platze wäre, da ich
825 2146 2787 2305 über Absatzmöglichkeiten und Preis des Buches nicht informiert
827 2328 981 2433 bin.
1014 2336 2792 2533 An den Vorstand Deutscher Bühnenschriftsteller haben wir
843 2449 2003 2628 für Ihre Rechnung 20 Mark überwiesen.
1032 2538 2889 2717 An Altenberg leisten wir, infolge Ihrer Meisung, schon seit
1219 2671 1498 2730 m
830 2677 1985 2861 langem keine Zahlungen mehr für Sie.
1030 2702 2876 2953 Dagegen freue ich mich Ihnen mitteilen zu können, dass wir
1265 2871 2910 3002 Garlan" in der Romanbibliothek weitere 6000 Exemplare
866 2925 1214 3053 von “Bertha
1265 2986 1357 3048 G.C.H.
876 2963 2794 3122 (das 20.-32. Tausend) drucken. Ueber das Honorar von 600 Mark
863 3071 2861 3235 bitte ich Sie zu verfügen. Da Sie zum jetzigen Kronenkurs einen
868 3130 2933 3363 erheblichen Vorteil haben, empfiehlt es sich vielleicht, das Geld
876 3325 1690 3481 Ihrer Bank zu überweisen.
