3091 4105
1318 237 1503 398 :875
806 340 2297 478 S. Fischer/Verlag/A.-G.-Berlin W 57
539 513 2534 615 Bankkonto: Deutsche Bank, Depositenkasse P in Berlin/Postscheckkonto; Berlin Nr. 1669.
979 598 2142 700 Fernsprechanschlüsse: Amt Lützow Nr. 6162 bis 6164
1365 650 1743 744 Bülemstraße so
976 691 2124 838 Telegramm.Adresse: Fischerverlag 6162 Berlinlützow
2256 753 2652 873 3. Juli 28
463 762 674 923 F/81.
1386 791 1831 1061 Jos. Aus
665 1031 1166 1166 Lieber Freund,
674 1137 2798 1342 ich muss schon wieder einmal auf den ursprünglichen Plan zurück-
533 1292 2716 1424 kommen, die obändige Ausgabe so einzurichten, dass wir jeden Band
542 1406 2778 1535 separat verkaufen können. Daraus geht hervor, dass jeder Band einen
542 1515 2895 1650 besonderen Titel führen muss und dass die Bände nicht numeriert werden.
542 1594 2810 1761 Das Schliesst nicht aus, dass wir einen zweiten Inventitel beifügen;
1535 1694 1805 1781 etwa
548 1726 2786 1858 auf der linken Seite würde dann stehen: xxx die Erzählenden Schriften
548 1843 2883 1957 gesammelt in 6 Bänden », auf der rechten Titelseite würde der Spezial-
548 1922 2898 2036 Titel des betreffenden Buches stehen, der identisch sein müsste mit dem
542 2039 2810 2151 Rückentitel des betreffenden Bandes. Damit ist der Zusammenhans der 6
542 2124 2854 2241 Bände als Gesammelte Schriften, ausserlich gewahrt und uns die Möglich-
1333 2215 1594 2282 auch
539 2236 2810 2382 keit gegeben, jeden Band einzeln zu verkaufen. Als genau so, wie wir
539 2341 2737 2473 es mit den Gesammelten Werken in Einzelausgaben von Hernann Hesse,
542 2449 2186 2596 Thomas Mann, Jakob Vassermann etc. gemacht haben.
633 2555 2857 2675 Bernard Shaw hat in seinen Gesammelten Werken Titel für die Einzel-
542 2666 2737 2772 Bände gemacht; ich lege ein Verzeichnis bei. Vielleicht können Sie
1978 2748 2722 2822 siden der vier
536 2772 2731 2880 Ehnliche zusammenfassende Bezeichnungen für
542 2860 1362 3015 schaffen.
680 2948 2704 3094 Vonn wir dabei beharren die obändige Ausgabe nur zusannen für
542 3091 2725 3214 etwa 45 - 50 M Ladenpreis auszugeben, so wird der Absatz so gering
536 3188 2745 3311 sein, dass ein Neudruck nicht möglich wäre. Wir machen täglich die
530 3290 2866 3443 Erfahrung, dass Gesantausgaben des Preises wegen absolut unverkäuflich
527 3393 2684 3578 sind. Es nützt also nichts, verehrter Freund, Sie müssen für die
