3068 3959
693 785 2175 900 Sie waren mit den Urhaben et jours zyn
717 894 2376 1043 Une gebsche hi mir ja chez luhebereilt?
731 989 2286 1139 die heb leicht gedrückt. Die erbesetzet – zu Reis¬
768 1090 2143 1184 we abvlet unill vertiecke – denn zu he¬
780 1194 2192 1318 we sait c est fromé, et es en cote
795 1275 2086 1446 ses enfts. Je tab de Aneol monsieur
763 1378 2077 1538 de Lieu ait une d thealuert aus
791 1480 2444 1651 bel habe u wesendt.. (alle ich gut Beit)
798 1589 2164 1742 - die meist und durch ein ausgegeben zu
940 1674 1224 1742 in order
804 1697 2256 1874 in, in  tell Fl. auf in pu¬
883 1796 2218 1970 chez bliebes. tel ne sont ousainée
862 1900 2205 2051 es un overgehände..... Mr. Deut 1
872 2009 2292 2188 werk tron. Sie wiederumnd es selbst
872 2120 2188 2286 neur, enfälls i un ame et...
851 2256 2254 2423 mecst, def sie jegen avant que Cent
1691 2359 2542 2463 Sie nie ein Viel mit R.
819 2376 2510 2546 in ben Uobler sind; - ich, he ist die heute
1467 2489 1608 2604 by
2150 2484 2578 2595 Je n'ai eu
862 2493 2576 2740 we shall do The Inyal cee i ait tlet
866 2623 1329 2766 seignent
981 2764 2179 2981 namen ein in Erlös¬
977 2943 1949 3092 carn wilt im 1.1
957 3045 1994 3235 It is the <gap/>
