3128 3847
2217 152 2631 330 Blatt
477 197 1340 381 S. FISCHER,VERLAG, BERLIN,
773 316 1038 406 Theaterabteilung.
601 536 2668 764 dass München und Frankfurt a. M. nicht zu den Städten gehören, die
587 660 2857 846 Sie sich vertraglich xxxbehaltenert haben. Diese Städte sind lediglich
587 761 2817 922 Berlin, Wien und Hamburg,. Wir wissen nicht, ob wir Absatz 2 des Punktes
601 914 2809 1035 Mnicht etwa miseverstanden haben, doch könnten wir auf das Abschluss -
603 1004 2707 1134 recht mit diesen Städten natürlich unbeschadet Ihres Wunsches, dass
606 1100 2727 1227 wir uns hierüber vorerst mit Ihnen ins Einvernehmen zu setzen haben,
601 1218 2766 1345 Isider nicht verzichten. Der Ausschluss von Berlin, Wien und Hamburg,
612 1325 2828 1430 verbunden mit der unter der allgemeinen Norm empfindlich zurückbleiben-
550 1399 2812 1565 dem Provision von 7t., nach### es uns ohnedies schwierig, unsern Selbst
615 1506 2781 1653 kosten mit den uns aus Ihren Tantiemen zufliessenden Einnahmen auszu
615 1599 2761 1737 belancieren. Würde nun auch noch Frankfurt a. M. und München aus dem
609 1726 2750 1872 Bereich unserer Vertriebstätigkeit ausgeschlossen, sodass uns nur die
618 1777 2795 1951 kleineren Bühnen verblieben, so müssten wir unbedingt mit Unterbilanz
623 1901 2651 2061 arbeiten. Wir ersuchen daher höflichst „falls dies überhaupt be-
623 1988 2789 2188 absichtigt war „von einer Entziehung des Abschlussrechtes für München
626 2166 1847 2295 und Frankfurt a. M. absehen zu wollen.
1244 2143 2800 2332 Mit allen übrigen Punktem Ihrer Bestimmungen sind
634 2295 2781 2451 wir einverstanden. Wir bitten nur noch um Ihren Bescheid, ob wir für
629 2411 2831 2583 München und Frankfurt a. M. die Herstellung des Einvernehmens auf Ihre
632 2530 1633 2718 neuen Werke beschränken können.
1210 2555 2837 2797 An ungestellten wäre es uns, wenn Anfragen nur bei
646 2699 2750 2924 Erstaufführungen gestellt werden müssten, wärend die Vergebung vom
637 2837 2843 3015 Mündchen und Frankfurt a. M. Bereits aufgeführten Verkenung überlassen
646 3015 891 3158 wirdan.
1272 2967 2820 3153 Was die Vergebung von „Reigem“ an die Hamburger
651 3116 2766 3333 Kmmerspiele betrifft, so stimmen wir vollkommen mit Ihnen überein,
657 3237 2910 3438 wenn Sie dieser Bühne vor dem Deutschen Schauspielhaus den Vorzug geben.
1734 3356 2654 3517 Mit vorzüglicher Hochachtung
1932 3486 2510 3567 8. FISCHER, VERLAG
1946 3553 2496 3649 THEATERABTEILUNG
