3160 3993
1175 330 2055 431 S. FISCHER / VerLAG
555 365 655 448 Blatt
606 644 2716 785 wenn sich die Möglichkeit der Papierbeschaffung ergibt. Wenn die
606 739 2842 897 österreichischen Autoren Herrn Prinzhorn die Erklärung abgeben, dass
606 845 2917 1003 sie fürdeinen österreichischen Verlag nicht zu haben sein werden, wenn
612 951 2877 1104 er jetzt in unlautererweise die Papiernot in Deutschland zu Ungunsten
652 1060 1532 1167 in Deutschland verlegten
609 1058 2842 1204 der österreichischen Autoren ausnützt, so könnte damit ein wirksamer
612 1178 1822 1348 Druck auf Prinzhorn ausgeübt werden.
1365 1331 2121 1471 Mit herzlichen Grüssen
1793 1420 1923 1566 Ihr
1790 1526 2500 1750 Fische
