3137 4056
1221 263 1420 413 453
805 360 2297 515 S. FISCHER / VerLAG
499 462 2590 666 Bankkonto: Deutsche Bank, Depositenkasse P Berlin / Postscheckkonto : Berlin 10'1692
966 572 2142 692 BERLIN W 57 / BÜLowSTRASSE 90
1159 644 1946 776 Fernruf: Lützow 1662, 6162 und 9292
1948 738 2260 888 18/4. 20
690 974 1565 1167 Herrn Dr. Arthur Schnitzler
1578 1065 1731 1221 Wien
572 1283 1033 1487 Lieber Freund,
679 1396 2544 1589 die Angaben des Athenaeum-Verlages werden wohl stimmen. Ich
593 1549 2625 1704 werde von unserm ungarischen Vertreter, Herrn Dr. Marten, der ein
1897 1626 2166 1704 le reste de ses autres ouvertimis.
585 1688 2603 1774 sehr gewandter Jurist ist, das Gutachten noch einmal einfordern,
590 1777 2603 1911 und Ihnen auch darüber schreiben, ob der reichsdeutsche Autor in
590 1863 2552 2018 Ungarn besser gestellt ist wie der österreichische. Ich glaube
585 1967 2305 2107 nicht, da Ungarn der Berner Konvention nicht angehört.
751 2064 2692 2193 Wir haben über diese Sache ja schon wiederholt korrespondiert,
593 2185 2673 2327 die Schwierigkeit bietet immer die Tatsache, dass ein Theaterstück
601 2300 1640 2402 in 6 Monaten übersetzt sein muss.
754 2386 2660 2501 Ich habe Ihnen vor einiger Zeit geschrieben, dass die sieben-
598 2472 2571 2617 bändige Gesamtausgabe, "Der Weg ins Freie", "Masken und Wunder"
1597 2566 1828 2630 m m m m r o o
604 2555 2619 2719 und "Dämmerseelen" sich im Druck befinden. Die beiden letzteren
598 2703 2737 2821 Werke sind fertig. Von der Gesamtausgabe wird die erste Abteilung im
596 2794 2756 2923 Mai, die zweite im Juni fertig, der "Weg ins Freie" ebenfalls im Mai,
601 2882 2686 3025 Es dauert jetzt alles viel länger wie in normalen Zeiten, die Her-
598 3025 2670 3153 stellung ist schwieriger, und was uns in diesem Jahr besonders zu-
601 3124 2560 3231 rückgeworfen hat, das waren die Streiks und die Tatsache, dass
612 3207 2625 3333 die Papierfabriken die Papierbestellungen vom vorigen Jahr wegen
609 3320 2756 3462 Mangel an Kohle nicht ausführen konnten. Mit diesen Schwierigkeiten
601 3424 2563 3575 hat jeder zu rechnen, sie sind nicht geringer, sondern grösser
