3106 3991
1218 197 1444 341 1.70.
472 338 2582 581 S. Fischer/Verlag/Berlin W 57/Bülowstraße 90
634 536 2380 645 Bankkonto: Deutsche Bank. Depositenkasse P in Berlin / Poetschsekkonto: Berlin Nr. 16692
919 586 2092 688 Fernsprechanschlüsse: Amt Lützow Nr. 1662. 6162 und 9292
664 911 2700 1087 Gesamtladenpreis 16 % Tantieme verrechnen würden? es ist das-
666 1045 2673 1181 selbe, wie wenn Sie 20 % auf den Grundpreis bekommen. und den
672 1117 2641 1247 Verlagszuschlag frei lassen. Ich finde wir müssten doch eine
672 1231 2761 1364 Ordnung treffen, wenn sie auch nur provisorischer Art ist, viel-
658 1354 2801 1463 leicht für ein Jahr. In diesem ungeregelten Zustand einer offenen
666 1444 2577 1591 Frage, schwebt unser Verhältnis ja vollkommen in der Luft/
760 1559 2849 1692 Ueber die Theater- und ausländischen - Angelegenheiten antwortet
669 1663 1714 1802 Ihnen die betreffende Abteilung.
760 1708 2665 1900 Freiexemplare Ihrer Werke stehen Ihnen gern zur Verfügung.
666 1863 2665 1991 Am schnellsten würde es gehen, wenn wir sie Ihnen durch einen
666 1945 1850 2095 Wiener Sortimenter schicken könnten.
754 2047 2796 2193 Es ist sehr schade, dass Sie nicht nach Berlin kommen, es wäre
674 2143 2793 2289 doch am Ende für sie ganz wichtig die Situation an Art und Stelle
666 2247 1428 2385 näher kennen zu lernen.
1500 2351 2255 2489 Mit herzlichen Grüssen
1847 2486 2007 2574 Ihr
1836 2556 2420 2716 I fischer.
818 2790 2836 3019 und wenn ich Ihrer Royalität nicht
823 2971 2817 3129 sicher wäre, könnte ich neue Bücher
1945 3038 2470 3131 vorherig
815 3043 2849 3233 oder Auflagen ohne Hausdruckliche
821 3163 2849 3355 derständigung gar nicht drücken.
821 3289 2798 3502 Rechtlich ist zwar dadurch nichts
1748 3419 1993 3518 sich
826 3422 2782 3603 geändert, dass Sie nicht erklären
834 3531 2846 3718 Die Honorarverrechnung der tantiemen¬
834 3648 1964 3814 erben acceptieren.
362 3638 554 3768 0000. à 20
