3220 3975
1141 333 2019 452 S. FISCHER / VerLAG
414 350 617 478 2. Blatt
2051 394 2398 611 '1' 1'
559 640 2890 898 ausgehen. Meine Preiserhöhungen bewegen sich in den allerbescheidensten
568 799 2757 962 Grenzen, mein Gewinn am Exemplar ist sehr gering geworden, der Pro-
568 918 2792 1063 zentsatz der Tantieme hat sich nur minimal verändert, bei einem viel
571 1034 2734 1190 grösseren Absatz mit einem höheren Gesamthonorar. Ich kann das für
573 1075 2838 1289 meinen Teil nicht behaupten, habe auch garnicht die Ambition, bei dem
579 1240 2778 1439 sehr viel grösseren Umsatz den prozentualen Friedensgewinn für mich
585 1370 1150 1515 herauszuschlagen.
675 1416 2795 1581 Ich kann sagen, dass mein Verlag vielleicht der einzige ist, der
588 1547 2833 1712 die Friedenstantiemen zu erhalten sucht. Ich will Ihnen ein Beispiel
1156 1654 1353 1712 G.C.H.F.M
585 1642 2893 1793 geben, was Sie für Ihr Buch bei Müller bekommen hätten. Nehmen wir den
602 1735 2864 1932 gleichen Ladenpreis von 5 Mark an, so hätten Sie bei Müller, wenn Sie
594 1836 2861 1996 eine Tantieme von 20 % annehmen, folgende HÖnorarberechnung bekommen:
730 1940 2824 2100 Friedenspreis (Grundpreis) des Buches 3 Mark à 20 Pfg. = 60 Pfdg.
730 2068 2059 2245 Tederungszuschlag 2 Mark: tantiemenfrei.
597 2143 2864 2288 Das wären also 60 Pfg. pro Exemplar, und wenn er Ihnen 25 % vom Frie-
602 2230 2925 2389 denspreis bezahlt hätte, so wären es im besten Fall 75 Pfg. pro Exempl.
600 2372 2919 2523 Der Verlag Müller honoriert den Teuerungszuschlag überhaupt nicht und
617 2462 2578 2612 legt auf den Grundpreis einen Teuerungszuschlag bis zu 50 %.
739 2560 2847 2720 Der Schutzverband Deutscher Schriftsteller empfiehlt seinen Mit-
640 2644 2948 2821 gliedern einen ähnlichen Tantiemenmodus und zwar sowohl für neue Bücher
591 2754 2818 2928 als für neue Auflagen: auf den Friedens- (Grund-)Preis das Friedens¬
623 2864 2882 3015 honorar, auf den Kriegszuschlag 10 % vom Honorar des Friedenspreises.
623 2957 2163 3125 Das wäre also bei einem Ladenpreis von 5 Mark:
2450 3018 2679 3186 75 Pfs.
689 3087 1807 3215 Friedenspreis (Grundpreis) 3 Mark
689 3177 2253 3342 Honorarzuschlag ohne Rücksicht auf die Höhe des
2453 3261 2688 3403 7 7 "
704 3293 1836 3461 Zuschlags 10 % vom Friedenshonorar
2453 3365 2754 3496 82 1/2 Pfg.
