2915 3895
1069 329 2397 516 e m m m rt
485 340 987 539 erhalte
1827 545 2555 681 ....,.,t,.. m r, m K
1106 564 1793 715 gnulisidastoodz
377 593 1086 709 xx. xxx
448 667 2638 845 Wir müssen nun abwarten, ob und welche Vorschläge uns seitens der
442 805 2669 950 United Plays gemacht worden. Wir werden Sie über den weiteren Ver-
1268 910 1452 990 dame
448 964 2175 1081 lauf dieser Angelegenheit sogleich orientieren.
885 1030 2675 1188 Was Chemnitz anbetrifft, so haben wir uns
459 1174 2643 1310 so entgegenkommend gezeigt, wie es unter Wahrung Ihrer Interessen
1815 1228 2550 1299 lʼœuvre de lʼhonneur de la nouvelle sérieuse
457 1268 2587 1424 noch irgendwie zu rechtfertigen war. Wir haben neuerdings Herrn
2073 1339 2275 1410 re de même
468 1376 2694 1517 Samst, der die Aufführungsrechte voh "Reigen" für ganz Deutschland,
1909 1441 2263 1520 nochmals
471 1458 2649 1608 die Schweiz und Holland von uns haben wollte,ßpontan von uns aus
468 1568 2745 1719 gebeten, uns doch irgend einen vernünftigen und sachlichen Vorschlag
479 1705 2649 1829 zu machen, damit wir endlich für die Verhandlungen eine irgendwie
326 1676 448 1807 G.H.F.P
476 1761 2595 1917 diskutierbare Grundlage gewinnen. Da aber Herr Samst auf diesen
482 1872 2618 2028 unsern Brief nicht geantwortet hat, so ist wohl anzunehmen, dass
479 2011 2686 2158 er, statt diese sachliche Basis zu acceptieren, sich neuerdings an
476 2099 2527 2243 Sie gewandt hat. Wir schlugen ihm vor, uns noch 2 - 3 weitere
482 2246 2598 2351 Städte namhaft xxx machen und selbst zu sagen wieviel Kaution er
488 2340 2598 2476 hierfür zu stellen bereit ist. Es macht aber den Eindruck, dass
494 2442 2658 2592 ihm ein solcher, von keinem Affekt getrübter Vorschlag ungenügend
494 2564 2635 2669 erscheint, und er nun neuerdings bei Ihnen Hilfe für seine phan-
494 2635 2765 2794 tastischen Plähe sucht. Sie dürfen das Vertrauen haben, dass ihm von
1290 2765 1387 2833 vrais
496 2743 2726 2904 unserer Seite nichts Böses widerfährt. Es ist aber natürlich unmög-
564 2782 726 2850 toutes les
1920 2850 2360 2936 Geweldsaam m
1563 2850 1903 2936 Dorzk dort
491 2870 2609 3040 lich mit ihm zu irgend einer Einigung zu kommen, solange unsere
857 2896 947 2955 P.S
511 2967 2672 3111 Vorschläge, die sich in rücksichtsvollster Weise im Hahmen des Mö-
513 3103 2743 3225 lichen bewegen, von Herrn Samet statt mit sachlicher Entgegnung mit
360 3100 476 3228 G.H.F.P
1937 3177 2527 3316 Legna nedolelgreb.
397 3199 494 3301 G.C.F.P.
1489 3179 1875 3367 erworben
513 3199 1464 3355 furchtbaren Racheschwüren ###
1869 3273 2527 3418 demandilgöm xxx nicht
840 3301 1336 3440 zug entkauft werfl
386 3324 474 3446 P.P.
