3041 3880
681 269 2590 510 scher/Verlag/Berlin W 57/Bülowstraße 9o.
933 443 2089 568 schlüsse: Amt Lützow Nr. 1662. 6162 und 9292 / Postscheckkonto: Berlin
1108 515 1873 632 THEATERABTEILUNG
1260 731 1410 911 III.
731 884 2626 1097 Verbleiben noch Ihre skandinavischen Angelegenheiten:
537 1058 2571 1230 Herr Nygaard, Bergen hat inzwischen mit dem P.P. norwegischen
540 1172 2637 1360 Direktor angeschlossen. Ich habe Schritte unternommen, um Ihre
540 1316 2673 1474 Rechte zu wahren, kann mir aber ein endgiltiges Urteil über die
548 1438 2645 1612 Sachlage natürlich erst bilden, sobald ich genau weiss, worauf
543 1529 2615 1740 Herr Nygaard sich stützt. Ich ersuche höflich, falls Ihnen an
557 1637 2651 1842 der nachgemässen WeiterVerfolgung dieser Angelegenheit gelegen
568 1748 2623 1928 sein sollte, um Ausfertigung einer Vollmacht, die mich in die
560 1837 2756 2033 Lage versetzt, alle mir geeignet erscheinenden Mittel zur Wahrung
568 1956 2692 2155 Ihrer Interessen anzuwenden. Ich erlaube mir jedoch vorsichts -
571 2091 2687 2291 halber darauf aufmerksam zu machen, dass natürlich ein in Nor -
571 2219 2715 2418 wegen geführter Prozess sehr kostspielig wäre, diesen würde ich
582 2357 2806 2529 daher keinesfalls führen, ohne vorher Ihr Einverständnis eingeholt
579 2523 903 2668 zu haben.
1017 2565 2770 2784 Was "Heigen" in Skandinvien betrifft, so sind Sie,
590 2715 2704 2931 wenn ich Sie recht verstehe, ungeachtet aller skepsis, die ich
604 2856 2798 3028 in jeder Hinsicht teile, im Prinzip nicht abgeneigt, zu den schon
596 3000 2781 3152 genannten Bedingungen mit dem Skandinarischen Theaterbureau abzu-
598 3116 2698 3291 schliessen. Ich werde die Sache, auch in Rücksicht auf Kalokar
612 3216 2715 3440 weiter verfolgen, doch halte ich es, um Missverständnisse aus-
615 3343 2704 3535 zuschliessen für angezeigt, dass Sie mir hierzu eine ausdrück
2194 3485 2845 3656 sass ich während der
1632 3476 2094 3681 twa in der ärz
1460 3532 1562 3681 en,
