3082 3784
612 839 2527 1142 S'FISCHER-VERLAG THEATERABTEILUNG’BERLIN
1348 1070 1897 1206 57; BÜLOWSTR90
1724 1136 1873 1200 en
576 1085 1539 1309 Herrn Dr. Arthur Schnitzler,
1948 1239 2709 1382 Den 3. Februar 19 23
458 1379 2800 1536 Sehr Værehrter Herr Doktor, im Anhang zu meinem gestrigen Briefe er-
470 1479 2897 1642 laube ich mir noch mitzuteilen, dass das Chat Noir Theater in Kristiania
479 1597 2821 1763 (im Zusammenhange mit dem skandinarischen Thæaterbureau; das sich auf
461 1682 2666 1870 meine Veranlassung bereits mit Kalokar in Verbindung gesetzt hat)
503 1818 2791 1976 „Reigen“ gegen eine Kaution von 1000 forw. Kronen und 10 % Tantieme
464 1924 2830 2079 aufzuführen wünscht. Die Uebersetzung soll von einem bekannten jüngern
467 2000 2748 2157 Schriftsteller Ronald Fangen besorgt werden. Als Referenzen für das
467 2094 2906 2288 Theater werden angegeben: der Kritiker Sigurd Böttker und der Schauspieler
482 2236 2715 2412 des Nationaltheaters in Christiania Ingolf Schanke. Kalckar glaubt
491 2333 2679 2554 sich für eine künstlerisch hochstehende unangreifbare Aufführung
1221 2442 2739 2666 Mit den verbindlichsten Grüssen bin ich Ihr
1870 2539 2824 2648 sehr ergebener xxx
473 2482 1173 2694 verbürgen zu können.
