<?xml version="1.0" encoding="UTF-8" standalone="yes"?>
<PcGts xmlns="http://schema.primaresearch.org/PAGE/gts/pagecontent/2013-07-15" xmlns:xsi="http://www.w3.org/2001/XMLSchema-instance" xsi:schemaLocation="http://schema.primaresearch.org/PAGE/gts/pagecontent/2013-07-15 http://schema.primaresearch.org/PAGE/gts/pagecontent/2013-07-15/pagecontent.xsd">
    <Metadata>
        <Creator>prov=READ-COOP:name=TrHtr:version=2.1.0:model_id=51170:date=27_07_2023_22:31</Creator>
        <Created>2023-05-02T08:11:21.160+02:00</Created>
        <LastChange>2023-07-27T22:31:19.799+02:00</LastChange>
        <TranskribusMetadata docId="1416743" pageId="54954519" pageNr="397" tsid="131306056" status="IN_PROGRESS" userId="64420" imgUrl="https://files.transkribus.eu/Get?id=YCNSWDNHOOIVAVZAFKDRVKJC&amp;fileType=view" xmlUrl="https://files.transkribus.eu/Get?id=LEQPQHDNHBTDJDALBNSGFGQX" imageId="44458244"/>
    </Metadata>
    <Page imageFilename="1416743_0397.jpg" imageWidth="2924" imageHeight="3879">
        <ReadingOrder>
            <OrderedGroup id="ro_1711826412052" caption="Regions reading order">
                <RegionRefIndexed index="0" regionRef="tr_1"/>
                <RegionRefIndexed index="1" regionRef="tr_2"/>
            </OrderedGroup>
        </ReadingOrder>
        <TextRegion id="tr_1" custom="readingOrder {index:0;}">
            <Coords points="432,430 2700,430 2700,2068 432,2068"/>
            <TextLine id="tr_1_tl_1" custom="readingOrder {index:0;}">
                <Coords points="623,557 2115,518 2187,493 2193,357 629,401"/>
                <Baseline points="641,525 671,522 716,519 760,519 805,516 850,516 895,516 939,516 984,513 1029,510 1074,513 1118,510 1163,510 1208,507 1253,507 1297,504 1342,504 1387,501 1432,498 1477,495 1521,489 1566,489 1611,489 1656,489 1700,489 1745,489 1790,489 1835,486 1879,486 1924,486 1969,486 2014,483 2058,483 2103,480 2148,480 2193,483"/>
                <TextEquiv>
                    <Unicode>1 - 9 - 10(1)8</Unicode>
                </TextEquiv>
            </TextLine>
            <TextLine id="tr_1_tl_2" custom="readingOrder {index:1;}">
                <Coords points="526,695 892,750 1171,670 1814,642 2317,695 2362,557 526,637"/>
                <Baseline points="540,680 575,677 620,677 665,680 710,677 754,677 799,674 844,674 889,674 933,674 978,674 1023,671 1068,671 1112,671 1157,668 1202,665 1247,662 1292,662 1336,656 1381,653 1426,653 1471,653 1515,653 1560,650 1605,650 1650,647 1694,647 1739,644 1784,641 1829,641 1873,638 1918,638 1963,635 2008,635 2052,632 2097,632 2142,629 2187,629 2231,626 2276,626 2321,623 2366,629"/>
                <TextEquiv>
                    <Unicode>«««»«i*i««i«i!««*«*j*j^*i^***i.«**</Unicode>
                </TextEquiv>
            </TextLine>
            <TextLine id="tr_1_tl_3" custom="readingOrder {index:2;}">
                <Coords points="1033,748 1786,728 1838,720 1841,664 1778,645 1631,687 1481,667 1440,692 1160,673 1036,695"/>
                <Baseline points="1050,737 1083,734 1127,737 1172,734 1217,731 1262,728 1306,728 1351,728 1396,725 1441,722 1485,722 1530,719 1575,719 1620,719 1664,716 1709,716 1754,710 1799,710 1844,704"/>
                <TextEquiv>
                    <Unicode>m m m m r, r, t t t r, m r : t</Unicode>
                </TextEquiv>
            </TextLine>
            <TextLine id="tr_1_tl_4" custom="readingOrder {index:3;}">
                <Coords points="418,764 465,756 482,770 512,756 581,784 595,778 612,792 640,770 667,772 667,706 620,687 598,703 587,695 565,703 451,651 418,653"/>
                <Baseline points="432,748 450,745 495,742 540,742 584,739 629,742 674,745"/>
                <TextEquiv>
                    <Unicode>stehen</Unicode>
                </TextEquiv>
            </TextLine>
            <TextLine id="tr_1_tl_5" custom="readingOrder {index:4;}">
                <Coords points="687,872 980,844 1069,905 1177,836 2478,803 2564,784 2567,698 692,748"/>
                <Baseline points="704,844 737,844 781,841 826,841 871,841 916,841 960,838 1005,838 1050,835 1095,835 1139,832 1184,829 1229,826 1274,826 1318,823 1363,823 1408,820 1453,820 1497,817 1542,814 1587,814 1632,811 1676,811 1721,808 1766,808 1811,805 1855,802 1900,802 1945,799 1990,799 2034,796 2079,793 2124,790 2169,790 2214,787 2258,784 2303,784 2348,781 2393,775 2437,772 2482,772 2527,769 2572,772"/>
                <TextEquiv>
                    <Unicode>Ueber den weiteren Verlauf in der Angelegenheit " Weites</Unicode>
                </TextEquiv>
            </TextLine>
            <TextLine id="tr_1_tl_6" custom="readingOrder {index:5;}">
                <Coords points="2290,853 2342,836 2370,853 2389,839 2431,842 2453,833 2486,847 2506,833 2547,842 2569,833 2569,781 2478,803 2448,792 2378,795 2365,808 2290,784"/>
                <Baseline points="2306,826 2351,826 2396,826 2440,823 2485,826 2530,826 2575,826"/>
                <TextEquiv>
                    <Unicode>r de lʼauteur.</Unicode>
                </TextEquiv>
            </TextLine>
            <TextLine id="tr_1_tl_7" custom="readingOrder {index:6;}">
                <Coords points="817,1013 1013,944 2453,939 2511,842 2143,797 1958,875 1379,828 928,922 822,889"/>
                <Baseline points="834,955 841,951 886,951 930,948 975,945 1020,945 1065,942 1112,943 1112,943 1130,942 1175,939 1220,939 1265,936 1309,933 1354,930 1399,927 1444,927 1488,927 1533,922 1578,922 1623,922 1667,919 1712,919 1757,916 1802,913 1847,910 1891,910 1936,907 1981,907 2026,904 2070,901 2115,901 2160,898 2205,895 2249,892 2294,892 2339,889 2384,889 2428,886 2473,883 2518,886"/>
                <TextEquiv>
                    <Unicode>der Direktion Rotter ersuchen wir höflichst uns zu</Unicode>
                </TextEquiv>
            </TextLine>
            <TextLine id="tr_1_tl_8" custom="readingOrder {index:7;}">
                <Coords points="429,980 457,991 485,975 521,986 537,972 584,983 609,966 792,964 831,952 833,878 731,883 670,864 595,930 565,911 501,911 482,925 460,905 432,911"/>
                <Baseline points="444,969 474,966 519,963 563,960 608,960 653,957 698,957 742,954 787,951 834,955"/>
                <TextEquiv>
                    <Unicode>Land " mit d</Unicode>
                </TextEquiv>
            </TextLine>
            <TextLine id="tr_1_tl_9" custom="readingOrder {index:8;}">
                <Coords points="1155,1002 1199,1000 1213,1013 1221,1008 1249,1013 1265,1002 1279,1011 1301,1000 1318,1008 1348,1005 1348,944 1321,939 1312,944 1271,939 1246,947 1155,944"/>
                <Baseline points="1170,974 1175,975 1220,972 1265,972 1309,969 1355,967"/>
                <TextEquiv>
                    <Unicode>G.C.H.F.P.</Unicode>
                </TextEquiv>
            </TextLine>
            <TextLine id="tr_1_tl_10" custom="readingOrder {index:9;}">
                <Coords points="955,1008 969,1005 975,1011 991,1011 994,1005 1013,1005 1019,997 1038,997 1055,1008 1083,1002 1077,947 1060,950 1044,939 1038,950 1013,947 1011,952 988,952 980,947 969,958 950,961"/>
                <Baseline points="964,976 1011,981 1056,987 1086,986"/>
                <TextEquiv>
                    <Unicode>G.C.H.P.</Unicode>
                </TextEquiv>
            </TextLine>
            <TextLine id="tr_1_tl_11" custom="readingOrder {index:10;}">
                <Coords points="576,1036 620,1038 634,1027 651,1038 673,1027 689,1038 736,1019 820,1030 831,958 634,975 590,955"/>
                <Baseline points="593,1020 638,1017 683,1005 683,1005 698,1005 742,1002 787,990 835,983"/>
                <TextEquiv>
                    <Unicode>le reste de ses autres</Unicode>
                </TextEquiv>
            </TextLine>
            <TextLine id="tr_1_tl_12" custom="readingOrder {index:11;}">
                <Coords points="426,1102 2423,1044 2508,975 1946,925 831,1041 432,986"/>
                <Baseline points="444,1074 456,1074 501,1071 546,1074 590,1071 635,1071 680,1068 725,1065 769,1065 814,1062 859,1062 904,1059 948,1059 993,1056 1038,1056 1083,1053 1127,1050 1172,1047 1217,1047 1262,1044 1306,1044 1351,1044 1396,1041 1441,1038 1485,1035 1530,1035 1575,1032 1620,1029 1664,1026 1709,1026 1754,1023 1799,1023 1844,1020 1888,1017 1933,1017 1978,1014 2023,1011 2067,1008 2112,1008 2157,1005 2202,1002 2246,999 2291,999 2336,996 2381,996 2425,993 2470,993 2515,987"/>
                <TextEquiv>
                    <Unicode>orientieren, DasLobetheater in Breslau haben wir über die Ver</Unicode>
                </TextEquiv>
            </TextLine>
            <TextLine id="tr_1_tl_13" custom="readingOrder {index:12;}">
                <Coords points="435,1224 2492,1155 2536,1063 437,1141"/>
                <Baseline points="453,1193 483,1187 528,1187 572,1184 617,1184 662,1181 707,1178 751,1175 796,1172 841,1169 886,1169 930,1166 975,1166 1020,1163 1065,1160 1109,1160 1154,1160 1199,1157 1244,1154 1289,1151 1333,1151 1378,1148 1423,1145 1468,1145 1512,1142 1557,1142 1602,1139 1647,1139 1691,1136 1736,1133 1781,1130 1826,1130 1870,1127 1915,1127 1960,1127 2005,1124 2049,1118 2094,1118 2139,1115 2184,1112 2228,1112 2273,1109 2318,1107 2363,1107 2407,1104 2452,1101 2497,1101 2542,1104"/>
                <TextEquiv>
                    <Unicode>gebung des Stückes an die Rotters längst aufgeklärt und hoffen,</Unicode>
                </TextEquiv>
            </TextLine>
            <TextLine id="tr_1_tl_14" custom="readingOrder {index:13;}">
                <Coords points="1620,1196 1642,1202 1653,1193 1664,1204 1697,1199 1706,1207 1739,1202 1753,1188 1769,1196 1780,1185 1814,1199 1836,1188 1847,1199 1869,1196 1872,1146 1797,1132 1780,1143 1755,1138 1725,1155 1622,1146"/>
                <Baseline points="1635,1190 1653,1190 1697,1187 1742,1184 1787,1184 1832,1181 1876,1181"/>
                <TextEquiv>
                    <Unicode>πονίδηΑ</Unicode>
                </TextEquiv>
            </TextLine>
            <TextLine id="tr_1_tl_15" custom="readingOrder {index:14;}">
                <Coords points="1285,1218 1329,1207 1351,1224 1387,1204 1401,1213 1415,1204 1476,1210 1484,1202 1517,1218 1553,1218 1556,1152 1512,1160 1487,1146 1459,1149 1429,1166 1387,1149 1326,1166 1304,1152 1287,1155"/>
                <Baseline points="1300,1202 1339,1202 1384,1196 1429,1196 1474,1193 1518,1193 1563,1190"/>
                <TextEquiv>
                    <Unicode>reur M. F. d.</Unicode>
                </TextEquiv>
            </TextLine>
            <TextLine id="tr_1_tl_16" custom="readingOrder {index:15;}">
                <Coords points="443,1315 1036,1348 1285,1265 2470,1249 2525,1157 446,1240"/>
                <Baseline points="459,1294 468,1294 513,1292 557,1292 602,1292 647,1289 692,1286 737,1283 781,1283 826,1280 871,1280 916,1277 960,1277 1005,1274 1050,1271 1095,1271 1139,1268 1184,1268 1229,1265 1274,1262 1318,1262 1363,1259 1408,1256 1453,1256 1497,1253 1542,1250 1587,1250 1632,1247 1676,1244 1721,1244 1766,1244 1811,1241 1855,1238 1900,1238 1945,1235 1990,1232 2034,1229 2079,1226 2124,1226 2169,1223 2214,1223 2258,1220 2303,1214 2348,1214 2393,1211 2437,1208 2482,1208 2527,1205"/>
                <TextEquiv>
                    <Unicode>dass diese Angelegenheit damit erledigt ist. Im übrigen dürfte</Unicode>
                </TextEquiv>
            </TextLine>
            <TextLine id="tr_1_tl_17" custom="readingOrder {index:16;}">
                <Coords points="446,1409 2273,1373 2539,1332 2542,1251 449,1354"/>
                <Baseline points="462,1408 489,1405 534,1402 578,1402 623,1399 668,1399 713,1399 757,1393 802,1393 847,1390 892,1387 936,1387 981,1384 1026,1381 1071,1381 1115,1378 1160,1378 1205,1375 1250,1375 1294,1372 1339,1372 1384,1369 1429,1366 1474,1363 1518,1363 1563,1360 1608,1357 1653,1354 1697,1354 1742,1351 1787,1348 1832,1345 1876,1345 1921,1345 1966,1342 2011,1339 2055,1336 2100,1333 2145,1333 2190,1330 2234,1327 2279,1324 2324,1324 2369,1321 2413,1318 2458,1318 2503,1312 2548,1309"/>
                <TextEquiv>
                    <Unicode>Ihnen gewiss bekannt sein in welchem recht eigentümlichen Ver-</Unicode>
                </TextEquiv>
            </TextLine>
            <TextLine id="tr_1_tl_18" custom="readingOrder {index:17;}">
                <Coords points="443,1553 2389,1456 2436,1379 449,1440"/>
                <Baseline points="462,1515 471,1512 516,1512 560,1512 605,1509 650,1506 695,1506 739,1503 784,1500 829,1497 874,1497 919,1494 963,1494 1008,1491 1053,1488 1098,1488 1142,1485 1187,1485 1232,1482 1277,1479 1321,1479 1366,1477 1411,1474 1456,1471 1500,1471 1545,1468 1590,1468 1635,1465 1679,1462 1724,1462 1769,1456 1814,1453 1858,1453 1903,1453 1948,1450 1993,1447 2037,1447 2082,1444 2127,1441 2172,1438 2216,1435 2261,1435 2306,1435 2351,1432 2396,1429 2440,1429"/>
                <TextEquiv>
                    <Unicode>hältnis die Direktion Rotter zur gesamten Presse steht. Die</Unicode>
                </TextEquiv>
            </TextLine>
            <TextLine id="tr_1_tl_19" custom="readingOrder {index:18;}">
                <Coords points="446,1634 2378,1584 2561,1562 2564,1487 449,1564"/>
                <Baseline points="462,1617 465,1620 510,1620 554,1620 599,1617 644,1617 689,1614 734,1611 778,1611 823,1608 868,1605 913,1605 957,1602 1002,1599 1047,1599 1092,1596 1136,1593 1181,1590 1226,1590 1271,1587 1315,1587 1360,1584 1405,1584 1450,1581 1494,1581 1539,1578 1584,1575 1629,1575 1673,1572 1718,1569 1763,1566 1808,1563 1852,1560 1897,1560 1942,1557 1987,1554 2031,1554 2076,1554 2121,1551 2166,1548 2211,1545 2255,1545 2300,1542 2345,1539 2390,1536 2434,1533 2479,1530 2524,1533 2569,1536"/>
                <TextEquiv>
                    <Unicode>Aufführungen sind dort auf einen bestimmten Stil zugeschnitten,</Unicode>
                </TextEquiv>
            </TextLine>
            <TextLine id="tr_1_tl_20" custom="readingOrder {index:19;}">
                <Coords points="460,1742 2309,1711 2672,1670 2675,1598 1650,1578 462,1683"/>
                <Baseline points="474,1730 489,1733 534,1730 578,1727 623,1727 668,1724 713,1724 757,1721 802,1721 847,1718 892,1715 936,1715 981,1712 1026,1709 1071,1706 1115,1706 1160,1703 1205,1703 1250,1700 1294,1697 1339,1697 1384,1691 1429,1691 1474,1688 1518,1688 1563,1685 1608,1682 1653,1679 1697,1676 1742,1676 1787,1673 1832,1670 1876,1667 1921,1667 1966,1664 2011,1664 2055,1662 2100,1662 2145,1659 2190,1656 2234,1653 2279,1650 2324,1650 2369,1644 2413,1644 2458,1641 2503,1641 2548,1638 2592,1635 2637,1632 2682,1632"/>
                <TextEquiv>
                    <Unicode>der dem spezifischen Publikum der Rotterbühnen (den neuen Reichen</Unicode>
                </TextEquiv>
            </TextLine>
            <TextLine id="tr_1_tl_21" custom="readingOrder {index:20;}">
                <Coords points="462,1869 2611,1802 2614,1706 1249,1708 465,1797"/>
                <Baseline points="477,1844 519,1844 563,1841 608,1841 653,1838 698,1838 742,1835 787,1832 832,1829 877,1826 922,1823 966,1823 1011,1820 1056,1820 1101,1817 1145,1817 1190,1817 1235,1814 1280,1808 1324,1805 1369,1805 1414,1802 1459,1799 1503,1799 1548,1796 1593,1793 1638,1790 1682,1790 1727,1787 1772,1784 1817,1784 1861,1778 1906,1778 1951,1775 1996,1775 2040,1772 2085,1769 2130,1769 2175,1766 2219,1766 2264,1763 2309,1760 2354,1757 2399,1754 2443,1751 2488,1748 2533,1745 2578,1745 2622,1742"/>
                <TextEquiv>
                    <Unicode>zusagt. Doe Vergebung von Stücken an diese Direktion kann daher</Unicode>
                </TextEquiv>
            </TextLine>
            <TextLine id="tr_1_tl_22" custom="readingOrder {index:21;}">
                <Coords points="471,1963 2536,1910 2691,1894 2697,1786 473,1877"/>
                <Baseline points="486,1954 507,1951 552,1951 596,1951 641,1945 686,1945 731,1942 775,1939 820,1936 865,1933 910,1933 954,1930 999,1930 1044,1927 1089,1924 1133,1924 1178,1921 1223,1921 1268,1918 1312,1918 1357,1915 1402,1912 1447,1909 1491,1906 1536,1906 1581,1903 1626,1900 1670,1897 1715,1894 1760,1894 1805,1891 1849,1888 1894,1888 1939,1885 1984,1882 2029,1879 2073,1882 2118,1876 2163,1876 2208,1873 2252,1870 2297,1867 2342,1867 2387,1864 2431,1864 2476,1861 2521,1858 2566,1855 2610,1852 2655,1852 2700,1849"/>
                <TextEquiv>
                    <Unicode>in jedem einzelnen Falle nur unter dem Gesichtspunkt der Opportuni-</Unicode>
                </TextEquiv>
            </TextLine>
            <TextLine id="tr_1_tl_23" custom="readingOrder {index:22;}">
                <Coords points="473,2071 620,2090 928,2046 1088,2049 1124,2079 1215,2038 1409,2038 1412,1971 1287,1988 1074,1946 764,2005 479,1999"/>
                <Baseline points="492,2058 525,2058 569,2055 614,2055 659,2052 704,2049 748,2046 793,2046 838,2043 883,2040 927,2037 972,2037 1017,2034 1062,2034 1107,2034 1151,2031 1196,2029 1241,2029 1286,2023 1330,2017 1375,2014 1420,2014"/>
                <TextEquiv>
                    <Unicode>tät betrachtet werden.</Unicode>
                </TextEquiv>
            </TextLine>
        </TextRegion>
        <TextRegion id="tr_2" custom="readingOrder {index:1;}">
            <Coords points="495,2029 2709,2029 2709,3590 495,3590"/>
            <TextLine id="tr_2_tl_1" custom="readingOrder {index:0;}">
                <Coords points="767,2171 2312,2129 2450,2099 2453,2013 2268,1985 1819,2065 1365,2027 1138,2104 770,2099"/>
                <Baseline points="781,2154 802,2154 847,2151 892,2148 936,2148 981,2142 1026,2142 1071,2142 1115,2142 1160,2139 1205,2136 1250,2133 1294,2130 1339,2130 1384,2130 1429,2127 1474,2124 1518,2121 1563,2118 1608,2115 1653,2115 1697,2112 1742,2109 1787,2109 1832,2106 1876,2103 1921,2103 1966,2097 2011,2097 2055,2094 2100,2094 2145,2091 2190,2088 2234,2088 2279,2085 2324,2082 2369,2079 2413,2079 2458,2079"/>
                <TextEquiv>
                    <Unicode>Mit "Reigen " verfahren wir nach wie vor äusserst</Unicode>
                </TextEquiv>
            </TextLine>
            <TextLine id="tr_2_tl_2" custom="readingOrder {index:1;}">
                <Coords points="479,2304 2470,2209 2472,2132 485,2221"/>
                <Baseline points="498,2276 510,2276 554,2276 599,2273 644,2273 689,2270 734,2267 778,2267 823,2267 868,2267 913,2264 957,2261 1002,2258 1047,2255 1092,2252 1136,2252 1181,2249 1226,2246 1271,2243 1315,2243 1360,2240 1405,2237 1450,2237 1494,2234 1539,2231 1584,2228 1629,2225 1673,2222 1718,2222 1763,2219 1808,2216 1852,2216 1897,2211 1942,2211 1987,2208 2031,2205 2076,2202 2121,2202 2166,2199 2211,2199 2255,2196 2300,2193 2345,2190 2390,2187 2434,2187 2479,2181"/>
                <TextEquiv>
                    <Unicode>vorsichtig. Die beabsichtigte Aufführung in Breslau ist ver-</Unicode>
                </TextEquiv>
            </TextLine>
            <TextLine id="tr_2_tl_3" custom="readingOrder {index:2;}">
                <Coords points="944,2215 994,2212 1005,2223 1011,2221 1033,2243 1047,2243 1049,2149 1016,2151 1005,2160 994,2151 977,2151 972,2157 947,2154"/>
                <Baseline points="960,2196 963,2193 1008,2196 1053,2190"/>
                <TextEquiv>
                    <Unicode>1</Unicode>
                </TextEquiv>
            </TextLine>
            <TextLine id="tr_2_tl_4" custom="readingOrder {index:3;}">
                <Coords points="1157,2204 1171,2201 1213,2204 1229,2196 1257,2201 1254,2146 1229,2149 1215,2165 1196,2154 1179,2160 1168,2154 1155,2157"/>
                <Baseline points="1173,2192 1220,2196 1265,2196"/>
                <TextEquiv>
                    <Unicode>G.F.P.</Unicode>
                </TextEquiv>
            </TextLine>
            <TextLine id="tr_2_tl_5" custom="readingOrder {index:4;}">
                <Coords points="1988,2273 2046,2276 2068,2268 2093,2279 2179,2262 2196,2273 2212,2270 2215,2221 2196,2223 2165,2207 2143,2207 2121,2223 2079,2223 2057,2209 2035,2223 1991,2223"/>
                <Baseline points="2005,2258 2034,2258 2079,2258 2124,2255 2130,2255 2133,2255 2178,2255 2222,2252"/>
                <TextEquiv>
                    <Unicode>a-</Unicode>
                </TextEquiv>
            </TextLine>
            <TextLine id="tr_2_tl_6" custom="readingOrder {index:5;}">
                <Coords points="485,2398 2450,2351 2456,2248 487,2312"/>
                <Baseline points="501,2390 534,2384 578,2384 623,2381 668,2378 713,2375 757,2375 802,2372 847,2372 892,2372 936,2369 981,2369 1026,2366 1071,2363 1115,2363 1160,2360 1205,2357 1250,2354 1294,2354 1339,2351 1384,2348 1429,2348 1474,2345 1518,2342 1563,2339 1608,2339 1653,2339 1697,2336 1742,2330 1787,2327 1832,2324 1876,2321 1921,2318 1966,2315 2011,2315 2055,2315 2100,2312 2145,2309 2190,2306 2234,2303 2279,2300 2324,2300 2369,2300 2413,2300 2458,2297"/>
                <TextEquiv>
                    <Unicode>boten worden, wir haben Einspruch gegen das Verbot erhoben.</Unicode>
                </TextEquiv>
            </TextLine>
            <TextLine id="tr_2_tl_7" custom="readingOrder {index:6;}">
                <Coords points="485,2500 2448,2459 2481,2353 490,2431"/>
                <Baseline points="501,2494 516,2494 560,2491 605,2491 650,2491 695,2488 739,2485 784,2482 829,2482 874,2479 919,2479 963,2476 1008,2476 1053,2473 1098,2470 1142,2467 1187,2467 1232,2464 1277,2464 1321,2461 1366,2458 1411,2455 1456,2452 1500,2449 1545,2449 1590,2446 1635,2443 1679,2443 1724,2437 1769,2437 1814,2434 1858,2431 1903,2428 1948,2425 1993,2425 2037,2422 2082,2419 2127,2416 2172,2416 2216,2413 2261,2413 2306,2410 2351,2407 2396,2404 2440,2404 2485,2410"/>
                <TextEquiv>
                    <Unicode>Sämtliche Anfragen aus Kurorten wurden ablehnend beschieden</Unicode>
                </TextEquiv>
            </TextLine>
            <TextLine id="tr_2_tl_8" custom="readingOrder {index:7;}">
                <Coords points="498,2614 2428,2553 2464,2456 504,2550"/>
                <Baseline points="516,2601 543,2601 587,2601 632,2598 677,2598 722,2595 766,2592 811,2589 856,2589 901,2584 945,2584 990,2581 1035,2581 1080,2578 1124,2578 1169,2578 1214,2578 1259,2572 1303,2569 1348,2566 1393,2563 1438,2566 1482,2563 1527,2560 1572,2557 1617,2554 1662,2551 1706,2548 1751,2548 1796,2545 1841,2539 1885,2539 1930,2536 1975,2533 2020,2530 2064,2527 2109,2527 2154,2524 2199,2524 2243,2521 2288,2518 2333,2518 2378,2515 2422,2512 2467,2515"/>
                <TextEquiv>
                    <Unicode>ausgenommen Harzburg, da der dortige Direktor Fisch zu den</Unicode>
                </TextEquiv>
            </TextLine>
            <TextLine id="tr_2_tl_9" custom="readingOrder {index:8;}">
                <Coords points="1041,2630 1110,2641 1146,2630 1177,2644 1191,2633 1282,2639 1282,2589 1254,2586 1243,2575 1199,2592 1185,2586 1160,2594 1141,2586 1041,2592"/>
                <Baseline points="1056,2622 1101,2622 1145,2619 1190,2619 1235,2619 1280,2622 1289,2622"/>
                <TextEquiv>
                    <Unicode>— ̃</Unicode>
                </TextEquiv>
            </TextLine>
            <TextLine id="tr_2_tl_10" custom="readingOrder {index:9;}">
                <Coords points="501,2730 2525,2672 2528,2583 1694,2561 504,2661"/>
                <Baseline points="516,2712 519,2709 563,2709 608,2709 653,2706 698,2703 742,2703 787,2700 832,2700 877,2697 922,2694 966,2691 1011,2691 1056,2688 1101,2685 1145,2685 1190,2685 1235,2682 1280,2679 1324,2676 1369,2673 1414,2673 1459,2670 1503,2667 1548,2664 1593,2661 1638,2661 1682,2658 1727,2655 1772,2655 1817,2652 1861,2649 1906,2646 1951,2643 1996,2640 2040,2637 2085,2637 2130,2634 2175,2634 2219,2631 2264,2628 2309,2625 2354,2622 2399,2625 2443,2622 2488,2622 2533,2625"/>
                <TextEquiv>
                    <Unicode>besten und zuverlässigsten Theaterleitern gehört. Bemühungen,</Unicode>
                </TextEquiv>
            </TextLine>
            <TextLine id="tr_2_tl_11" custom="readingOrder {index:10;}">
                <Coords points="507,2852 2600,2785 2605,2675 1744,2664 645,2772 512,2724"/>
                <Baseline points="522,2819 552,2816 596,2816 641,2813 686,2813 731,2810 775,2810 820,2810 865,2807 910,2804 954,2801 999,2798 1044,2795 1089,2792 1133,2789 1178,2789 1223,2789 1268,2786 1312,2786 1357,2783 1402,2780 1447,2777 1491,2777 1536,2774 1581,2774 1626,2771 1670,2769 1715,2766 1760,2766 1805,2763 1849,2757 1894,2754 1939,2754 1984,2751 2029,2748 2073,2748 2118,2745 2163,2742 2208,2742 2252,2742 2297,2739 2342,2736 2387,2733 2431,2733 2476,2733 2521,2730 2566,2727 2610,2724"/>
                <TextEquiv>
                    <Unicode>die vom Chemnitzer Thaliatheater wegen Dresden ausgingen, haben</Unicode>
                </TextEquiv>
            </TextLine>
            <TextLine id="tr_2_tl_12" custom="readingOrder {index:11;}">
                <Coords points="1024,2844 1044,2844 1052,2838 1063,2841 1077,2832 1091,2849 1108,2838 1124,2841 1146,2827 1160,2827 1160,2788 1124,2788 1110,2802 1094,2802 1085,2796 1074,2802 1055,2799 1047,2805 1024,2805"/>
                <Baseline points="1041,2822 1074,2819 1118,2819 1163,2816"/>
                <TextEquiv>
                    <Unicode>Mlle</Unicode>
                </TextEquiv>
            </TextLine>
            <TextLine id="tr_2_tl_13" custom="readingOrder {index:12;}">
                <Coords points="509,2960 2492,2871 2533,2741 2381,2805 1858,2766 1642,2844 515,2855"/>
                <Baseline points="525,2927 566,2927 611,2927 656,2924 701,2924 745,2921 790,2921 835,2918 880,2915 924,2915 969,2912 1014,2909 1059,2906 1104,2906 1148,2900 1193,2897 1238,2897 1283,2897 1327,2894 1372,2891 1417,2891 1462,2891 1506,2885 1551,2885 1596,2882 1641,2879 1685,2879 1730,2876 1775,2873 1820,2867 1864,2867 1909,2861 1954,2861 1999,2858 2043,2858 2088,2855 2133,2852 2178,2849 2222,2846 2267,2846 2312,2843 2357,2843 2401,2840 2446,2840 2491,2837 2536,2837"/>
                <TextEquiv>
                    <Unicode>wir nach längern Verhandlungen abgelehnt. Wir stehen vor dem</Unicode>
                </TextEquiv>
            </TextLine>
            <TextLine id="tr_2_tl_14" custom="readingOrder {index:13;}">
                <Coords points="512,3062 2567,2996 2611,2882 518,2974"/>
                <Baseline points="531,3037 554,3034 599,3034 644,3034 689,3031 734,3028 778,3028 823,3025 868,3025 913,3019 957,3016 1002,3013 1047,3010 1092,3010 1136,3007 1181,3007 1226,3004 1271,3004 1315,3001 1360,3001 1405,2998 1450,2995 1494,2995 1539,2992 1584,2989 1629,2986 1673,2986 1718,2983 1763,2980 1808,2977 1852,2974 1897,2974 1942,2968 1987,2968 2031,2965 2076,2965 2121,2962 2166,2959 2211,2956 2255,2956 2300,2954 2345,2954 2390,2954 2434,2951 2479,2951 2524,2948 2569,2945 2613,2945"/>
                <TextEquiv>
                    <Unicode>Abschluss für Bremen mit dem dortigen Schauspielhaus. "Reigen"</Unicode>
                </TextEquiv>
            </TextLine>
            <TextLine id="tr_2_tl_15" custom="readingOrder {index:14;}">
                <Coords points="1011,3073 1030,3073 1033,3076 1044,3071 1052,3073 1063,3068 1077,3068 1083,3071 1083,3076 1096,3076 1105,3018 1091,3018 1088,3021 1083,3018 1060,3018 1049,3023 1019,3021"/>
                <Baseline points="1029,3061 1062,3058 1107,3052"/>
                <TextEquiv>
                    <Unicode>G.C.H.</Unicode>
                </TextEquiv>
            </TextLine>
            <TextLine id="tr_2_tl_16" custom="readingOrder {index:15;}">
                <Coords points="521,3143 1512,3148 2481,3079 2484,3010 526,3062"/>
                <Baseline points="537,3141 563,3141 608,3139 653,3139 698,3139 742,3136 787,3133 832,3133 877,3127 922,3127 966,3124 1011,3121 1056,3121 1101,3118 1145,3115 1190,3112 1235,3112 1280,3112 1324,3109 1369,3106 1414,3103 1459,3103 1503,3100 1548,3100 1593,3097 1638,3094 1682,3091 1727,3088 1772,3085 1817,3082 1861,3082 1906,3076 1951,3076 1996,3073 2040,3073 2085,3070 2130,3067 2175,3067 2219,3064 2264,3064 2309,3061 2354,3061 2399,3058 2443,3061 2488,3064"/>
                <TextEquiv>
                    <Unicode>Vorlesungen haben wir bereits mehrfach verhindert..</Unicode>
                </TextEquiv>
            </TextLine>
            <TextLine id="tr_2_tl_17" custom="readingOrder {index:16;}">
                <Coords points="543,3242 795,3292 2450,3220 2567,3206 2572,3087 545,3162"/>
                <Baseline points="557,3228 560,3228 605,3228 650,3228 695,3225 739,3228 784,3237 829,3237 874,3237 919,3234 963,3231 1008,3231 1053,3228 1098,3228 1142,3228 1187,3225 1232,3222 1277,3219 1321,3219 1366,3216 1411,3213 1456,3210 1500,3207 1545,3207 1590,3204 1635,3201 1679,3201 1724,3198 1769,3198 1814,3195 1858,3192 1903,3186 1948,3186 1993,3183 2037,3183 2082,3180 2127,3177 2172,3177 2216,3171 2261,3171 2306,3168 2351,3168 2396,3168 2440,3171 2485,3165 2530,3165 2575,3165"/>
                <TextEquiv>
                    <Unicode>Was die Angelegenheit Karozag (Schweiz) anbetrifft, so</Unicode>
                </TextEquiv>
            </TextLine>
            <TextLine id="tr_2_tl_18" custom="readingOrder {index:17;}">
                <Coords points="529,3372 2533,3314 2622,3292 2628,3192 532,3298"/>
                <Baseline points="543,3359 572,3353 617,3353 662,3353 707,3350 751,3350 796,3347 841,3347 886,3344 930,3341 975,3338 1020,3335 1065,3332 1109,3332 1154,3326 1199,3326 1244,3326 1289,3324 1333,3321 1378,3321 1423,3318 1468,3315 1512,3315 1557,3312 1602,3312 1647,3309 1691,3306 1736,3303 1781,3300 1826,3300 1870,3297 1915,3294 1960,3291 2005,3288 2049,3285 2094,3285 2139,3282 2184,3279 2228,3279 2273,3279 2318,3276 2363,3276 2407,3276 2452,3273 2497,3273 2542,3270 2586,3267 2631,3264"/>
                <TextEquiv>
                    <Unicode>ist der aktuelle Fall um den es sich handelte durch Ihr freund-</Unicode>
                </TextEquiv>
            </TextLine>
            <TextLine id="tr_2_tl_19" custom="readingOrder {index:18;}">
                <Coords points="521,3466 2503,3433 2702,3403 2708,3300 526,3383"/>
                <Baseline points="537,3464 560,3464 605,3461 650,3461 695,3458 739,3458 784,3458 829,3455 874,3452 919,3449 963,3446 1008,3446 1053,3443 1098,3440 1142,3440 1187,3440 1232,3437 1277,3437 1321,3434 1366,3434 1411,3431 1456,3431 1500,3428 1545,3428 1590,3422 1635,3422 1679,3416 1724,3413 1769,3410 1814,3407 1858,3407 1903,3404 1948,3401 1993,3398 2037,3398 2082,3395 2127,3395 2172,3395 2216,3392 2261,3389 2306,3389 2351,3386 2396,3386 2440,3386 2485,3383 2530,3383 2575,3383 2619,3380 2664,3377 2709,3380"/>
                <TextEquiv>
                    <Unicode>liches Schreiben vom 4. erledigt. Prinzipiell unklar bleibt dabei</Unicode>
                </TextEquiv>
            </TextLine>
            <TextLine id="tr_2_tl_20" custom="readingOrder {index:19;}">
                <Coords points="2182,3491 2212,3480 2251,3497 2293,3494 2331,3475 2387,3483 2428,3464 2500,3461 2542,3483 2569,3478 2572,3417 2503,3433 2492,3422 2450,3428 2409,3403 2304,3417 2281,3436 2237,3417 2185,3422"/>
                <Baseline points="2196,3467 2237,3464 2282,3464 2288,3464 2309,3464 2354,3461 2399,3458 2443,3458 2488,3458 2533,3452 2578,3452"/>
                <TextEquiv>
                    <Unicode>nommag nado si</Unicode>
                </TextEquiv>
            </TextLine>
            <TextLine id="tr_2_tl_21" custom="readingOrder {index:20;}">
                <Coords points="485,3544 573,3527 617,3550 717,3527 753,3544 817,3527 858,3541 988,3516 988,3483 916,3489 889,3472 856,3486 811,3466 772,3480 761,3466 736,3489 604,3491 584,3475 568,3491 487,3450"/>
                <Baseline points="501,3523 504,3526 549,3523 593,3523 638,3523 683,3523 728,3520 772,3520 817,3517 862,3514 907,3511 951,3511 996,3509"/>
                <TextEquiv>
                    <Unicode>Von m. I. nen 1</Unicode>
                </TextEquiv>
            </TextLine>
            <TextLine id="tr_2_tl_22" custom="readingOrder {index:21;}">
                <Coords points="2185,3547 2317,3588 2373,3566 2436,3591 2475,3574 2520,3583 2572,3558 2575,3475 2478,3461 2389,3483 2312,3472 2287,3486 2259,3472 2237,3491 2187,3491"/>
                <Baseline points="2199,3520 2219,3520 2264,3517 2309,3517 2354,3517 2399,3514 2443,3514 2488,3514 2533,3509 2578,3511"/>
                <TextEquiv>
                    <Unicode>nommen zu kommen.</Unicode>
                </TextEquiv>
            </TextLine>
            <TextLine id="tr_2_tl_23" custom="readingOrder {index:22;}">
                <Coords points="1022,3602 1127,3591 1285,3627 1423,3558 1473,3572 1528,3550 1567,3580 1664,3541 1714,3552 1717,3505 1467,3516 1329,3466 1227,3527 1182,3502 1138,3527 1027,3516"/>
                <Baseline points="1041,3565 1047,3562 1092,3562 1136,3559 1181,3559 1226,3556 1271,3556 1315,3553 1360,3553 1405,3553 1450,3550 1494,3547 1539,3547 1584,3544 1629,3541 1673,3538 1718,3535"/>
                <TextEquiv>
                    <Unicode>ohne den xxx in xxx nach xxx</Unicode>
                </TextEquiv>
            </TextLine>
            <TextLine id="tr_2_tl_24" custom="readingOrder {index:23;}">
                <Coords points="476,3644 507,3644 562,3602 623,3630 759,3599 806,3630 922,3613 961,3627 964,3530 482,3541"/>
                <Baseline points="495,3580 519,3580 563,3580 608,3580 653,3580 698,3580 742,3580 787,3574 832,3571 877,3568 922,3565 966,3565"/>
                <TextEquiv>
                    <Unicode>vandauf xxx</Unicode>
                </TextEquiv>
            </TextLine>
        </TextRegion>
    </Page>
</PcGts>
