<?xml version="1.0" encoding="UTF-8" standalone="yes"?>
<PcGts xmlns="http://schema.primaresearch.org/PAGE/gts/pagecontent/2013-07-15" xmlns:xsi="http://www.w3.org/2001/XMLSchema-instance" xsi:schemaLocation="http://schema.primaresearch.org/PAGE/gts/pagecontent/2013-07-15 http://schema.primaresearch.org/PAGE/gts/pagecontent/2013-07-15/pagecontent.xsd">
    <Metadata>
        <Creator>prov=READ-COOP:name=TrHtr:version=2.1.0:model_id=51170:date=27_07_2023_22:29</Creator>
        <Created>2023-05-02T08:10:50.384+02:00</Created>
        <LastChange>2023-07-27T22:29:33.646+02:00</LastChange>
        <TranskribusMetadata docId="1416743" pageId="54953659" pageNr="166" tsid="131305808" status="IN_PROGRESS" userId="64420" imgUrl="https://files.transkribus.eu/Get?id=LDHEZZHDPRRQQJDXBEWRMJFQ&amp;fileType=view" xmlUrl="https://files.transkribus.eu/Get?id=GVETRKYVHEGLVRCQYOXTMAKT" imageId="44457384"/>
    </Metadata>
    <Page imageFilename="1416743_0166.jpg" imageWidth="3245" imageHeight="4119">
        <ReadingOrder>
            <OrderedGroup id="ro_1711826230186" caption="Regions reading order">
                <RegionRefIndexed index="0" regionRef="tr_1"/>
                <RegionRefIndexed index="1" regionRef="tr_2"/>
            </OrderedGroup>
        </ReadingOrder>
        <TextRegion id="tr_1" custom="readingOrder {index:0;}">
            <Coords points="698,263 2925,263 2925,1785 698,1785"/>
            <TextLine id="tr_1_tl_1" custom="readingOrder {index:0;}">
                <Coords points="1795,360 1811,355 1821,360 1828,350 1834,355 1846,347 1859,352 1864,347 1882,345 1862,215 1846,217 1834,209 1811,222 1800,215 1790,230 1777,232"/>
                <Baseline points="1805,313 1850,316 1886,325"/>
                <TextEquiv>
                    <Unicode>"</Unicode>
                </TextEquiv>
            </TextLine>
            <TextLine id="tr_1_tl_2" custom="readingOrder {index:1;}">
                <Coords points="728,603 764,592 817,626 853,615 884,633 922,608 940,618 1052,618 1052,529 973,513 909,465 889,475 861,467 789,531 728,531"/>
                <Baseline points="743,579 787,579 832,579 877,579 922,579 967,579 1011,579 1056,582 1059,582"/>
                <TextEquiv>
                    <Unicode>Abschrift</Unicode>
                </TextEquiv>
            </TextLine>
            <TextLine id="tr_1_tl_3" custom="readingOrder {index:2;}">
                <Coords points="2120,761 2265,784 2337,766 2370,792 2446,758 2492,784 2559,764 2618,792 2671,766 2738,794 2738,646 2625,659 2549,631 2490,682 2439,649 2367,669 2291,631 2173,659 2120,644"/>
                <Baseline points="2134,707 2178,713 2223,716 2268,716 2313,713 2357,713 2402,713 2447,710 2492,710 2537,710 2581,710 2626,713 2671,719 2716,722 2743,725"/>
                <TextEquiv>
                    <Unicode>Wien d. 10. Maii 19</Unicode>
                </TextEquiv>
            </TextLine>
            <TextLine id="tr_1_tl_4" custom="readingOrder {index:3;}">
                <Coords points="1083,804 1256,779 1336,833 1479,776 1627,810 1831,802 1908,764 2005,797 2069,774 2071,672 1839,659 1767,623 1540,661 1435,725 1085,684"/>
                <Baseline points="1098,770 1134,770 1178,773 1223,770 1268,770 1313,770 1358,767 1402,770 1447,767 1492,767 1537,767 1581,767 1626,764 1671,764 1716,764 1761,764 1805,761 1850,758 1895,758 1940,758 1984,758 2029,758 2074,758"/>
                <TextEquiv>
                    <Unicode>mit Rücksicht darauf, dass Prag</Unicode>
                </TextEquiv>
            </TextLine>
            <TextLine id="tr_1_tl_5" custom="readingOrder {index:4;}">
                <Coords points="1019,901 1144,937 1351,881 1897,922 2081,873 2173,909 2176,787 1022,827"/>
                <Baseline points="1035,877 1062,874 1107,880 1152,871 1196,871 1241,871 1286,871 1331,871 1375,871 1420,871 1465,868 1510,868 1555,868 1599,868 1644,865 1689,865 1734,865 1778,862 1823,862 1868,859 1913,859 1958,859 2002,856 2047,856 2092,856 2137,856 2181,859"/>
                <TextEquiv>
                    <Unicode>den dem Deutschen als auch von Bohmisch</Unicode>
                </TextEquiv>
            </TextLine>
            <TextLine id="tr_1_tl_6" custom="readingOrder {index:5;}">
                <Coords points="682,1062 840,1024 1397,1047 1532,973 2153,976 2171,907 684,940"/>
                <Baseline points="698,999 743,996 787,996 832,996 877,996 922,996 967,996 1011,993 1056,990 1101,990 1146,987 1190,990 1235,990 1280,987 1325,987 1370,987 1414,984 1459,976 1504,973 1549,973 1593,970 1638,970 1683,967 1728,967 1772,967 1817,967 1862,964 1907,961 1952,961 1996,961 2041,958 2086,958 2131,958 2175,958"/>
                <TextEquiv>
                    <Unicode>Herrn S. Fischer, Verlag aus Prag für ein</Unicode>
                </TextEquiv>
            </TextLine>
            <TextLine id="tr_1_tl_7" custom="readingOrder {index:6;}">
                <Coords points="1476,1037 1923,1014 2079,1032 2163,1016 2166,976 1946,963 1913,988 1849,968 1798,988 1479,986"/>
                <Baseline points="1489,1023 1498,1023 1543,1023 1587,1020 1632,1020 1677,1020 1722,1020 1766,1017 1811,1017 1856,1017 1901,1014 1946,1011 1990,1014 2035,1014 2080,1017 2125,1011 2169,1014"/>
                <TextEquiv>
                    <Unicode>erde stets ein biliger</Unicode>
                </TextEquiv>
            </TextLine>
            <TextLine id="tr_1_tl_8" custom="readingOrder {index:7;}">
                <Coords points="1417,1121 1583,1136 1757,1085 1841,1106 1915,1073 2048,1103 2150,1070 2153,1022 1417,1039"/>
                <Baseline points="1432,1077 1441,1077 1486,1077 1531,1074 1575,1074 1620,1074 1665,1074 1710,1071 1755,1071 1799,1071 1844,1071 1889,1068 1934,1068 1978,1068 2023,1065 2068,1065 2113,1065 2157,1062"/>
                <TextEquiv>
                    <Unicode>spruche und im übrigen</Unicode>
                </TextEquiv>
            </TextLine>
            <TextLine id="tr_1_tl_9" custom="readingOrder {index:8;}">
                <Coords points="1093,1124 1152,1113 1159,1103 1180,1093 1185,1098 1203,1098 1208,1093 1216,1101 1239,1101 1239,1044 1198,1039 1154,1050 1131,1047 1113,1055 1093,1055"/>
                <Baseline points="1107,1080 1152,1080 1196,1080 1241,1083 1244,1083"/>
                <TextEquiv>
                    <Unicode>G.C.H.F.P.P</Unicode>
                </TextEquiv>
            </TextLine>
            <TextLine id="tr_1_tl_10" custom="readingOrder {index:9;}">
                <Coords points="2362,1190 2375,1193 2380,1187 2385,1190 2395,1185 2411,1200 2434,1193 2444,1203 2454,1203 2464,1067 2426,1062 2401,1080 2370,1070"/>
                <Baseline points="2378,1158 2420,1155 2465,1152"/>
                <TextEquiv>
                    <Unicode>1 n</Unicode>
                </TextEquiv>
            </TextLine>
            <TextLine id="tr_1_tl_11" custom="readingOrder {index:10;}">
                <Coords points="1548,1218 1640,1193 1729,1226 1905,1175 2109,1221 2209,1190 2309,1213 2311,1106 2250,1073 2140,1067 2069,1103 1984,1075 1772,1126 1553,1121"/>
                <Baseline points="1564,1176 1599,1176 1644,1176 1689,1176 1734,1176 1778,1176 1823,1176 1868,1176 1913,1173 1958,1173 2002,1170 2047,1170 2092,1170 2137,1164 2181,1161 2226,1155 2271,1152 2316,1155"/>
                <TextEquiv>
                    <Unicode>ne Geltung mehr hat, er</Unicode>
                </TextEquiv>
            </TextLine>
            <TextLine id="tr_1_tl_12" custom="readingOrder {index:11;}">
                <Coords points="758,1239 779,1236 794,1246 827,1221 840,1226 858,1213 876,1228 899,1210 940,1216 940,1134 917,1129 909,1134 884,1116 858,1113 848,1119 840,1111 822,1113 807,1129 758,1131"/>
                <Baseline points="773,1190 817,1193 862,1190 907,1190 946,1193"/>
                <TextEquiv>
                    <Unicode>aieres</Unicode>
                </TextEquiv>
            </TextLine>
            <TextLine id="tr_1_tl_13" custom="readingOrder {index:12;}">
                <Coords points="2421,1292 2454,1302 2498,1277 2531,1295 2853,1279 2853,1198 2809,1177 2725,1213 2648,1180 2590,1210 2490,1180 2452,1205 2421,1198"/>
                <Baseline points="2435,1265 2453,1262 2498,1259 2543,1262 2587,1259 2632,1256 2677,1256 2722,1259 2766,1259 2811,1256 2856,1256"/>
                <TextEquiv>
                    <Unicode>die Direktion</Unicode>
                </TextEquiv>
            </TextLine>
            <TextLine id="tr_1_tl_14" custom="readingOrder {index:13;}">
                <Coords points="1744,1279 1826,1305 2071,1297 2120,1320 2191,1285 2393,1300 2393,1187 2252,1185 2125,1218 2066,1205 2007,1231 1971,1210 1897,1241 1744,1213"/>
                <Baseline points="1758,1274 1769,1274 1814,1277 1859,1274 1904,1274 1949,1274 1993,1277 2038,1274 2083,1274 2128,1271 2172,1271 2217,1268 2262,1268 2307,1268 2352,1271 2396,1271"/>
                <TextEquiv>
                    <Unicode>tion Angelo Neumann,</Unicode>
                </TextEquiv>
            </TextLine>
            <TextLine id="tr_1_tl_15" custom="readingOrder {index:14;}">
                <Coords points="766,1323 807,1313 833,1333 848,1333 881,1313 891,1320 912,1305 958,1315 958,1241 937,1241 930,1233 901,1239 894,1231 853,1228 838,1239 807,1233 794,1246 766,1239"/>
                <Baseline points="779,1301 823,1298 868,1301 913,1298 958,1301 964,1301"/>
                <TextEquiv>
                    <Unicode>G.H.F.P.</Unicode>
                </TextEquiv>
            </TextLine>
            <TextLine id="tr_1_tl_16" custom="readingOrder {index:15;}">
                <Coords points="807,1440 960,1476 1052,1420 1195,1451 1269,1415 1394,1440 1422,1433 1422,1325 1333,1305 1182,1353 1106,1333 1019,1353 807,1343"/>
                <Baseline points="820,1405 865,1405 910,1405 955,1408 999,1408 1044,1405 1089,1405 1134,1405 1178,1402 1223,1402 1268,1402 1313,1399 1358,1402 1402,1405 1429,1405"/>
                <TextEquiv>
                    <Unicode>Sehr geehrter Herr,</Unicode>
                </TextEquiv>
            </TextLine>
            <TextLine id="tr_1_tl_17" custom="readingOrder {index:16;}">
                <Coords points="1417,1489 2697,1486 2750,1471 2753,1389 2104,1384 1834,1440 1417,1402"/>
                <Baseline points="1432,1495 1459,1489 1504,1489 1549,1486 1593,1486 1638,1486 1683,1483 1728,1483 1772,1480 1817,1480 1862,1480 1907,1477 1952,1477 1996,1477 2041,1477 2086,1474 2131,1474 2175,1471 2220,1471 2265,1471 2310,1468 2354,1468 2399,1468 2444,1465 2489,1465 2534,1465 2578,1465 2623,1462 2668,1462 2713,1459 2757,1459"/>
                <TextEquiv>
                    <Unicode>die mit Direktum Neumann und mit Direktor</Unicode>
                </TextEquiv>
            </TextLine>
            <TextLine id="tr_1_tl_18" custom="readingOrder {index:17;}">
                <Coords points="1139,1540 1170,1540 1190,1527 1200,1537 1228,1540 1231,1435 1216,1438 1210,1435 1193,1448 1167,1438 1157,1445 1142,1443"/>
                <Baseline points="1152,1498 1193,1498 1238,1495"/>
                <TextEquiv>
                    <Unicode>G.H.F.P.</Unicode>
                </TextEquiv>
            </TextLine>
            <TextLine id="tr_1_tl_19" custom="readingOrder {index:18;}">
                <Coords points="1412,1555 2531,1530 2574,1576 2881,1588 2921,1428 2837,1407 2717,1486 1415,1489"/>
                <Baseline points="1426,1555 1447,1552 1492,1549 1537,1549 1581,1549 1626,1546 1671,1546 1716,1546 1761,1546 1805,1543 1850,1546 1895,1546 1940,1540 1984,1537 2029,1537 2074,1537 2119,1537 2163,1534 2208,1534 2253,1534 2298,1531 2343,1531 2387,1528 2432,1528 2477,1525 2522,1525 2566,1525 2611,1522 2656,1522 2701,1522 2746,1519 2790,1516 2835,1516 2880,1513 2925,1510"/>
                <TextEquiv>
                    <Unicode>In Beantwortung Ihrer Zuschrift vom 3.ds. teile</Unicode>
                </TextEquiv>
            </TextLine>
            <TextLine id="tr_1_tl_20" custom="readingOrder {index:19;}">
                <Coords points="1491,1604 1737,1624 1813,1591 2538,1576 2538,1530 2441,1527 2398,1553 1494,1550"/>
                <Baseline points="1507,1587 1516,1584 1561,1587 1605,1584 1650,1584 1695,1587 1740,1584 1784,1584 1829,1581 1874,1581 1919,1575 1963,1575 2008,1575 2053,1575 2098,1575 2143,1575 2187,1575 2232,1572 2277,1572 2322,1569 2366,1569 2411,1569 2456,1569 2501,1567 2546,1567"/>
                <TextEquiv>
                    <Unicode>wurden, erstrecken sich nicht auf</Unicode>
                </TextEquiv>
            </TextLine>
            <TextLine id="tr_1_tl_21" custom="readingOrder {index:20;}">
                <Coords points="1121,1622 1152,1617 1165,1604 1175,1611 1185,1601 1208,1611 1236,1604 1267,1629 1279,1619 1292,1619 1292,1555 1277,1558 1269,1550 1246,1560 1218,1548 1182,1548 1121,1530"/>
                <Baseline points="1134,1596 1178,1593 1223,1593 1268,1596 1298,1596"/>
                <TextEquiv>
                    <Unicode>Gesch.</Unicode>
                </TextEquiv>
            </TextLine>
            <TextLine id="tr_1_tl_22" custom="readingOrder {index:21;}">
                <Coords points="794,1731 1274,1662 2618,1678 2796,1640 2796,1581 797,1637"/>
                <Baseline points="811,1680 832,1677 877,1674 922,1674 967,1671 1011,1671 1056,1668 1101,1668 1146,1665 1190,1665 1235,1662 1280,1662 1325,1659 1370,1659 1414,1656 1459,1656 1504,1653 1549,1653 1593,1653 1638,1650 1683,1647 1728,1647 1772,1644 1817,1644 1862,1644 1907,1644 1952,1644 1996,1641 2041,1638 2086,1638 2131,1638 2175,1635 2220,1635 2265,1635 2310,1632 2354,1632 2399,1629 2444,1629 2489,1629 2534,1629 2578,1629 2623,1626 2668,1626 2713,1623 2757,1620 2802,1623"/>
                <TextEquiv>
                    <Unicode>ich Ihnen mit, dass die Karte des Herrn Direktor Angelo Neumann</Unicode>
                </TextEquiv>
            </TextLine>
            <TextLine id="tr_1_tl_23" custom="readingOrder {index:22;}">
                <Coords points="1139,1724 1159,1721 1167,1726 1175,1721 1177,1724 1182,1719 1190,1721 1198,1714 1216,1716 1216,1665 1200,1665 1193,1673 1182,1670 1139,1673"/>
                <Baseline points="1152,1701 1196,1698 1223,1701"/>
                <TextEquiv>
                    <Unicode>G.H.F.P.</Unicode>
                </TextEquiv>
            </TextLine>
            <TextLine id="tr_1_tl_24" custom="readingOrder {index:23;}">
                <Coords points="807,1800 1078,1836 1172,1777 2321,1770 2324,1703 810,1729"/>
                <Baseline points="823,1775 850,1772 895,1772 940,1775 984,1772 1029,1769 1074,1769 1119,1766 1164,1766 1208,1764 1253,1764 1298,1761 1343,1761 1387,1758 1432,1758 1477,1758 1522,1755 1567,1755 1611,1755 1656,1755 1701,1752 1746,1749 1790,1749 1835,1746 1880,1746 1925,1746 1969,1743 2014,1743 2059,1740 2104,1740 2149,1740 2193,1740 2238,1737 2283,1737 2328,1734"/>
                <TextEquiv>
                    <Unicode>vom 19. September 1908 folgenden Wortlaut hatte.</Unicode>
                </TextEquiv>
            </TextLine>
        </TextRegion>
        <TextRegion id="tr_2" custom="readingOrder {index:1;}">
            <Coords points="838,1788 2981,1788 2981,3311 838,3311"/>
            <TextLine id="tr_2_tl_1" custom="readingOrder {index:0;}">
                <Coords points="1402,1887 2296,1854 2296,1775 2168,1806 1938,1762 1823,1795 1706,1777 1591,1821 1405,1813"/>
                <Baseline points="1417,1868 1450,1862 1495,1856 1540,1859 1584,1859 1629,1859 1674,1856 1719,1856 1764,1853 1808,1850 1853,1850 1898,1850 1943,1847 1987,1847 2032,1844 2077,1844 2122,1841 2166,1841 2211,1841 2256,1838 2301,1841"/>
                <TextEquiv>
                    <Unicode>" Sehr geehrter Herr Doktor!</Unicode>
                </TextEquiv>
            </TextLine>
            <TextLine id="tr_2_tl_2" custom="readingOrder {index:1;}">
                <Coords points="1402,2010 2853,1969 2932,1951 2934,1834 2738,1821 2411,1900 2056,1859 1793,1918 1405,1908"/>
                <Baseline points="1417,1961 1462,1961 1507,1955 1552,1955 1596,1955 1641,1955 1686,1952 1731,1952 1775,1952 1820,1952 1865,1949 1910,1949 1955,1949 1999,1949 2044,1946 2089,1943 2134,1946 2178,1943 2223,1943 2268,1943 2313,1940 2357,1940 2402,1940 2447,1937 2492,1937 2537,1937 2581,1937 2626,1934 2671,1931 2716,1931 2760,1931 2805,1928 2850,1928 2895,1928 2940,1937"/>
                <TextEquiv>
                    <Unicode>„Wir beehren uns Ihnen anzuzeigen, dass wir die</Unicode>
                </TextEquiv>
            </TextLine>
            <TextLine id="tr_2_tl_3" custom="readingOrder {index:2;}">
                <Coords points="1412,2069 2178,2089 2518,2043 2664,2079 2738,2040 2868,2066 2870,1977 1415,2010"/>
                <Baseline points="1426,2059 1444,2056 1489,2053 1534,2050 1578,2050 1623,2047 1668,2047 1713,2044 1758,2044 1802,2044 1847,2044 1892,2044 1937,2044 1981,2041 2026,2041 2071,2041 2116,2038 2160,2038 2205,2038 2250,2035 2295,2032 2340,2032 2384,2029 2429,2029 2474,2032 2519,2032 2563,2032 2608,2029 2653,2026 2698,2026 2743,2026 2787,2023 2832,2023 2877,2029"/>
                <TextEquiv>
                    <Unicode>„ Einakter von Schnitzler: „Die Frage an das</Unicode>
                </TextEquiv>
            </TextLine>
            <TextLine id="tr_2_tl_4" custom="readingOrder {index:3;}">
                <Coords points="1410,2163 2365,2176 2664,2130 2906,2191 2909,2071 1410,2086"/>
                <Baseline points="1423,2143 1438,2143 1483,2140 1528,2140 1572,2137 1617,2137 1662,2134 1707,2134 1752,2134 1796,2131 1841,2134 1886,2134 1931,2134 1975,2134 2020,2134 2065,2137 2110,2137 2155,2134 2199,2134 2244,2134 2289,2131 2334,2131 2378,2131 2423,2128 2468,2128 2513,2128 2557,2125 2602,2125 2647,2125 2692,2122 2737,2122 2781,2119 2826,2119 2871,2119 2916,2116"/>
                <TextEquiv>
                    <Unicode>„ Schicksal, =rtande, Denksteine, Anatols Hoch-</Unicode>
                </TextEquiv>
            </TextLine>
            <TextLine id="tr_2_tl_5" custom="readingOrder {index:4;}">
                <Coords points="1415,2278 1634,2245 1767,2280 1946,2232 2046,2263 2117,2224 2329,2260 2577,2227 2671,2270 2674,2130 1877,2204 1765,2160 1417,2219"/>
                <Baseline points="1432,2247 1468,2244 1513,2241 1558,2238 1602,2238 1647,2235 1692,2235 1737,2232 1781,2229 1826,2229 1871,2229 1916,2226 1961,2226 2005,2226 2050,2223 2095,2220 2140,2220 2184,2217 2229,2217 2274,2214 2319,2214 2363,2214 2408,2211 2453,2214 2498,2214 2543,2214 2587,2214 2632,2211 2677,2208"/>
                <TextEquiv>
                    <Unicode>„ zeitsmorgen, zur Aufführung annehmen.“</Unicode>
                </TextEquiv>
            </TextLine>
            <TextLine id="tr_2_tl_6" custom="readingOrder {index:5;}">
                <Coords points="1162,2370 2812,2342 2812,2255 2676,2242 1165,2288"/>
                <Baseline points="1176,2357 1205,2354 1250,2352 1295,2352 1340,2349 1384,2346 1429,2346 1474,2343 1519,2343 1564,2340 1608,2337 1653,2337 1698,2337 1743,2334 1787,2334 1832,2334 1877,2331 1922,2331 1966,2328 2011,2328 2056,2325 2101,2325 2146,2322 2190,2319 2235,2319 2280,2319 2325,2316 2369,2316 2414,2316 2459,2313 2504,2313 2549,2313 2593,2313 2638,2313 2683,2313 2728,2313 2772,2316 2817,2322"/>
                <TextEquiv>
                    <Unicode>Ich habe das am 15. September zur Kenntnis genommen.</Unicode>
                </TextEquiv>
            </TextLine>
            <TextLine id="tr_2_tl_7" custom="readingOrder {index:6;}">
                <Coords points="1162,2459 1336,2505 2252,2429 2362,2482 2492,2424 2909,2441 2911,2380 2441,2321 1162,2416"/>
                <Baseline points="1176,2459 1214,2456 1259,2456 1304,2453 1349,2450 1393,2450 1438,2447 1483,2444 1528,2444 1572,2441 1617,2438 1662,2438 1707,2435 1752,2435 1796,2432 1841,2432 1886,2432 1931,2429 1975,2429 2020,2429 2065,2426 2110,2423 2155,2423 2199,2420 2244,2420 2289,2420 2334,2417 2378,2417 2423,2414 2468,2414 2513,2414 2557,2414 2602,2414 2647,2411 2692,2411 2737,2414 2781,2414 2826,2414 2871,2414 2916,2414"/>
                <TextEquiv>
                    <Unicode>Infolge dieser wechselseitigen Zuschriften fielen diese</Unicode>
                </TextEquiv>
            </TextLine>
            <TextLine id="tr_2_tl_8" custom="readingOrder {index:7;}">
                <Coords points="822,2587 2689,2559 2817,2536 2819,2452 825,2528"/>
                <Baseline points="838,2569 856,2569 901,2569 946,2569 990,2566 1035,2563 1080,2563 1125,2560 1170,2557 1214,2557 1259,2557 1304,2554 1349,2554 1393,2551 1438,2549 1483,2549 1528,2546 1572,2546 1617,2543 1662,2543 1707,2540 1752,2540 1796,2540 1841,2537 1886,2534 1931,2534 1975,2534 2020,2531 2065,2528 2110,2528 2155,2528 2199,2525 2244,2522 2289,2522 2334,2522 2378,2519 2423,2519 2468,2516 2513,2516 2557,2516 2602,2513 2647,2516 2692,2516 2737,2516 2781,2516 2826,2516"/>
                <TextEquiv>
                    <Unicode>Stücke in den mit Herrn Direktor Angelo Neumann abgeschlossenen</Unicode>
                </TextEquiv>
            </TextLine>
            <TextLine id="tr_2_tl_9" custom="readingOrder {index:8;}">
                <Coords points="833,2684 2646,2625 2842,2674 2873,2546 835,2633"/>
                <Baseline points="847,2677 865,2674 910,2671 955,2671 999,2668 1044,2668 1089,2665 1134,2665 1178,2662 1223,2662 1268,2662 1313,2662 1358,2659 1402,2656 1447,2653 1492,2650 1537,2650 1581,2647 1626,2647 1671,2644 1716,2641 1761,2641 1805,2641 1850,2638 1895,2638 1940,2635 1984,2635 2029,2632 2074,2632 2119,2629 2163,2629 2208,2629 2253,2626 2298,2623 2343,2623 2387,2620 2432,2620 2477,2623 2522,2617 2566,2617 2611,2617 2656,2617 2701,2617 2746,2617 2790,2617 2835,2617 2880,2617"/>
                <TextEquiv>
                    <Unicode>Generalvertrag, lauf dessen derselbe für Einakter 2 % für Mehr-</Unicode>
                </TextEquiv>
            </TextLine>
            <TextLine id="tr_2_tl_10" custom="readingOrder {index:9;}">
                <Coords points="838,2819 2676,2753 2786,2674 2360,2641 840,2740"/>
                <Baseline points="853,2781 865,2778 910,2778 955,2775 999,2775 1044,2775 1089,2769 1134,2766 1178,2766 1223,2763 1268,2763 1313,2760 1358,2760 1402,2757 1447,2757 1492,2754 1537,2754 1581,2751 1626,2748 1671,2748 1716,2746 1761,2746 1805,2746 1850,2743 1895,2743 1940,2740 1984,2737 2029,2737 2074,2737 2119,2734 2163,2734 2208,2731 2253,2731 2298,2728 2343,2725 2387,2722 2432,2719 2477,2719 2522,2719 2566,2719 2611,2719 2656,2719 2701,2719 2746,2719 2790,2722"/>
                <TextEquiv>
                    <Unicode>akter 5 % Tantieme bezahlte. Ein höherer Tantiemensatz war mit</Unicode>
                </TextEquiv>
            </TextLine>
            <TextLine id="tr_2_tl_11" custom="readingOrder {index:10;}">
                <Coords points="840,2888 1210,2924 2495,2832 2845,2893 2868,2758 843,2835"/>
                <Baseline points="853,2883 859,2880 904,2880 949,2877 993,2877 1038,2874 1083,2874 1128,2871 1173,2868 1217,2868 1262,2868 1307,2865 1352,2862 1396,2862 1441,2859 1486,2859 1531,2856 1575,2853 1620,2853 1665,2853 1710,2850 1755,2850 1799,2850 1844,2847 1889,2844 1934,2844 1978,2841 2023,2838 2068,2838 2113,2838 2157,2835 2202,2835 2247,2832 2292,2829 2337,2826 2381,2823 2426,2820 2471,2820 2516,2820 2560,2823 2605,2823 2650,2823 2695,2823 2740,2823 2784,2823 2829,2823 2874,2823"/>
                <TextEquiv>
                    <Unicode>Rücksicht auf das Landesstatut, welches dem Theater als Landesin-</Unicode>
                </TextEquiv>
            </TextLine>
            <TextLine id="tr_2_tl_12" custom="readingOrder {index:11;}">
                <Coords points="840,3001 2385,2965 2467,2883 843,2921"/>
                <Baseline points="853,2987 859,2984 904,2984 949,2984 993,2981 1038,2981 1083,2978 1128,2975 1173,2975 1217,2972 1262,2969 1307,2969 1352,2966 1396,2963 1441,2963 1486,2960 1531,2960 1575,2957 1620,2957 1665,2954 1710,2954 1755,2951 1799,2951 1844,2948 1889,2948 1934,2948 1978,2945 2023,2945 2068,2942 2113,2942 2157,2940 2202,2937 2247,2931 2292,2928 2337,2925 2381,2925 2426,2925 2471,2931"/>
                <TextEquiv>
                    <Unicode>stitut, die Tantiemen vorschreibt, nicht erhärtlich.</Unicode>
                </TextEquiv>
            </TextLine>
            <TextLine id="tr_2_tl_13" custom="readingOrder {index:12;}">
                <Coords points="1438,3082 2572,3036 2975,3100 2978,2957 2830,2888 2500,2993 1731,2967 1438,3013"/>
                <Baseline points="1453,3068 1459,3065 1504,3065 1549,3062 1593,3062 1638,3059 1683,3059 1728,3056 1772,3056 1817,3053 1862,3053 1907,3050 1952,3050 1996,3050 2041,3047 2086,3044 2131,3044 2175,3038 2220,3038 2265,3032 2310,3029 2354,3029 2399,3029 2444,3029 2489,3029 2534,3029 2578,3026 2623,3026 2668,3026 2713,3029 2757,3029 2802,3029 2847,3029 2892,3029 2937,3029 2981,3038"/>
                <TextEquiv>
                    <Unicode>Ob Sie mit Rücksicht auf dieses Landesstatut, wel-</Unicode>
                </TextEquiv>
            </TextLine>
            <TextLine id="tr_2_tl_14" custom="readingOrder {index:13;}">
                <Coords points="848,3210 2429,3139 2638,3195 2899,3162 2901,3072 850,3131"/>
                <Baseline points="862,3196 889,3196 934,3190 979,3190 1023,3187 1068,3184 1113,3181 1158,3181 1202,3178 1247,3175 1292,3175 1337,3172 1381,3169 1426,3169 1471,3166 1516,3166 1561,3166 1605,3163 1650,3163 1695,3160 1740,3160 1784,3157 1829,3157 1874,3157 1919,3157 1963,3154 2008,3151 2053,3151 2098,3148 2143,3142 2187,3139 2232,3137 2277,3137 2322,3134 2366,3134 2411,3134 2456,3134 2501,3134 2546,3131 2590,3131 2635,3131 2680,3131 2725,3131 2769,3134 2814,3131 2859,3134 2904,3134"/>
                <TextEquiv>
                    <Unicode>ches meines Wissens noch immer aufrecht besteht, höhere Tantiemen-</Unicode>
                </TextEquiv>
            </TextLine>
            <TextLine id="tr_2_tl_15" custom="readingOrder {index:14;}">
                <Coords points="848,3315 1216,3292 1527,3351 1617,3292 2005,3269 2344,3333 2523,3282 2528,3174 2122,3159 1877,3233 1468,3174 1093,3259 853,3225"/>
                <Baseline points="865,3301 874,3298 919,3298 964,3295 1008,3292 1053,3292 1098,3292 1143,3289 1187,3289 1232,3286 1277,3286 1322,3283 1367,3280 1411,3277 1456,3277 1501,3274 1546,3274 1590,3271 1635,3271 1680,3268 1725,3268 1769,3265 1814,3262 1859,3262 1904,3262 1949,3259 1993,3256 2038,3256 2083,3250 2128,3247 2172,3244 2217,3238 2262,3238 2307,3238 2352,3238 2396,3238 2441,3238 2486,3238 2531,3238"/>
                <TextEquiv>
                    <Unicode>sätze verlangen können, entzieht sich meiner Kenntnis.</Unicode>
                </TextEquiv>
            </TextLine>
        </TextRegion>
    </Page>
</PcGts>
