3049 3849
1514 390 1718 570 Pour Vous
1299 387 1405 561 7.
381 469 2650 691 den Namen des Theaters zu erfahren, über dessen Abrechnungsmethoden
378 649 2588 812 Sie sich gelegentlich einer eben empfangenen Abrechnung, also im
378 750 1667 936 aktuellen Augenblick im Zweifel seien.
909 847 2594 1042 Was "Bernhardi" ambelangt, so handelt es sich um
1290 986 1482 1065 G.C.M
378 1006 2388 1142 einen amerikanischen Herrn namens Osoar Leonard, St. Louis
1750 1089 2122 1166 au moins de nouveau d'être
387 1127 2411 1240 der das Stück hier gesehen hat,sich sehr begeistert darüber
381 1240 2514 1366 äusserte und daraufhin die Rechte daran erwerben wollte. Er hat
390 1328 2680 1538 inzwischen Berlin verlassen und ich müsste mit ihm korrespondieren.
387 1458 2388 1644 Sehr aussichtsreich ist diese Sache ja nicht. Es hätte sich
387 1588 2677 1788 natürlich nur um einen Versuch gehandelt. Wenn Sie den Wunsch haben,
390 1732 2340 1915 dass ich diesen noch unternehme, so will ich es gerne tun,
977 1871 1065 1921 G.F.P
924 1898 2600 2039 Wenn sich Wotitzkjs Manuskript momentan in Händen
1399 1954 1915 2054 que le dernier a lʼautre
398 1986 2615 2146 von Brandt und Kirpatrik befindet, so handelt es sich aller Wahr-
393 2119 2591 2278 scheinlichkeit nach nicht um die Aufführung, sondern um das Buch.
390 2246 2724 2391 Br. & K. sind im allgemeinen keine Theateragenten, sondern Vermittler
398 2370 2568 2509 für Buchautorisationen. Es ist mir bekannt, dass B. & K. sich im
390 2482 2756 2662 Auftrag von W. (nicht in unserem, denn mit W. habe ich ohne B. & K.
393 2618 2624 2754 abgeschlossen) sich bereits vielfertlich um das Buch „Weites Land“
401 2733 2591 2857 bemüht haben, das Honorar von 500 Dollar, daß V. ohne Einrechnung
398 2860 2600 3028 eines Uebersetzerhonorars bekommen musste, jedoch nicht erreichen
390 2972 717 3105 konnten.
877 3063 1898 3246 Mit verbindlichen Grüssen
1750 3081 2600 3388 Ihr sehr ergebener Les pein
422 3323 2187 3415 P.S. Ziegel möchte jetzt "Die Schwestern" spielen und
1623 3367 2638 3468 väre, noch einen Ihrer Einakter.
425 3397 1623 3485 zwar Pausenlos, sodass es notwendig
2033 3450 2635 3571 nächliche Mitteilung,
1449 3456 1880 3583 ich bitte um
422 3474 1443 3544 dazu zu geben (zusammen 10 %).
481 3530 1502 3654 b Sie damit einverstanden sind.
