3140 4056
1311 368 1751 477 Vertrag
1722 381 1831 514 —!
696 509 2633 752 Zwischen der Firma S. Fischer, Verlag, Berlin (kurz.Verlag.
514 661 1146 789 genannt) und Herrn
506 698 2625 887 (kurz „Autor“ genannt) ist folgender Vertrag geschlossen worden:
1231 823 1325 914 1e5
1490 887 1820 994 § 1.
714 927 2652 1125 Der Autor übergibt dem Verlage das alleinige Filmvertriebs-
530 1018 2470 1197 recht a) für seine sämtlichen im Verlage erschienenen Werke
733 1117 2470 1295 b) für folgende seiner im Verlage erschienenen Werke:
815 1380 933 1500 G.F.P.
1575 1458 1658 1532 G.F.P.
2750 1410 2841 1548 ng
834 1482 1037 1599 Au M.S.
2071 1482 2209 1620 G.H.F.P
1698 1511 1826 1634 G.C.F.P.
618 1564 1231 1684 haft xxx Geschäftet
562 1615 2625 1799 a) ohne jede Einschränkung, b) unter folgenden Einschrankungen:
552 1732 2694 1868 1. Der Verlag ist verpflichtet die finanziellen und künstlerischen
656 1839 2470 1956 Bedingungen im Einvernehmen mit dem Autor festzusetzen.
557 1908 2697 2073 2. Der Verlag ist berechtigt, die finanziellen und künstlerischen
2796 1945 2926 2063 Pas
653 2004 2572 2193 Bedingungen selbständig festzusetzen, doch behalt sich der
2793 2073 2916 2191 r
664 2116 1466 2233 Autor ein Vetorecht vor.
573 2167 2646 2335 3. Der Verlag ist berechtigt, nach grundsätzlicher Anfrage beim
674 2281 2217 2441 Autor alles Weitere selbständig zu veranlassen.
2796 2311 2897 2465 en
1551 2409 1716 2540 § 2.
850 2500 949 2582 G.H.F.P.
776 2502 2638 2660 Die Tätigkeit des Verlages erstreckt sich auf alle Maßre-
584 2588 2620 2772 geln, die zu einem ordnungsmäßigen Vertrieb erforderlich sind,
589 2678 2713 2828 insbesondere auf die Unterbringung der Verlagswerke bei den Fabri-
592 2761 2689 2934 kanten, die fixierung, Durchsetzung und Kontrolle der finanziel-
600 2873 2732 3043 len, künstlerischen und sonstigen Bedingungen und die Durchführung
594 2953 2228 3121 und Nachprüfung des Verrechnungswesens.
2161 3019 2470 3147 deren Erben
978 3113 1114 3206 xxahl
2009 3102 2473 3219 zu machen ist.
1588 3086 1730 3222 § 3.
642 3115 895 3243 nicht xxx
794 3139 2692 3331 Der Verlag ist berechtigt, den Teil seiner Obliegenheiten
616 3259 2673 3422 der sich nicht auf die Freigabe zur Verfilmung, die verantwort-
616 3355 2673 3504 liche fixierung der Bedingungen, sowie die Nachprüfung der Ver-
610 3425 2729 3603 rechnungen bezieht, Dritten (gegenwärtig der Geschäftsstelle des
618 3536 2700 3704 Verbandes deutscher Filmautoren) jedoch nur unter folgenden Kau-
634 3683 1306 3808 telen zu übertragen:
