3336 4200
1220 476 1456 625 1780
738 593 2288 762 S. Fischer Verlag Berlin
2250 698 2425 820 ʼos
1153 724 1833 832 Aktien-Gesellschaft
581 762 788 861 Kulunununmxx
581 820 2440 934 Amt Lützow Nummer 6162 Theaterabteilung Postscheckkonto Nr. 16692
502 879 2177 1062 Ma/RO. Bankkonto:Deutsche Bank Depositenkasse P in Berlin
2192 873 2493 981 om / on t is w
931 925 2186 1027 Berlin W, Bülowstraße 90, den 23. NoV.192 6.
1614 960 2496 1121 xxxx JW onie bn.Jai dolfneb¬
286 1048 435 1168 G.H.F.P.
2259 1065 2513 1191 G:A:H:oD:
733 1097 928 1217 Herrn
1103 1077 2227 1246 Dr. Arthur Schnitzler,
292 1121 546 1249 o1b 1as
2320 1165 2481 1243 W 1
1903 1170 2706 1343 ..., nadad.osme3 J.J..........
260 1223 978 1372 Jnt gefällenasesA. nA
1637 1261 2353 1407 Seitee nebseerd ni re¬
680 1328 768 1433 G.F.P.
952 1372 1850 1521 Sehr verehrter Herr Doktor!
1929 1366 2513 1503 geztogds nota-l al
1042 1480 2855 1640 Ich telegrafierte Ihnen heute: "Barnowsky würde Dezem-
271 1524 668 1690 G.C.H.F.P
2128 1582 2621 1667 lʼauteur vu les mêmes sont avec les rêveurs
534 1646 2770 1778 ber Komtess Mizzi mit Roberts Durieux Salfner Kampers Jansen Jordan
198 1667 365 1792 G.C.F.P.
537 1716 2884 1909 geben Drahtbescheid- und nehme an, dass Sie sich mit dem Theater direkt
543 1845 1480 1976 in Verbindung setzen werden.
1068 1915 2863 2046 An Direktor Modes habe ich in Ihrem Sinne geschrieben.
1068 2029 2869 2157 Wegen des Diogrammes haben Sie ja mit Herrn Dr.Bermann
379 2049 505 2221 G.H.P
552 2142 2837 2285 schon gesprochen; die Korrekturen erhalten Sie in den nächsten Tagen,
560 2250 2752 2399 ein Teil ist wohl schon im Hause aber wir wollen Ihnen das gesamte
552 2393 1524 2519 material auf einmal zusenden.
1092 2431 2796 2606 Was die Abrechnungen betrifft, so war es in letzter
560 2574 2878 2729 Zeit mit den Abschlüssen nicht sehr günstig bestellt. Das liegt natür-
563 2656 2831 2828 lich zum grossen Teile daran, dass Ihr Name durch das Ausbleiben von
575 2770 2887 2928 Uraufführungen neuer Werke nicht mehr so oft im Mittelpunkt der Tages-
584 2831 2837 3015 ereignisse steht, was durch andere Propagandamassnahmen leider nicht
578 2919 2922 3132 ersetzt werden kann. Es ist schade, dass Sie sich so an das Burgtheater
578 3038 2869 3246 gebunden fühlen, das doch an Rang heute kaum mit einem deutschen Pro-
590 3143 2790 3324 vinztheater zu vergleichen ist, wo die Unaufführung mindestens ein
581 3287 2834 3424 ebenso grosses Escho hervorrufen würde, wenn nicht ein grösseres. - In
575 3345 2922 3555 Berlin selbst fehlt es Ihnen an dem lebendigen Konnex mit den Theater-
575 3491 2916 3681 kanzleien und infolgedessen können Sie etwaige Chancen nicht so rasch
