3241 4008
942 898 2525 1061 remusste. - Um Missverständnisse zu vermeiden.
1027 1035 2521 1161 fragen wir ergebenst an, ob Sie uns für diesen
1037 1115 2557 1260 neuen Abschluss die Provision zugestehen wollen.
1410 1249 2626 1374 „Wir werden Ihrem Wunsch- entsprechend
1027 1340 2545 1476 in Prag anfragen; ob die Abonnementsbeträge in
1025 1424 2624 1563 die Tantiemen regelmässig mit eingerechnet werden.
1004 1531 2557 1677 Wäs Ihre Anfrage wegen „ Ruf des
1014 1659 2539 1766 Lebens " am Trianontheater betrifft, so glauben
1047 1762 2507 1878 wir nicht, dass etwas, im Wege steht, das Stück
1049 1878 2527 1965 dem Theater zu überlassen, falls es was u. V.
1045 1937 2575 2085 zutrifft, für.Berlia verfügbar ist. Zwar ist das
1045 2063 2595 2178 Trianontheater vorwiegend eine Schwankbühne, hat
1033 2186 2517 2316 Maber gute Kräften und einen grossen Zulauf der
1016 2284 2523 2407 Wir fragen ergebenst an; ob es Ihr Wunsch ist,
1055 2397 2521 2515 dass wir mit dem Trianontheater abschliessen.
930 2505 2523 2617 notaivor9 ### lus effa'l meeatu si dous oels oedmfij
1396 2549 2298 2617 Mit vorzüglicher Hochachtung
1057 2593 1766 2716 aab det rnogtadii aI Jng-
1800 2595 2519 2658 ijb oa nededra fioimqaiA
1707 2644 2242 2712 FISCHER.. VerLAG
1079 2696 2527 2816 «s ausditsrjtijsiiMwwwvBww&B&UWWWJWW
1748 2768 1963 2824 wenn wieder
1043 2792 2527 2931 sate ejnthusuen iyttvän vedii
1081 2887 2523 3051 nonbren nellorjeg maisesti maasto m.m.
649 3475 966 3618 B. 795. 20000. 4. 18.
