2969 3799
1946 369 2155 472 F.Truby.
1056 392 1843 484 reine xxx xxx 4 xxx
1053 446 1977 595 rere das Witte.nd..wird auf xxx
1485 561 1891 664 Gagier.er se!
2172 515 2587 667 vermeintlich
638 592 2770 764 wie ich Ihrem Briefe zu entnehmen glaube, auf eine laue Haltung
627 727 2853 890 des Verlages oder meiner Person in Reigenangelegenheiten bezeichen.
1079 835 2638 961 Mit den besten Reisewünschen und verbindlichen
2089 933 2315 1059 G.C.F.P.
621 938 1454 1133 Empfehlungen bin ich Ihr
1511 1016 2011 1196 sehr ergebener
2020 1033 2455 1305 Fedigremm
564 1336 1777 1491 adm m mai nog même mais että
1479 1402 1571 1465 G.F.P.
2355 1396 2664 1534 G.C.H.F.P.
1139 1431 1943 1577 mais le même a été entretien mai-
575 1439 841 1571 G.H.P.P
2192 1519 2672 1662 G.C.H.F.P.D.
1259 1545 1908 1688 .a.a
967 1565 1133 1688 G.H.F.P.
484 1559 936 1700 G.C.H.F.P.S. mn
1946 1611 2435 1783 Monsieur M. Dernard mais
1617 1654 1785 1783 G.C.F.P.
564 1648 1525 1808 xxx an xxx
472 1725 2778 1903 P. S. Die Aufführungen" Zwischenspiel "in Holland haben sich,
618 1871 2658 1997 da das Stück dort nicht mehr geschützt ist, nicht verhindern
621 1974 2798 2120 lassen. Im übrigen war der künstlerische Erfolg gross- und es ist
621 2049 2827 2215 mir sogar gelungen, den Direktor Verback der zuerst einen reinen
638 2197 2813 2323 Freibeuterstandpunkt einnahm, zur Zahlung einer Tantieme von 4 %
612 2278 2701 2438 zu veranlassen. Ein Scheck über den bisherigen Betrag in Höhe
581 2392 2670 2547 von Fl. 110.05, steht zu Ihrer Verfügung. Ich habe ihn hier
635 2526 2830 2675 zurückgehalten, um Ihn Ihnen dann persönlich übergeben zu können.
641 2629 2807 2750 Unser Züricher Vertreter hat Ihre schweiterischen Tantiemen unge
641 2747 2638 2864 achtet des an ihn ergangenen Auftrags hierher überwiesen.
644 2835 1954 3007 Abrechnung geht Ihnen in der Anlage zu.
758 3182 918 3296 G.C.F.P.
475 3190 572 3296 G.H.F.P.
