3081 3864
2000 214 2130 379 lin
1139 214 1300 381 er /
601 434 2468 549 Bankkonto: Deutsche Bank, Depositenkasse P in Berlin / Postscheckkonto; Berlin Nr. 10.
1046 483 2104 598 Fernsprechanschlüsse: Amt Lützow Nr. 6162 bis 6.
1428 546 1766 650 Sälswstraße oo
725 740 1555 965 Herrn Dr. Arthur Schnitzler
572 971 1052 1176 Lieber Freund,
731 1110 2740 1274 gestern war Herr Dr. Altmann, der Direktor der Rotter-Bühnen
575 1263 2899 1399 bei mir; er ist aus Amerika zurückgekehrt und er is t der Meinung, dass
581 1355 2835 1500 er in Amerika für Ihre Stücke etwas tun könnte. Da wir mit ihm wegen
581 1471 2708 1595 unserer Vertretung für Amerika verhandeln, so ist es uns wichtig
575 1535 2861 1694 festzustellen, ob Sie Ihrerseits den Vertrieb Ihres Stüske in Amerika
584 1659 2800 1798 selbst weiterführen sollen oder ob wir Herrn Altmann eventuell auch
575 1792 2468 1919 die Vertretung Ihrer Stücke von uns aus geben könnten.
676 1902 2728 2026 Über die geträge der letzten Abrechnung von 14. Mai haben Sie
584 1933 2867 2130 noch nicht verfügt. Wünschen Sie eine grössere Vorauszahlung a Konto
581 2089 2835 2222 der weiteren Honorarverrechnungen, so stehen wir damit gern zur Ver-
584 2202 847 2367 fügung.
1991 2251 2358 2390 W5.9.4
2760 2266 2893 2390 1er ses
1170 2280 1798 2436 Mit besten Grüssen
1306 2410 1457 2537 Ihr
1329 2483 1876 2673 Fische
621 2783 1852 2974 zum Breit. Herr H. zu gestellen ich mein bei
1491 2930 1694 3026 Aber
722 2922 1035 3037 onhause.
749 2907 1662 3104 derselben bleibt davon
1035 3055 1494 3185 Opt N.P.
835 3170 1055 3280 wch sein.
