2938 4007
1133 208 1285 349 580
2349 371 2634 493 Votre très-Greté.
1582 368 1720 510 1 1
535 355 712 518 G.C.P.
2449 557 2576 701 G.C.P.
535 1119 2465 1313 S'FISCHER-VERLAG' THEATERABTEILUNG'BERLIN
1205 1252 1834 1357 W 57. BÜLÖWSTR90
1609 1330 1864 1460 W i e n
548 1332 1490 1471 Herrn Dr. Arthur Schnitzler
1618 1418 2601 1576 Den 2. September 19 22
532 1446 717 1579 G.C.F.P.
1670 1512 1892 1668 G.H.F.F:F.P:
565 1537 1457 1737 Sehr geehrter Herr Doktor,
1501 1640 2737 1803 in Angelegenheit " Reigen" — Gastspiel
565 1798 2787 1906 Ziegel in Holland erlauben wir uns mitzuteilen, dass die Tantiemen
571 1917 2737 2030 im Betrage von fl. 850.08 bei der Rotterdamschen Bankvereeniging
573 2011 2723 2144 in Rotterdam nach Aufhebung der Sperre zu Ihrer Verfügung steht.
573 2130 2762 2244 Einzelabrechnung erfolgt gleichzeitig mit der Quartalsabrechnung,
568 2208 2773 2354 Ihrem Wunsche entsprechend werden wir unsere Provision von diesen
576 2346 2632 2454 Gulden nicht von dem umgerechneten Markbetrage errechnen und
571 2440 2692 2535 bitten Sie daher, die Rotterdamsche Bankvereeniging anzuweisen,
576 2540 2728 2690 dass uns die 12 % von fl. 850.08 = fl. 102.— angewiesen werden.
2507 2665 2668 2778 b.w.
2385 3631 2651 3751 que le
346 3584 568 3770 R 20000. 4, 22.
