2966 3880
1212 257 1352 424 Juho
1424 450 1527 648 1
1634 709 2312 863 München, den 20.I.1922
639 810 868 947 An den
1072 855 1734 1022 S. Fischer - Verlag.
1779 913 2337 1033 Berlin W 57
1935 1014 2033 1083 ====  =
1779 1061 2159 1178 Bülowstr. 90
380 1167 1036 1312 Sehr geehrte Herren!
1086 1282 2692 1435 Wir gestatten uns Sie darauf aufmerksam zu machen,
377 1391 2575 1514 dass der amerikanische Schriftsteller George Dunning Gribble (dessen
374 1486 2586 1625 Herausgabe des Omar Khaijam im Inselverlag Ihnen bekannt sein dürfte)
385 1603 2220 1770 bei seiner letzten Anwesenheit in Berlin Schnitzlers. "Da
2315 1636 2594 1770 in Land.
380 1712 2600 1835 gesehen hat und den Eindruck bekam, dass das Stück für England/Amerika
380 1812 2586 1944 sehr in Betracht käme und grossen Erfolg haben könnte. Da er sich ge-
374 1921 2619 2047 legentlich mit der Verwertung von Aufführungsrechten im Auslande, bezw.
371 2025 2533 2192 mit deren Unterbringung befasst, würden wir Ihnen empfehlen, sich mit
377 2150 2611 2298 ihm in Verbindung zu setzen, Seine Adresse ist: 9 Cour St.Pierre,Genf.
1670 2301 2242 2480 Hochachtungsvoll!
