<?xml version="1.0" encoding="UTF-8" standalone="yes"?>
<PcGts xmlns="http://schema.primaresearch.org/PAGE/gts/pagecontent/2013-07-15" xmlns:xsi="http://www.w3.org/2001/XMLSchema-instance" xsi:schemaLocation="http://schema.primaresearch.org/PAGE/gts/pagecontent/2013-07-15 http://schema.primaresearch.org/PAGE/gts/pagecontent/2013-07-15/pagecontent.xsd">
    <Metadata>
        <Creator>prov=READ-COOP:name=TrHtr:version=2.1.0:model_id=51170:date=27_07_2023_22:35</Creator>
        <Created>2023-05-02T08:12:37.368+02:00</Created>
        <LastChange>2023-07-27T22:35:06.982+02:00</LastChange>
        <TranskribusMetadata docId="1416743" pageId="54955699" pageNr="949" tsid="131306645" status="IN_PROGRESS" userId="64420" imgUrl="https://files.transkribus.eu/Get?id=PKKEKQSTFYHCAPDRGUAXGEIK&amp;fileType=view" xmlUrl="https://files.transkribus.eu/Get?id=WIVJALHUASVNOGOKCLTFCJXK" imageId="44459424"/>
    </Metadata>
    <Page imageFilename="1416743_0949.jpg" imageWidth="3297" imageHeight="4152">
        <ReadingOrder>
            <OrderedGroup id="ro_1711826839361" caption="Regions reading order">
                <RegionRefIndexed index="0" regionRef="tr_1"/>
                <RegionRefIndexed index="1" regionRef="tr_3"/>
                <RegionRefIndexed index="2" regionRef="tr_2"/>
            </OrderedGroup>
        </ReadingOrder>
        <TextRegion id="tr_1" custom="readingOrder {index:0;}">
            <Coords points="737,364 2946,364 2946,1568 737,1568"/>
            <TextLine id="tr_1_tl_1" custom="readingOrder {index:0;}">
                <Coords points="1043,447 1062,450 1073,461 1093,455 1113,475 1132,481 1158,464 1211,458 1214,332 1191,337 1155,318 1127,334 1104,312 1076,329 1045,332"/>
                <Baseline points="1062,417 1089,423 1134,426 1179,423 1220,414"/>
                <TextEquiv>
                    <Unicode>815</Unicode>
                </TextEquiv>
            </TextLine>
            <TextLine id="tr_1_tl_2" custom="readingOrder {index:1;}">
                <Coords points="1394,497 1427,478 1548,506 1574,481 1619,503 1838,475 1939,497 1939,388 1886,374 1812,413 1723,346 1619,357 1579,318 1523,303 1391,320"/>
                <Baseline points="1408,453 1453,453 1498,456 1543,465 1587,468 1632,471 1677,468 1722,474 1767,471 1811,471 1856,465 1901,459 1946,462"/>
                <TextEquiv>
                    <Unicode>Rauckreit</Unicode>
                </TextEquiv>
            </TextLine>
            <TextLine id="tr_1_tl_3" custom="readingOrder {index:2;}">
                <Coords points="2004,497 2034,514 2054,497 2071,506 2158,472 2181,486 2203,481 2226,506 2245,500 2254,303 2203,298 2178,323 2141,329 2110,354 2040,337 2012,348"/>
                <Baseline points="2023,459 2032,459 2077,462 2122,456 2167,453 2211,453 2256,453"/>
                <TextEquiv>
                    <Unicode>the</Unicode>
                </TextEquiv>
            </TextLine>
            <TextLine id="tr_1_tl_4" custom="readingOrder {index:3;}">
                <Coords points="1009,576 2425,568 2425,419 2034,514 1922,469 1546,506 1360,427 1228,481 1009,475"/>
                <Baseline points="1023,561 1044,558 1089,558 1134,558 1179,555 1223,555 1268,552 1313,552 1358,552 1402,552 1447,549 1492,552 1537,555 1581,555 1626,555 1671,555 1716,555 1761,549 1805,549 1850,552 1895,552 1940,552 1984,555 2029,555 2074,555 2119,552 2164,552 2208,552 2253,555 2298,552 2343,549 2387,546 2432,525"/>
                <TextEquiv>
                    <Unicode>P. Fischer/ Verlag / A.=G. Berlin W 57.</Unicode>
                </TextEquiv>
            </TextLine>
            <TextLine id="tr_1_tl_5" custom="readingOrder {index:4;}">
                <Coords points="1439,694 1475,705 1495,688 1560,717 1607,686 1725,714 1770,691 1961,702 1961,632 1936,627 1863,641 1796,618 1745,641 1720,618 1669,635 1593,613 1439,621"/>
                <Baseline points="1453,680 1498,677 1543,677 1587,677 1632,677 1677,677 1722,677 1767,677 1811,674 1856,677 1901,677 1946,680 1967,680"/>
                <TextEquiv>
                    <Unicode>Theaterabteilung</Unicode>
                </TextEquiv>
            </TextLine>
            <TextLine id="tr_1_tl_6" custom="readingOrder {index:5;}">
                <Coords points="722,770 2630,795 2610,658 2220,719 722,672"/>
                <Baseline points="737,752 758,749 802,749 847,749 892,749 937,749 982,749 1026,749 1071,749 1116,746 1161,746 1205,746 1250,746 1295,746 1340,746 1384,743 1429,743 1474,743 1519,743 1564,743 1608,743 1653,743 1698,743 1743,740 1787,743 1832,743 1877,743 1922,743 1967,743 2011,743 2056,743 2101,746 2146,743 2190,743 2235,746 2280,746 2325,746 2370,746 2414,749 2459,746 2504,746 2549,746 2593,746 2638,749"/>
                <TextEquiv>
                    <Unicode>Bankkonto: Deutsche Bank, Depositenkasse P in Berlin / Postscheckkonto; Berlin Nr. 1669</Unicode>
                </TextEquiv>
            </TextLine>
            <TextLine id="tr_1_tl_7" custom="readingOrder {index:6;}">
                <Coords points="1144,804 2237,804 2237,756 2186,750 1144,756"/>
                <Baseline points="1158,796 1170,793 1214,793 1259,796 1304,793 1349,793 1393,793 1438,793 1483,790 1528,790 1573,790 1617,793 1662,793 1707,790 1752,790 1796,790 1841,790 1886,793 1931,793 1976,790 2020,790 2065,793 2110,793 2155,793 2199,790 2244,788"/>
                <TextEquiv>
                    <Unicode>Fernsprechanschlüsse: Amt Lützow Nr. 6162 bis 6164</Unicode>
                </TextEquiv>
            </TextLine>
            <TextLine id="tr_1_tl_8" custom="readingOrder {index:7;}">
                <Coords points="759,902 784,899 801,882 832,899 846,899 857,885 877,894 891,882 908,885 936,857 953,868 981,860 978,784 953,781 919,798 894,776 882,787 854,784 846,792 798,753 756,759"/>
                <Baseline points="773,838 817,838 862,838 907,841 952,844 985,844"/>
                <TextEquiv>
                    <Unicode>Ma/Ro.</Unicode>
                </TextEquiv>
            </TextLine>
            <TextLine id="tr_1_tl_9" custom="readingOrder {index:8;}">
                <Coords points="1065,888 1565,843 2262,894 2262,795 1065,795"/>
                <Baseline points="1080,841 1125,844 1170,847 1214,847 1259,847 1304,847 1349,844 1393,844 1438,844 1483,841 1528,841 1573,841 1617,841 1662,841 1707,841 1752,841 1796,844 1841,844 1886,844 1931,844 1976,844 2020,844 2065,844 2110,844 2155,844 2199,844 2244,841 2268,841"/>
                <TextEquiv>
                    <Unicode>Telegramm-Adresse: Fischerverlag 6162, Berlinlützow</Unicode>
                </TextEquiv>
            </TextLine>
            <TextLine id="tr_1_tl_10" custom="readingOrder {index:9;}">
                <Coords points="1515,947 1560,955 1574,941 1602,947 1621,936 1638,950 1672,939 1714,955 1753,922 1798,908 1810,919 1824,908 1863,913 1863,865 1796,863 1770,846 1680,860 1593,857 1565,843 1543,857 1515,854"/>
                <Baseline points="1531,898 1576,895 1620,898 1665,898 1710,898 1755,898 1799,898 1844,898 1868,898"/>
                <TextEquiv>
                    <Unicode>Bülowstraße 90</Unicode>
                </TextEquiv>
            </TextLine>
            <TextLine id="tr_1_tl_11" custom="readingOrder {index:10;}">
                <Coords points="1995,975 2060,953 2085,975 2164,950 2265,961 2282,947 2321,967 2363,947 2518,941 2518,880 2462,849 2383,846 2304,896 2231,880 2206,894 1995,885"/>
                <Baseline points="2011,934 2056,934 2101,937 2146,937 2190,937 2235,937 2280,937 2325,937 2370,937 2414,934 2459,937 2504,937 2525,940"/>
                <TextEquiv>
                    <Unicode>den 6. Juli 1927.</Unicode>
                </TextEquiv>
            </TextLine>
            <TextLine id="tr_1_tl_12" custom="readingOrder {index:11;}">
                <Coords points="955,1135 972,1132 984,1144 1006,1138 1020,1149 1043,1141 1073,1146 1104,1118 1124,1127 1172,1107 1197,1113 1194,1020 1163,1031 1152,1020 1138,1028 1099,1003 1045,1017 953,998"/>
                <Baseline points="967,1095 1011,1095 1056,1095 1101,1098 1146,1098 1190,1098 1202,1095"/>
                <TextEquiv>
                    <Unicode>Herrn</Unicode>
                </TextEquiv>
            </TextLine>
            <TextLine id="tr_1_tl_13" custom="readingOrder {index:12;}">
                <Coords points="1273,1146 1714,1144 1801,1217 2285,1203 2285,1059 2237,1040 1922,1057 1748,998 1686,1037 1273,1017"/>
                <Baseline points="1289,1143 1334,1146 1379,1143 1423,1146 1468,1146 1513,1146 1558,1146 1602,1146 1647,1143 1692,1146 1737,1143 1781,1146 1826,1146 1871,1146 1916,1143 1961,1143 2005,1143 2050,1143 2095,1143 2140,1143 2184,1143 2229,1143 2274,1143 2292,1146"/>
                <TextEquiv>
                    <Unicode>Dr. Arthur Sehnitzler</Unicode>
                </TextEquiv>
            </TextLine>
            <TextLine id="tr_1_tl_14" custom="readingOrder {index:13;}">
                <Coords points="2543,1239 2653,1248 2681,1264 2737,1245 2757,1256 2802,1242 2830,1256 2886,1245 2886,1124 2869,1121 2838,1144 2740,1124 2706,1141 2661,1118 2630,1141 2582,1118 2543,1127"/>
                <Baseline points="2558,1190 2602,1190 2647,1190 2692,1193 2737,1190 2781,1190 2826,1190 2871,1193 2892,1190"/>
                <TextEquiv>
                    <Unicode>Wien.</Unicode>
                </TextEquiv>
            </TextLine>
            <TextLine id="tr_1_tl_15" custom="readingOrder {index:14;}">
                <Coords points="1439,1217 1456,1214 1470,1228 1495,1211 1512,1217 1520,1211 1551,1228 1568,1217 1576,1222 1607,1200 1633,1205 1633,1144 1576,1161 1565,1149 1548,1158 1540,1149 1517,1149 1489,1161 1484,1155 1439,1155"/>
                <Baseline points="1453,1193 1498,1193 1543,1190 1587,1190 1632,1193 1638,1193"/>
                <TextEquiv>
                    <Unicode>G.C.H.F.P</Unicode>
                </TextEquiv>
            </TextLine>
            <TextLine id="tr_1_tl_16" custom="readingOrder {index:15;}">
                <Coords points="1026,1295 1045,1298 1051,1295 1065,1312 1073,1309 1118,1312 1124,1236 1099,1239 1093,1245 1079,1242 1068,1234 1062,1234 1054,1242 1028,1242"/>
                <Baseline points="1041,1298 1083,1295 1128,1292"/>
                <TextEquiv>
                    <Unicode>G.F.P.</Unicode>
                </TextEquiv>
            </TextLine>
            <TextLine id="tr_1_tl_17" custom="readingOrder {index:16;}">
                <Coords points="1922,1309 1942,1312 1950,1304 1961,1304 1967,1309 1984,1309 1992,1304 1998,1309 2012,1309 2012,1205 1998,1205 1984,1220 1973,1222 1961,1217 1950,1205 1945,1208 1939,1203 1922,1203"/>
                <Baseline points="1937,1292 1981,1292 2020,1292"/>
                <TextEquiv>
                    <Unicode>G.C.F.P.</Unicode>
                </TextEquiv>
            </TextLine>
            <TextLine id="tr_1_tl_18" custom="readingOrder {index:17;}">
                <Coords points="1172,1357 1338,1352 1425,1309 1498,1332 1565,1301 1596,1326 1678,1304 1849,1326 1849,1242 1725,1231 1686,1259 1543,1222 1461,1245 1352,1208 1172,1239"/>
                <Baseline points="1187,1298 1232,1298 1277,1298 1322,1298 1367,1298 1411,1298 1456,1301 1501,1298 1546,1295 1590,1298 1635,1301 1680,1298 1725,1301 1770,1298 1814,1298 1856,1298"/>
                <TextEquiv>
                    <Unicode>können aber gegen die</Unicode>
                </TextEquiv>
            </TextLine>
            <TextLine id="tr_1_tl_19" custom="readingOrder {index:18;}">
                <Coords points="1180,1461 1397,1416 1770,1436 1832,1402 2105,1453 2352,1422 2352,1343 1838,1349 1560,1298 1180,1354"/>
                <Baseline points="1196,1399 1241,1399 1286,1399 1331,1399 1376,1399 1420,1399 1465,1399 1510,1399 1555,1399 1599,1399 1644,1399 1689,1399 1734,1399 1779,1396 1823,1396 1868,1399 1913,1396 1958,1396 2002,1396 2047,1396 2092,1396 2137,1399 2181,1396 2226,1393 2271,1393 2316,1396 2358,1399"/>
                <TextEquiv>
                    <Unicode>Sehr verehrter Herr Doktor!</Unicode>
                </TextEquiv>
            </TextLine>
            <TextLine id="tr_1_tl_20" custom="readingOrder {index:19;}">
                <Coords points="1085,1554 1456,1613 1641,1562 2807,1596 2939,1565 2939,1405 2765,1458 2521,1405 2355,1458 1085,1439"/>
                <Baseline points="1101,1552 1110,1552 1155,1552 1199,1552 1244,1552 1289,1552 1334,1555 1379,1555 1423,1555 1468,1555 1513,1555 1558,1555 1602,1555 1647,1552 1692,1552 1737,1549 1781,1549 1826,1552 1871,1555 1916,1558 1961,1555 2005,1555 2050,1555 2095,1552 2140,1552 2184,1552 2229,1549 2274,1549 2319,1549 2364,1552 2408,1552 2453,1552 2498,1549 2543,1552 2587,1552 2632,1552 2677,1552 2722,1549 2767,1549 2811,1549 2856,1549 2901,1549 2946,1546"/>
                <TextEquiv>
                    <Unicode>In der Angelegenheit „Gang zum Weihern ist insofern eine</Unicode>
                </TextEquiv>
            </TextLine>
        </TextRegion>
        <TextRegion id="tr_3" custom="readingOrder {index:1;}">
            <Coords points="764,1597 3014,1597 3014,2382 764,2382"/>
            <TextLine id="tr_3_tl_1" custom="readingOrder {index:0;}">
                <Coords points="762,1666 1172,1731 2394,1725 2594,1658 2965,1731 2965,1610 2827,1576 1557,1607 762,1534"/>
                <Baseline points="776,1647 820,1653 865,1656 910,1656 955,1656 999,1656 1044,1656 1089,1656 1134,1659 1179,1656 1223,1656 1268,1656 1313,1656 1358,1659 1402,1656 1447,1656 1492,1656 1537,1656 1581,1656 1626,1656 1671,1656 1716,1656 1761,1656 1805,1656 1850,1656 1895,1653 1940,1656 1984,1659 2029,1656 2074,1656 2119,1656 2164,1656 2208,1656 2253,1653 2298,1653 2343,1653 2387,1653 2432,1653 2477,1653 2522,1653 2567,1653 2611,1653 2656,1653 2701,1653 2746,1653 2790,1653 2835,1650 2880,1653 2925,1650 2969,1653"/>
                <TextEquiv>
                    <Unicode>Wendung eingetreten, als Hartung neuerlich grosses Interesse an der</Unicode>
                </TextEquiv>
            </TextLine>
            <TextLine id="tr_3_tl_2" custom="readingOrder {index:1;}">
                <Coords points="759,1762 1239,1826 1886,1821 1967,1759 2928,1812 2880,1700 759,1686"/>
                <Baseline points="773,1758 785,1758 829,1758 874,1761 919,1761 964,1758 1008,1758 1053,1761 1098,1761 1143,1761 1187,1761 1232,1761 1277,1761 1322,1761 1367,1761 1411,1761 1456,1758 1501,1758 1546,1761 1590,1761 1635,1761 1680,1758 1725,1761 1770,1761 1814,1761 1859,1758 1904,1758 1949,1758 1993,1758 2038,1758 2083,1758 2128,1758 2173,1758 2217,1758 2262,1758 2307,1758 2352,1758 2396,1755 2441,1755 2486,1755 2531,1755 2575,1755 2620,1758 2665,1758 2710,1758 2755,1758 2799,1758 2844,1755 2889,1755 2934,1755"/>
                <TextEquiv>
                    <Unicode>Uraufführung bezeigt. Sein Dramaturg reist norgen nach München, um</Unicode>
                </TextEquiv>
            </TextLine>
            <TextLine id="tr_3_tl_3" custom="readingOrder {index:2;}">
                <Coords points="759,1922 2102,1866 2664,1925 2869,1891 2872,1807 1006,1824 762,1762"/>
                <Baseline points="776,1865 820,1865 865,1862 910,1862 955,1862 999,1862 1044,1862 1089,1865 1134,1865 1179,1865 1223,1865 1268,1862 1313,1865 1358,1862 1402,1862 1447,1862 1492,1862 1537,1859 1581,1859 1626,1862 1671,1862 1716,1862 1761,1862 1805,1862 1850,1859 1895,1859 1940,1862 1984,1862 2029,1862 2074,1859 2119,1859 2164,1859 2208,1859 2253,1856 2298,1859 2343,1859 2387,1859 2432,1856 2477,1859 2522,1856 2567,1856 2611,1859 2656,1859 2701,1859 2746,1856 2790,1856 2835,1856 2880,1859"/>
                <TextEquiv>
                    <Unicode>mit Bassermann wegen der Rolle zu verhandeln. Auch die Kinz, die</Unicode>
                </TextEquiv>
            </TextLine>
            <TextLine id="tr_3_tl_4" custom="readingOrder {index:3;}">
                <Coords points="747,1989 2950,2020 2950,1914 2863,1886 747,1922"/>
                <Baseline points="764,1967 805,1967 850,1967 895,1967 940,1964 985,1964 1029,1967 1074,1967 1119,1970 1164,1967 1208,1967 1253,1967 1298,1967 1343,1970 1387,1967 1432,1967 1477,1967 1522,1964 1567,1964 1611,1961 1656,1961 1701,1964 1746,1964 1790,1964 1835,1964 1880,1964 1925,1964 1970,1967 2014,1964 2059,1964 2104,1964 2149,1964 2193,1964 2238,1964 2283,1964 2328,1964 2372,1961 2417,1964 2462,1964 2507,1961 2552,1961 2596,1961 2641,1961 2686,1961 2731,1961 2775,1961 2820,1961 2865,1958 2910,1955 2955,1955"/>
                <TextEquiv>
                    <Unicode>mit Hartung in Engagement-Verhandlungen steht, drängt sehr zur An-</Unicode>
                </TextEquiv>
            </TextLine>
            <TextLine id="tr_3_tl_5" custom="readingOrder {index:4;}">
                <Coords points="759,2068 3007,2082 2965,1992 759,2006"/>
                <Baseline points="773,2068 776,2065 820,2068 865,2068 910,2065 955,2065 999,2065 1044,2065 1089,2065 1134,2065 1179,2065 1223,2065 1268,2065 1313,2065 1358,2065 1402,2065 1447,2065 1492,2065 1537,2065 1581,2065 1626,2065 1671,2062 1716,2062 1761,2062 1805,2062 1850,2062 1895,2062 1940,2062 1984,2065 2029,2065 2074,2062 2119,2062 2164,2062 2208,2062 2253,2062 2298,2062 2343,2062 2387,2062 2432,2059 2477,2059 2522,2059 2567,2062 2611,2062 2656,2059 2701,2062 2746,2062 2790,2059 2835,2059 2880,2059 2925,2059 2969,2059 3014,2062"/>
                <TextEquiv>
                    <Unicode>nahme des Stückes. Ich möchte gern wissen, ob Sie evtl. bereit wären,</Unicode>
                </TextEquiv>
            </TextLine>
            <TextLine id="tr_3_tl_6" custom="readingOrder {index:5;}">
                <Coords points="759,2209 2925,2192 2928,2102 762,2085"/>
                <Baseline points="773,2175 785,2173 829,2170 874,2170 919,2170 964,2170 1008,2170 1053,2170 1098,2170 1143,2167 1187,2167 1232,2167 1277,2167 1322,2167 1367,2167 1411,2164 1456,2167 1501,2167 1546,2167 1590,2164 1635,2167 1680,2164 1725,2167 1770,2167 1814,2167 1859,2164 1904,2164 1949,2164 1993,2167 2038,2164 2083,2167 2128,2167 2173,2167 2217,2164 2262,2164 2307,2164 2352,2164 2396,2161 2441,2161 2486,2161 2531,2164 2575,2161 2620,2164 2665,2161 2710,2161 2755,2161 2799,2161 2844,2161 2889,2161 2934,2158"/>
                <TextEquiv>
                    <Unicode>persönlich an Bassermann zu schreiben, wenn ich Sie darum ersuchen</Unicode>
                </TextEquiv>
            </TextLine>
            <TextLine id="tr_3_tl_7" custom="readingOrder {index:6;}">
                <Coords points="764,2296 2799,2313 2891,2214 2332,2169 2237,2226 764,2237"/>
                <Baseline points="779,2268 823,2271 868,2271 913,2271 958,2274 1002,2271 1047,2271 1092,2271 1137,2271 1182,2271 1226,2271 1271,2271 1316,2268 1361,2268 1405,2268 1450,2268 1495,2268 1540,2268 1584,2271 1629,2271 1674,2271 1719,2268 1764,2271 1808,2268 1853,2271 1898,2268 1943,2268 1987,2268 2032,2268 2077,2268 2122,2268 2167,2271 2211,2271 2256,2268 2301,2268 2346,2268 2390,2268 2435,2268 2480,2268 2525,2268 2570,2265 2614,2268 2659,2268 2704,2268 2749,2268 2793,2268 2838,2268 2883,2271 2898,2274"/>
                <TextEquiv>
                    <Unicode>würde; jedenfalls bitte ich, es nicht zu tun, ehe ich sehen kann,</Unicode>
                </TextEquiv>
            </TextLine>
            <TextLine id="tr_3_tl_8" custom="readingOrder {index:7;}">
                <Coords points="759,2374 865,2425 984,2377 1675,2425 1860,2374 2001,2417 2001,2304 759,2304"/>
                <Baseline points="773,2372 799,2372 844,2372 889,2372 934,2372 979,2372 1023,2372 1068,2372 1113,2372 1158,2372 1202,2372 1247,2372 1292,2372 1337,2372 1382,2372 1426,2370 1471,2370 1516,2372 1561,2372 1605,2372 1650,2372 1695,2372 1740,2372 1784,2370 1829,2370 1874,2370 1919,2370 1964,2370 2008,2367"/>
                <TextEquiv>
                    <Unicode>ob ein solcher Schritt angebracht ist.</Unicode>
                </TextEquiv>
            </TextLine>
        </TextRegion>
        <TextRegion id="tr_2" custom="readingOrder {index:2;}">
            <Coords points="764,2412 3023,2412 3023,3618 764,3618"/>
            <TextLine id="tr_2_tl_1" custom="readingOrder {index:0;}">
                <Coords points="1085,2518 2211,2470 2731,2521 2768,2388 1085,2405"/>
                <Baseline points="1101,2468 1116,2468 1161,2468 1205,2468 1250,2471 1295,2471 1340,2471 1384,2471 1429,2471 1474,2471 1519,2471 1564,2471 1608,2471 1653,2471 1698,2474 1743,2474 1787,2477 1832,2474 1877,2474 1922,2471 1967,2471 2011,2471 2056,2471 2101,2468 2146,2468 2190,2468 2235,2468 2280,2468 2325,2471 2370,2468 2414,2468 2459,2468 2504,2468 2549,2468 2593,2468 2638,2465 2683,2465 2728,2465 2772,2462"/>
                <TextEquiv>
                    <Unicode>Was die Raveg betrifft, so ist der Rechtszustand in</Unicode>
                </TextEquiv>
            </TextLine>
            <TextLine id="tr_2_tl_2" custom="readingOrder {index:1;}">
                <Coords points="762,2585 3015,2594 3015,2526 2605,2481 762,2515"/>
                <Baseline points="776,2575 785,2572 829,2575 874,2575 919,2575 964,2575 1008,2575 1053,2572 1098,2575 1143,2575 1187,2575 1232,2575 1277,2575 1322,2575 1367,2575 1411,2575 1456,2575 1501,2575 1546,2575 1590,2575 1635,2572 1680,2572 1725,2575 1770,2572 1814,2575 1859,2572 1904,2572 1949,2572 1993,2572 2038,2572 2083,2572 2128,2572 2173,2572 2217,2572 2262,2572 2307,2572 2352,2572 2396,2572 2441,2570 2486,2570 2531,2570 2575,2570 2620,2570 2665,2570 2710,2570 2755,2572 2799,2572 2844,2572 2889,2572 2934,2570 2978,2572 3023,2572"/>
                <TextEquiv>
                    <Unicode>Oesterreich noch ungeklärt, während in Deutschland durch Entscheidung</Unicode>
                </TextEquiv>
            </TextLine>
            <TextLine id="tr_2_tl_3" custom="readingOrder {index:2;}">
                <Coords points="756,2709 2934,2681 2706,2577 2549,2639 756,2633"/>
                <Baseline points="770,2680 790,2680 835,2680 880,2680 925,2680 970,2680 1014,2680 1059,2680 1104,2680 1149,2680 1193,2680 1238,2677 1283,2680 1328,2680 1373,2680 1417,2677 1462,2680 1507,2680 1552,2677 1596,2677 1641,2677 1686,2677 1731,2680 1776,2677 1820,2677 1865,2677 1910,2677 1955,2677 1999,2677 2044,2677 2089,2677 2134,2677 2178,2677 2223,2680 2268,2677 2313,2677 2358,2677 2402,2674 2447,2674 2492,2674 2537,2671 2581,2671 2626,2671 2671,2671 2716,2671 2761,2671 2805,2674 2850,2671 2895,2671 2940,2671"/>
                <TextEquiv>
                    <Unicode>der obersten Gerichte ausdrücklich festgestellt wurde, dass Vorle-</Unicode>
                </TextEquiv>
            </TextLine>
            <TextLine id="tr_2_tl_4" custom="readingOrder {index:3;}">
                <Coords points="1023,2824 2254,2788 2470,2838 2608,2782 2950,2855 2950,2737 2807,2681 2181,2740 1023,2709"/>
                <Baseline points="1038,2787 1083,2787 1128,2784 1173,2784 1217,2781 1262,2781 1307,2784 1352,2781 1396,2781 1441,2781 1486,2781 1531,2781 1576,2781 1620,2781 1665,2781 1710,2781 1755,2784 1799,2787 1844,2787 1889,2787 1900,2788 1900,2788 1928,2778 1973,2778 2017,2781 2062,2781 2107,2778 2152,2778 2196,2778 2241,2778 2286,2778 2331,2778 2375,2778 2420,2778 2465,2775 2510,2778 2555,2775 2599,2775 2644,2775 2689,2775 2734,2775 2778,2775 2823,2775 2868,2775 2913,2772 2958,2769"/>
                <TextEquiv>
                    <Unicode>im Radio honorarpflichtig sind. In Oesterreich ist eine sol-</Unicode>
                </TextEquiv>
            </TextLine>
            <TextLine id="tr_2_tl_5" custom="readingOrder {index:4;}">
                <Coords points="759,2816 787,2818 815,2793 846,2810 941,2785 953,2793 978,2782 1031,2785 1031,2726 964,2740 933,2737 896,2714 868,2737 837,2714 823,2720 804,2709 778,2734 759,2729"/>
                <Baseline points="773,2784 817,2781 862,2784 907,2781 952,2781 996,2781 1038,2787"/>
                <TextEquiv>
                    <Unicode>sungen in</Unicode>
                </TextEquiv>
            </TextLine>
            <TextLine id="tr_2_tl_6" custom="readingOrder {index:5;}">
                <Coords points="764,2889 2889,2914 2838,2813 764,2816"/>
                <Baseline points="779,2880 823,2883 868,2883 913,2883 958,2883 1002,2880 1047,2883 1092,2883 1137,2883 1182,2883 1226,2883 1271,2883 1316,2883 1361,2883 1405,2883 1450,2883 1495,2883 1540,2886 1584,2886 1629,2886 1674,2886 1719,2883 1764,2883 1808,2883 1853,2883 1898,2883 1943,2883 1987,2883 2032,2883 2077,2883 2122,2883 2167,2883 2211,2880 2256,2880 2301,2880 2346,2880 2390,2880 2435,2880 2480,2880 2525,2880 2570,2880 2614,2880 2659,2880 2704,2880 2749,2880 2793,2880 2838,2880 2883,2877 2895,2880"/>
                <TextEquiv>
                    <Unicode>che Entscheidung noch nicht gefällt worden. In letzter Zeit wurde</Unicode>
                </TextEquiv>
            </TextLine>
            <TextLine id="tr_2_tl_7" custom="readingOrder {index:6;}">
                <Coords points="762,2995 2852,3024 2967,2928 762,2953"/>
                <Baseline points="776,2987 782,2984 826,2987 871,2987 916,2987 961,2987 1005,2987 1050,2987 1095,2987 1140,2987 1185,2984 1229,2984 1274,2984 1319,2984 1364,2984 1408,2984 1453,2984 1498,2984 1543,2984 1587,2987 1632,2987 1677,2987 1722,2987 1767,2987 1811,2987 1856,2987 1901,2984 1946,2984 1990,2984 2035,2987 2080,2984 2125,2984 2170,2984 2214,2984 2259,2984 2304,2981 2349,2981 2393,2981 2438,2984 2483,2981 2528,2981 2572,2981 2617,2984 2662,2984 2707,2984 2752,2984 2796,2984 2841,2984 2886,2981 2931,2981 2975,2978"/>
                <TextEquiv>
                    <Unicode>ein Fall dort vor die Gerichte gebracht, der Baumbache Erben betraf.</Unicode>
                </TextEquiv>
            </TextLine>
            <TextLine id="tr_2_tl_8" custom="readingOrder {index:7;}">
                <Coords points="756,3128 2897,3128 2897,3029 2684,2993 756,3026"/>
                <Baseline points="770,3089 799,3086 844,3089 889,3089 934,3089 979,3089 1023,3089 1068,3089 1113,3089 1158,3089 1202,3089 1247,3089 1292,3089 1337,3089 1382,3089 1426,3089 1471,3089 1516,3089 1561,3089 1605,3089 1650,3089 1695,3089 1740,3089 1784,3089 1829,3086 1874,3086 1919,3089 1964,3089 2008,3089 2053,3089 2098,3089 2143,3086 2187,3089 2232,3086 2277,3086 2322,3086 2367,3086 2411,3089 2456,3086 2501,3089 2546,3086 2590,3089 2635,3086 2680,3086 2725,3086 2769,3086 2814,3086 2859,3086 2904,3086"/>
                <TextEquiv>
                    <Unicode>In 1. Instanz wurde dem Autor das Recht zugesprochen, in 2. Instanz</Unicode>
                </TextEquiv>
            </TextLine>
            <TextLine id="tr_2_tl_9" custom="readingOrder {index:8;}">
                <Coords points="759,3240 2906,3240 2906,3130 2765,3102 759,3125"/>
                <Baseline points="773,3202 805,3199 850,3199 895,3196 940,3193 985,3193 1029,3190 1074,3190 1119,3190 1164,3190 1208,3190 1253,3193 1298,3190 1343,3193 1387,3193 1432,3193 1477,3193 1522,3193 1567,3193 1611,3193 1656,3193 1701,3193 1746,3190 1790,3193 1835,3193 1880,3193 1925,3193 1970,3190 2014,3190 2059,3190 2104,3193 2149,3190 2193,3187 2238,3187 2283,3187 2328,3187 2372,3187 2417,3187 2462,3187 2507,3187 2552,3187 2596,3187 2641,3187 2686,3187 2731,3187 2775,3184 2820,3187 2865,3187 2910,3190"/>
                <TextEquiv>
                    <Unicode>dagegen das Gegenteil festgestellt; ob gegen dieses letzte Urteil</Unicode>
                </TextEquiv>
            </TextLine>
            <TextLine id="tr_2_tl_10" custom="readingOrder {index:9;}">
                <Coords points="756,3321 2880,3344 2962,3335 2965,3237 759,3243"/>
                <Baseline points="773,3295 779,3292 823,3295 868,3295 913,3295 958,3295 1002,3295 1047,3295 1092,3295 1137,3295 1182,3295 1226,3292 1271,3292 1316,3292 1361,3292 1405,3295 1450,3295 1495,3295 1540,3295 1584,3295 1629,3298 1674,3295 1719,3295 1764,3292 1808,3292 1853,3292 1898,3292 1943,3292 1987,3292 2032,3292 2077,3292 2122,3292 2167,3292 2211,3292 2256,3289 2301,3289 2346,3292 2390,3292 2435,3292 2480,3292 2525,3292 2570,3292 2614,3292 2659,3292 2704,3292 2749,3289 2793,3292 2838,3292 2883,3292 2928,3289 2972,3289"/>
                <TextEquiv>
                    <Unicode>Rekurs ergriffen worden ist, ist noch nicht bekannt. Aus prinzipiel-</Unicode>
                </TextEquiv>
            </TextLine>
            <TextLine id="tr_2_tl_11" custom="readingOrder {index:10;}">
                <Coords points="759,3434 1697,3400 2206,3453 2206,3333 2105,3310 759,3324"/>
                <Baseline points="773,3396 782,3396 826,3396 871,3396 916,3396 961,3396 1005,3396 1050,3396 1095,3396 1140,3396 1185,3396 1229,3396 1274,3396 1319,3396 1364,3396 1408,3396 1453,3396 1498,3396 1543,3396 1587,3396 1632,3399 1677,3396 1722,3396 1767,3396 1811,3396 1856,3396 1901,3396 1946,3393 1990,3393 2035,3393 2080,3390 2125,3390 2170,3390 2214,3387"/>
                <TextEquiv>
                    <Unicode>len Gründen wäre es empfehlenswert, wenn Sie</Unicode>
                </TextEquiv>
            </TextLine>
            <TextLine id="tr_2_tl_12" custom="readingOrder {index:11;}">
                <Coords points="2315,3431 2428,3451 2495,3411 2577,3448 2681,3442 2740,3411 2793,3442 2863,3442 2863,3333 2714,3344 2639,3316 2566,3341 2523,3324 2473,3338 2377,3302 2315,3316"/>
                <Baseline points="2331,3396 2334,3399 2378,3396 2423,3399 2468,3393 2513,3393 2558,3393 2602,3393 2647,3396 2692,3393 2737,3393 2781,3393 2826,3393 2871,3393"/>
                <TextEquiv>
                    <Unicode>gegen die Raven-Ravachen gegenommen sei.</Unicode>
                </TextEquiv>
            </TextLine>
            <TextLine id="tr_2_tl_13" custom="readingOrder {index:12;}">
                <Coords points="747,3532 1630,3507 1759,3563 2122,3496 2349,3569 2518,3507 2866,3557 2830,3428 747,3428"/>
                <Baseline points="764,3498 767,3498 811,3498 856,3498 901,3498 946,3498 990,3498 1035,3498 1080,3501 1125,3501 1170,3498 1214,3498 1259,3498 1304,3498 1349,3498 1393,3498 1438,3498 1483,3498 1528,3498 1573,3498 1617,3498 1662,3498 1707,3495 1752,3495 1796,3495 1841,3498 1886,3498 1931,3495 1976,3495 2020,3495 2065,3495 2110,3495 2155,3495 2199,3495 2244,3495 2289,3495 2334,3495 2378,3492 2423,3492 2468,3495 2513,3495 2558,3492 2602,3492 2647,3495 2692,3495 2737,3495 2781,3492 2826,3495 2871,3492"/>
                <TextEquiv>
                    <Unicode>klagbar vorgehen wollten. Aus Deutschland bekommen Sie natürlich</Unicode>
                </TextEquiv>
            </TextLine>
            <TextLine id="tr_2_tl_14" custom="readingOrder {index:13;}">
                <Coords points="826,3645 908,3608 1017,3639 1203,3645 1279,3611 1354,3642 1450,3608 1529,3645 1574,3616 1658,3636 1658,3552 1467,3566 1433,3532 1301,3557 947,3504 826,3524"/>
                <Baseline points="841,3602 886,3605 931,3602 976,3605 1020,3605 1065,3605 1110,3605 1155,3608 1199,3608 1244,3608 1289,3605 1334,3608 1379,3608 1423,3608 1468,3608 1513,3605 1558,3605 1602,3608 1647,3605 1665,3605"/>
                <TextEquiv>
                    <Unicode>alle Vorlesungen berechnet.</Unicode>
                </TextEquiv>
            </TextLine>
        </TextRegion>
    </Page>
</PcGts>
