3091 3849
1114 260 1992 499 S. FISCHER/VERLAG
372 118 579 520 v. Blatt
2219 375 2710 564 den 25.XII, 22.
541 437 765 594 Herrn
981 491 1746 665 Dr. Arthur Schnitzler.
1850 538 2089 656 W. I. E. 1
547 860 754 963 weil.
547 863 2633 1040 er seine Tantieme aus den durch die Verhältnisse zwangsläufig
532 996 2662 1129 notwendigen hohen Preisen erhält, während der Verleger ganz auf die
541 1105 2686 1215 wirtschaftliche Unsicherheit gestellt, xxx bedeutende Summen in die
538 1200 2698 1365 Neuherstellung investieren muss, ohne zu wissen, ob er auch nur sein
544 1324 1389 1475 Geld heraus bekommen kann.
1079 1377 2807 1557 Und noch einmal muss ich daran erinnern, dass der weit-
550 1483 2825 1640 aus grössere Teil Ihrer Bücher nur mangsam absetzbar ist, und dass es
553 1608 2710 1752 doch einen wesentlichen Unterschied ausmacht, ob ich eine Auflage in
556 1705 2733 1882 einigen Monaten oder in einigen Jahren verkaufen kann. Dieser Umstand
556 1806 2299 1953 allein ist für die Verrechnung der Tantieme massgebend.
2104 1894 2196 1965 the
1149 1885 2790 2074 Zum Schluss noch einige Worte an die Abwehr der Ham-
2370 1986 2725 2063 iitMimme
567 2042 2843 2142 sterung durch das Sortiment. Die Zeit der Spekulation scheint (wenn nicht
635 2116 1480 2196 3 actes de la nouvelle. — Lehti ai-
567 2136 2763 2266 eine weitere starke Markverschlechterung kommt - zu sein, wo der
570 2240 2772 2373 Sortimenter in der Lage ist, grössere Vorräte aufzustapeln. Auch haben
567 2331 2784 2479 die Sortimenter sich st stark eingedeckt, dass sie erst tüchtig verkau¬
570 2414 2713 2580 fen müssen, um wieder Geld in die Hand zu bekommen. Im Monat Dezember
570 2541 2748 2698 haben wir Kürzungen nicht mehr vorgenommen, schon deshalb nicht, weil
1404 2621 1738 2698 praktisch
579 2642 2840 2766 wir gefunden haben, dass es keinen Zweck hat. Die Sortimenter haben dann
579 2748 2831 2857 eben anstatt einmaliger grösserer Bezüge, wiederholt kleinere Bezuge ge-
573 2857 2825 3050 macht. Uns ist daraus nur eine Mehrarbeit und Mehrkosten für die Expedi-
582 2988 1073 3106 tion erwachsen.
1164 2973 1534 3112 schliesse.
1037 3020 2849 3206 Ich schicke meinen etwas lang geratenen Brief einstueilen
742 3109 1215 3239 dem Wünsche
582 3153 2961 3327 mit den Wünschen, dass wir über die schwierigsten Dinge hinweggekommen sein
573 3280 827 3351 mogen
585 3277 2210 3431 und mit herzlichen Wünschen für das neue Jahr,
1442 3354 2385 3516 Herzlichst Ihr
2104 3454 2636 3676 Fische
