3224 3865
1520 140 1658 261 1414
1104 194 2453 382 FISCHER/VERLAG
688 318 2754 461 Bunkkonto: Deutsche Bank, Depositenkasse P Berlin / Postscheckkonto. Berlin 1662
1127 441 2299 565 BERLIN W 57 / BULowSTRASSE 90
1321 517 2105 674 Fernruf: Lützow 1662, 6162 und 9292
2192 523 2546 688 23/X. 1918
924 792 1798 986 Herrn Dr. Arthur Schnitzler
1796 865 1959 1062 Wien
680 1062 1144 1228 Lieber Freund,
787 1169 2703 1357 wir drucken von Ihren Gesammelten Werken von der ersten Serie
655 1301 2796 1470 5 Auflagen, von der zweiten Serie 4 Auflogen. Anfang nächsten Monats
666 1419 2773 1568 wird das Werk fertig sein. Die Kalkulation hat ergeben, dass dieses
658 1529 2920 1669 Werk bedeutend im Preis erhöht werden muss: die erste Serie von 3 Bänden
658 1619 2891 1770 gebunden auf 20 Mark, die zweite Serie von 4 Bänden gebunden suf 25 Mk.
660 1745 2818 1855 Es hätte keinen Zweck, auch eine broschierte Ausgabe der Gesammelten
663 1796 2883 1981 Werke herzustellen, da Gesamtwerke erfahrungsgemäss broschiert nur we-
658 1942 2841 2099 nig verlangt werden. Die bedeutende Preiserhöhung ist notwendig, weil
663 2037 2897 2175 der Grundfriedenspreis von 10 resp. 12 Mark ausserordentlich billig war
669 2138 2875 2279 und selbst unter normalen Verhältnissen kaum mehr aufrecht zu erhalten
677 2251 2897 2374 wäre. Es kommt hinzu, dass auch eine bedeutende Steigerung der Einband-
663 2318 2830 2478 kosten, die bei den mehrbändigen Sorien wesentlich ins Gewicht fällt,
672 2470 1526 2596 in Rechnung zu stellen ist,
854 2554 2813 2681 Würden wir vom Ladenpreis der broschierten Exemplare ausgehen,
672 2641 2835 2799 so würde bei den heutigen Einhandpreisen jeder Einband mit 2 Mark La-
672 2788 2639 2894 denpreis anzusetzen sein. Daraus würde sich Folgendes ergeben:
798 2861 2346 3004 1. Serie, Preis des broschierten Exemplars 14 Mk.
2127 2965 2352 3102 17 Mk.
787 3001 964 3108 2. „
672 3085 2807 3198 Berechne ich Ihre Tantieme vom Ladenpreis des broschierten Exemplars
683 3201 2849 3333 mit 25 %, so ergibt sich daraus ein Honorar von M. 3,50 für die erste
