3077 3866
588 622 2519 822 S·FISCHER/VERLAG/THEATERABTEILUNG·BERLIN
1234 775 1850 909 W 57. BÜLÖWSTR90
359 788 1662 1034 Herrn Dr. Arthur Schnitzler, Wien
2425 844 2691 1128 19 23
1919 972 2356 1103 Den 7. Mai
1909 1038 2178 1169 G.C.H.F.F:H.H
366 1009 1303 1203 Sehr verehrter Herr Doktor,
1269 1100 2738 1303 es wird mich sehr freuen, Sie nächster Tage
347 1247 2747 1453 in Berlin wiederzusehen und die Angelegenheiten, die Ihr letzter Brief
338 1384 2656 1525 berührt, persönlich mit Ihnen zu besprechen. Ihrer Anfrage nach den
297 1503 2738 1662 Frs. 1342.— fällt mir allerdings die Zahl auf. In unserer letzten Ab-
372 1659 2778 1803 rechnung waren Ihnen für " Lebendige Stunden ",,Paracelsus", "Komtesse
319 1731 2828 1916 Mizzi " und " Abschiedsspuper" Frs. 1372.— verrechnet, die mit den 1342.
369 1884 2681 2062 nach denen Sie fragen, identisch sein müssen. Sollte also nicht ein
378 2000 2853 2172 Schreibfehler Ihrerseits vorliegen, so müsste dieser entweder bei unserer
397 2122 2822 2362 oder bei Ihrer Bank vorgekommen sein. Von unserer schweizer Bank ist uns
