3140 4056
1408 240 1606 385 455
809 341 2412 519 S. Fischer. Verlag. Berlin
708 560 2537 735 Amt Lützow 1662 n. 6162 Theaterabteilung postscheckkonto Nr. 16692
1203 646 2048 732 Berlin W 57, Bülowstraße Nr. 90
1758 705 1846 803 G.P.
1319 753 1986 910 Den 14. Mai 1880.
699 809 919 928 G/Sch.
456 883 554 1005 G.F.P
590 1085 682 1180 G.F.P.
2327 1138 2442 1239 ixx.
691 1076 1861 1286 Sehr geehrter Herr,
471 1177 581 1283 -7G7
1337 1165 2804 1325 vor einigen Monaten erbaten wir von denjenigen
691 1304 2795 1431 Herren Autoren unseres Verlages, die auf evtl. Anträge wegen Ver-
551 1354 643 1470 2s.
699 1423 2783 1553 filmung des einen oder anderen ihrer Werke einzugehen wünschten.
456 1494 2819 1621 die Ermächtigung, Anfragen und Verhandlungen sogleich von hier aus
465 1592 2819 1719 zu erledigen und Abschlüsse durchzuführen. Von fast allen Herren,
702 1672 2821 1790 an die wir unser damaliges Rundschreiben richteten, haben wir in-
465 1701 616 1817 alls'
711 1763 2842 1885 zwischen Vollmacht erhalten und auch bereits in zahlreichen Fällen
554 1805 691 1921 1er
563 1852 2830 1983 die Geschäfte im Namen unserer Auftraggeber geführt. Im Zusammen-
702 1968 2724 2084 hange damit erlauben wir uns nun mitzuteilen, daß vor einigen
498 1977 608 2101 det
708 2024 2747 2152 Wochen die Geschäftsstelle des Verbandes deutscher Filmautoren
691 2128 2833 2247 (weiterhin mit G. d. F. bezeichnet) an uns herangetreten ist, mit
714 2199 2833 2347 dem Vorschlage, unter unserer finanziellen und künstlerischen Kon-
498 2264 682 2368 aen de
498 2321 2839 2439 trolle diejenigen Filmrechte, in deren Besitz wir von unseren Au-
471 2395 2851 2531 toren gesetzt worden sind, bei den Fabriken und Gesellschaften zu
723 2504 2789 2620 vertreten. In der Erwägung, daß unsere bisherige gelegentliche
513 2546 685 2638 after
708 2573 2842 2712 und nur provisorisch von Fall zu Fall arbeitende Tätigkeit auf die
723 2658 2813 2807 Dauer doch nicht ausreichen würde, den von Tag zu Tag steigenden
483 2691 590 2830 and
717 2759 2798 2913 Anforderungen auf dem Filmgebiete zu genügen, haben wir uns, an-
554 2804 702 2916 afle.
726 2863 2810 2970 geregt durch den Antrag der G. D. F. entschlossen, unseren Film-
593 2934 2860 3085 vertrieb weiter auszubauen und zu systematisieren. Danach soll in
599 3029 2860 3183 Zukunft die G. D. F. soweit unsere Außenvertretung bilden, als wir
533 3136 2839 3284 im Einverständnis mit unseren Autoren Bücher zur Verfilmung frei-
593 3230 2824 3402 geben, wohingegen der Verlag durch eine der Theaterabteilung an-
2066 3361 2747 3503 Sollten wir an diesem Tag noch keine
613 3382 1701 3545 Die oben genannten Bedingungen haben Sältigkeit bis zum
625 3488 2744 3625 entscheidende Antwort erhalten haben, so nehmen wir an, daß wir über das in Frage stehende Werk anderweitig verfügen können
510 3521 622 3639 G. a».
