3160 3913
1900 210 2524 400 VERLA
1134 220 1860 417 CHER!
796 371 2752 532 sche Bank, Deponirnkasse P in Berlin / Postscheckkonto Berlin Nr. 1662 — — Perasprech-Anschlusses, Amt. Lützow Nr: 1662 und 6/62
2072 484 2612 591 Berlin W 57, Bülowstraße 90
2118 551 2510 669 11/10. 1917
1365 661 1462 774 2
720 825 2838 986 (Versendung von Probeheften) möglichst wieder auf den alten Abonnen-
726 935 2849 1102 tenstand zu bringen. Das hat sich als unmöglich erwiesen, schon weil
723 1051 2798 1209 uns das Papier dazu nicht bewilligt wurde. Ich bin also gezwungen,
723 1140 2881 1306 mit der durch den Ausfall des Auslands bedeutend amputierten Abonnen-
731 1239 2744 1432 tenzahl weiter zu wirtschaften, und da muss ich nun freilich bei
734 1363 2811 1535 dem einheitlichen Satze von 250 Mark pro Druckbogen für alle Mitar-
736 1470 2730 1626 beiter einstweilen stehen bleiben. Eine Ausnahme kann ich nicht
736 1586 2774 1709 machen, und so werden wir es uns, sehr zu uunserm Leidwesen, ver-
744 1656 2636 1849 sagen müssen, Sie um den Vorabdruck Ihrer Novelle zu bitten.
865 1771 2744 1943 Ich bin sehr gespannt auf die Wirkung von "Fink und Flieder-
726 1876 2741 2045 busch.“ Es gibt möglicherweise einen ganz grossen Erfolg, trotz
747 1965 2679 2147 des voraussichtlichen Widerspruchs der Presse, die in unserer
758 2061 2185 2255 politisch bewegten Zeit sehr empfindlich ist.
1029 2174 2395 2373 Kommen Sie zur Aufführung auch nach Berlin?
1285 2276 2005 2459 Mit herzlichen Grüssen
1997 2381 2123 2513 Ihr
1790 2521 2368 2701 fische
