3069 4072
524 428 2706 688 S. Fischer/Verlag/Berlin W 57/Bülowstraße 90.
1156 614 2331 767 2: Amt Lützow Nr. 1082. 6162 und 9222 / Postschalkosto: Berlin Nr.: 160
1221 682 1993 815 THEATERABTEILUNG
1418 730 2416 930 Berlin, den 30. Oktober 1924
629 1142 848 1288 Herrn
970 1249 1717 1387 Dr. Arthur Schnitzler
1852 1328 2125 1471 wien
643 1556 1528 1703 Sehr geehrter Herr Doktor,
1547 1638 2844 1773 Ihrem Schreiben vom xxx 27. ds. lag der
634 1753 2692 1886 Brief von How & Enrico Raggio nicht bei und hir bitten, ihn
648 1880 2844 2004 freundlichst nachträglich einsenden zu wollen. H & R. sind unter-
640 1973 2850 2103 dessen auch an uns herangetreten und wir werden die Angelegenheit
626 2077 2607 2241 zu Ende führen, wenn wir das fehlende Schreiben erhalten.
1319 2162 2791 2314 In Wochenschriften ist unseres Wissens noch
640 2306 2906 2418 keine Werner Kritik erschienen, aber wir nehmen an, dass sie wie ge-
645 2416 2717 2554 wöhnlich mit einiger Verspätung auftauchen werden, wie es bei
637 2557 2729 2678 Polgar gewöhnlich der Fall zu sein pflegt. - Nach Stuttgart
643 2627 2379 2799 haben wir nochmals wegen des Vortrages geschrieben.
1376 2720 2027 2884 Mit besten Grüssen
1846 2838 2351 2946 S. FISCHER. VERLAG
1880 2912 2320 2971 AKTIENGESELL SCHAFT
1829 2937 2371 3053 THEATERABTEILUNG
1838 3013 2230 3168 Dkllearil
