3035 3943
1250 252 1427 402 634
549 381 2590 549 Fischer/Verlag/Berlin W 57/Bülowstraße 90.
372 414 498 629 3.
668 525 2341 650 konto; Deutsche Bank. Depositenkasse P in Berlin / Postscheckkonto: Berlin Nr. 16692
839 591 1604 746 Fernsprechanschlüsse: Amt Lützow Nr
1646 582 2020 770 6162-6164
2164 755 2755 866 Den 13. Okt. 1923.
390 782 573 962 Fl./E.
1882 785 2029 932 G.H.F.P.
600 821 1022 953 im etc. ein.
773 920 962 1070 Herrn
1727 911 2467 1067 xxx gedostig oder xxx
1013 947 1199 1058 G.H.F.P.
264 944 755 1088 Ilew. zuverwdos
1091 1028 1784 1148 Dr. Arthur Schnitzler
1745 1073 2014 1157 en même.
273 1028 1199 1202 . xxx xxx
2083 1034 2428 1187 Wien XVIII
2047 1184 2155 1232 G.F.P.
267 1145 1921 1259 konnte jagogs nossim tiv.Hernitux nennlzw notmeri onie
1966 1172 2614 1343 Sternwartestrasse 71
294 1238 2134 1373 tad arwie jede ans xxxam xxx.nedoges dass xxxs.xos
1091 1343 1900 1469 Lieber Freund,
881 1364 983 1466 G.C.P.
495 1346 749 1463 G.H.F.P.
534 1433 2710 1574 die ideale Honorar-Methode wäre natürlich die der Friedenzeit:
387 1571 2680 1685 Vorauszahlung der gedruckten Auflagen. Aber das ist ja nicht möglich, ab-
396 1664 2698 1819 gesehen davon, dass es kein kapitalkräftiges Unternehmen gibt, welches im
402 1781 2692 1912 Stande wäre, die enormen Summen aufzubringen, so verbietet sich ja dieser
393 1864 2785 2029 Modus auch durch die völlig unübersehbaren Absatzverhältnisse, die uns einen
408 1945 2695 2131 schönen Tages vor das Nichts stellen können. Es wird täglich schwieriger,
405 2074 2644 2218 mit einer Wahrung zu arbeiten, die uns täglich vor neue Ueberraschungen
411 2158 2638 2329 stellt. In den letzten vier Tagen ist die Schlüsselzahl von 200.000.000
417 2269 2713 2452 auf 800.000.000 gestiegen, und heute beträgt sie bereits 1.100,000,000. An
414 2419 2617 2536 solchen Sprüngen scheitert jede Vorausberechnung, Wenn wir nun bei der
417 2479 2743 2641 Abrechnung von dem Erlös bleiben, so haben beide Teile die Sicherheit, dass
420 2578 2827 2734 alle Schlüsselzahlen sich automatisch auswirken. Andererseits aber sind diese
420 2689 2686 2872 Ausrechnungen immerhin so zeitraubend, dass wir nur alle 3-4 Monate eine
420 2794 2791 2965 Abrechnung geben können. Wir müssen xxx, um Sie vor Entwertung zu schützen
423 2914 2734 3078 Ihnen monatliche à conto-Zahlungen machen. Sie sind nun freilich nicht so
432 3003 2527 3216 leicht zu taxieren, aber im ganzen muss es eben doch funktionieren.
794 3117 2728 3246 Ich überweise Ihrem Konto bei der Bank für auswärtigen Handel
435 3201 2707 3408 100 Milliarden Wegen der Valutazuschläge gibt es eine sehr komplizierte
435 3336 2755 3510 Rechnung, wenn wir alle kleinen Valutabeträge erfassen sollen. Für Oester-
435 3486 2755 3663 reich ist das verhältnismässig einfach, weil wir in oesterreichischer Wäh-
