3268 4120
1533 323 1671 509 54
910 422 2497 659 S. Fischer. Verlag. Berlin
847 581 928 698 r.
2476 623 2602 739 auch die
772 695 2629 850 Amt Lützow 1662 u. 6162 Theaterabteilung postscheckkonto Nr. 16692
1114 769 2296 868 Bankkonto: Deutsche Bank Depositenkasse P in Berlin
1156 838 2353 985 Berlin W, Bülowstraße 90, den 12. 1. 191 26
563 1042 781 1206 Herrn
871 1180 1605 1347 Dr. Arthur Schnitzler
1700 1281 1979 1413 Wien
1712 1392 1967 1473 ======== ̃
2209 1455 2302 1587 G.F.P.
560 1416 1494 1617 Sehr verehrter Herr Doktor,
1488 1524 2841 1700 in unserem Generalvertrag mit Herrn von
569 1638 2868 1796 Ompteda ist vorgesehen, dass während der Dauer eines Jahres, für das
557 1802 2952 1925 er zunächst abgeschlossen werden soll, Herr von Ompteda sich verpflich-
557 1847 2862 2018 tet, mindestens vier Stücke, unseres Verlages zu placieren. Wenn wir
296 1892 515 2123 b2/2
551 2018 2955 2132 nun festlegen wollen, dass von diesen vier Stücken ein oder zwei solche
548 2078 2895 2248 von Ihnen sein sollen, tun wir sicherlich Herrn von Ompteda nur einen
548 2191 2670 2386 Gefallen, da er Ihre Stücke leichter anbringen wird als andere.
542 2308 2877 2440 Wenn während der Dauer des Verträges andere Interessenten sich direkt
533 2407 2919 2554 an den Verlag wenden sollten, so würden wir sie allerdings dem General-
536 2551 2778 2694 vertreter überweisen, aber Sie können sich denken, dass wir solche
536 2646 2832 2766 Angelegenheiten trotz des Bestehens einer Repräsentanz so viel Auf -
521 2742 2778 2889 merksamkeit zuwenden würden, dass wir eine Sabotage durch den Ver-
536 2874 2841 2997 treter nicht gestatten würden. Ich glaube aber, dass, wie im vorlie
515 2934 2898 3155 genden Falle es leicht sein wird ein Einvernehmen zwischen dem dritten
518 3060 2871 3242 Interessenten und dem Vertreter zu erzielen, wobei dieser Interessen
500 3194 2874 3341 in ähnlichem erhältnis uns gegenüber stehen würde, als beispielsweise
497 3296 2817 3500 ein Theaterunternehmer. In übrigen glaube ich Ihnen schon mitgeteilt
