3130 4008
2195 627 2405 744 44q
1337 555 2088 746 Butverveitn
908 675 2393 818 S. Fischer Verlag Berlin
917 866 2386 963 Amt Lützow 1662 u. 6162 Theaterabteilung postscheckkonto Nr. 16692
1314 931 2010 1043 Berlin W 57, Bülowstraße Nr. 90
883 934 999 1041 G.C.H.F.F:F:P:
1037 942 1268 1055 as pai:
1301 1032 2014 1146 Den 25 Februar 1919
923 1169 1049 1312 G/K
1119 1201 1222 1308 G.C.F.P.
1013 1316 1869 1489 Herrn Dr. Arthur Schnitzler
2128 1341 2393 1451 Wien
1007 1592 1846 1726 Sehr geehrter Herr Dekter,
1751 1732 2500 1854 wir erlauben uns, Ihnen
881 1833 2491 1974 in der Anlage einen kleinen Schriftsatz zu überzen-
1573 1934 1718 1989 nach
875 1976 2466 2075 den, in welchem wir, nechmaliger Durchsicht
875 2050 2485 2149 unserer früheren Kerrespondenzen, sämtliche Sonder-
875 2142 2523 2279 wünsche zusammengestellt haben, die Sie hinsichtlich
875 2275 2481 2365 des Vertriebs Ihrer Werke äusserten, mit der Bitte,
875 2344 2515 2475 diesen Schriftsatz durchzusehen und uns gefl. mitzu-
875 2491 2550 2603 teilen, ob darin alles Ihnen Wünschenswerte enthalten
866 2555 2496 2691 ist. Wir heffen, auf diesem Wege durch eine Sammlung
873 2679 2437 2824 der in den vielfachen Kerrespendenzen enthaltenen
873 2784 2374 2939 Wünsche, endlich ein einheitliches Regulativ zu
860 2897 2552 3032 schaffen, dass für die Zukunft Missverständnisse jede
1808 2977 1926 3055 dem
870 3015 2552 3145 Art ausschliesst. - Dass wir mit Hamburger Schauspiel
