3096 3993
1289 306 1389 457 71
357 369 2540 646 S. Fischer/Verlag/Berlin W 57/Bülowstrasse 9o.
934 551 2246 672 blüsse: Amt Lützow Nr. 1669. 6162 und 9292/ Postscheckkonto: Berlin Nrl. 16892
1072 637 1863 752 THEATERABTEILUNG
1037 700 2055 866 Berlin, den 25. November 1924
511 1000 726 1172 Herrn
832 1029 1589 1269 Dr. Arthur Schnitzler
1709 1163 1969 1340 Wien
520 1314 1454 1566 Sehr verehrter Herr Doktor,
1474 1389 2637 1614 Kopenhagen hat nun leider doch die
537 1554 2680 1740 "Komödie der Verführung" ohne wertere Begründung abgelehnt, ob -
540 1680 2677 1826 wohl wir auch ein eingestrichenes Exemplar dahin gesandt haben.
546 1800 2552 1926 Wir müssen auch dafür das Interesse noch reifen lassen. Die
540 1883 2560 2069 reklamierten 12 Exemplare " Komödie der "erführung" die am
549 1989 2697 2195 18. 12. an Sie abgegangen sind, sind wohl unterdessen bei Ihnen
554 2109 2852 2275 eingetroffen. Herr Hartung hat über seine Absichten wegen "Komödie
566 2195 2729 2397 der Verführung" auch an uns direkt nichts verlauten lassen, so-
551 2312 2820 2512 dass wir ihn neuerdings aufgefordert haben, sich hierzu zu äussern.
551 2417 2660 2629 An How & Raggio sind wir wegen des Abschlusses herangetreten,
557 2557 1935 2772 aber bisher noch ohne Antwort geblieben.
1372 2683 2017 2863 Mit besten Grüssen
1717 2832 2169 2955 Ihr ergebener
1932 2820 2446 2972 S. FISCHER. VERLAG
1966 2943 2406 3023 AKTRENGESELISCHAFT
1935 2952 2475 3103 THEATERABTEILUNG
2029 3058 2463 3260 Dumard.
