3070 4183
1566 341 1662 479 4
899 447 2376 598 S. Fischer Verlag / Berlin W57 Bülowstratze 90
1312 553 1959 618 AKTIEN GESELESCHAFT
637 657 2618 761 Bankkonto: Deutsche Bank, Depositenkasse P in Berlin / Postscheckkonto Berlin Nr. 16692
1077 724 2201 790 Fernsprechanschlüsse: Amt Lützow Nr. 6162 bis 6164
1074 771 2191 887 Telegramm-Adresse: Fischerverlag 6162 Berlinlützow
613 944 709 1047 Si.
2218 941 2623 1104 14. Mai 29
1055 1149 1966 1289 Herrn Dr. Arthur Schnitzler
2248 1260 2435 1398 Wien
894 1405 1759 1541 Sehr geehrter Herr Doktor,
894 1551 2584 1677 wir erlauben uns, Ihnen inliegend ein Schreiben der
860 1665 2774 1818 Firma Alois Srdoe, Prag zu überreichen und bitten Sie, uns
857 1801 2673 1894 freundlichst wissen zu lassen, ob Sie direkt verhandeln
862 1899 2631 2020 wollen, oder ob wir eventuell abschliessen sollen. Die
855 1978 2685 2112 genannten Beträge erscheinen uns allerdings sehr gering.
978 2087 2682 2233 Sollten Sie uns die Angelegenheit überlassen wollen,
847 2183 2628 2332 so erbitten wir das Schreiben wieder zurück mit Angabe
852 2295 1682 2421 Ihrer Mindestbedingungen.
1588 2376 2524 2524 Mit vorzüglicher Hochachtung
1808 2487 2317 2547 S. FISCHER.VERLAG
1833 2547 2277 2608 AKτIENGESELISCHAFT
1771 2584 2342 2685 AUSLANDSABTEILUNG
1860 2650 2342 2761 i. a. Bl. k.
353 3685 578 3796 4. 29. 3000. V.
