3077 4088
1325 281 1478 432 1718
366 413 2563 618 S. Fischer/Verlag/Berlin M 57/Bülowstraße 9o
847 530 2181 669 schanschlüsse: Amt Lützow Nr. 1662, 6162 und 9292 / Postscheckkonto: Berlin Nr 16
1077 612 1858 738 THEATERABTEILUNG
1052 691 1995 888 Berlin, den 24. Januar 1925
530 1025 749 1208 Herrn
877 1047 1618 1276 Dr. Arthur Schnitzler
1746 1213 2071 1331 Wien
552 1396 1484 1566 Sehr gerehrter Herr Doktor,
1489 1451 2779 1642 das Schreiben aus Polen betr. "Profes-
563 1609 2536 1752 sor Bernhardi" haben wir unserem polnischen Vertreter zur
568 1735 2637 1874 weiteren Erledigung übergeben und zur Kenntnis genommen, dass
568 1839 2653 1970 Sie die Angelegenheit "Fräulein Else" selbst übernommen haben.
1205 1940 2659 2082 Die 50 Millionen sind bei uns eingetroffen.
1210 2049 2817 2189 Herr Fischer erwidert Ihre Grüsse aufs herzlich
585 2159 2681 2301 ste und bedauert sehr, Sie nicht mehr in der Schweiz antreffen
582 2246 2211 2426 zu können, wohin er zu Beginn des Februar fährt.
1219 2358 2730 2489 Ein Schriftsteller Curt Corrinth ist mir vom
596 2443 2705 2656 Nichtlesen bekannt. Er hat einen Roman "Bordell" geschrieben,
590 2596 2702 2738 der s. Zt. wegen seiner Anstössigkeit ein gewisses Aufsehen er-
587 2697 2779 2866 regte. Ueber die literarischen Qualitäten verlautet nichts Gutes.
1197 2776 2746 2948 Indem ich Ihnen noch beste Erholung und ange
596 2943 1929 3101 nehmen Aufenthalt wünsche verbleibe ich
1533 3017 2178 3167 mit besten Grüssen
1874 3096 2394 3224 S. FISCHER, VERLAG
1913 3178 2364 3268 AKTRENGESELL GCHAFT
1866 3230 2418 3350 THEAT LRABTEILUNG
1943 3301 2437 3484 Dr Marie.
404 3331 1459 3541 Die Abrechnung werden
426 3462 1440 3662 he in Wien vorfinden.
