3079 4103
1009 163 1182 309 was
1247 361 1453 534 1866
754 483 2261 626 S. Fischer/Verlag/ A.-G. Berlin W 57
507 672 2505 773 Bankkonto: Deutsche Bank, Depositenkasse P in Berlin/Postscheckkonto; Berlin Nr. 16692
927 740 2093 822 Fernsprechanschlüsse: Amt Lützow Nr. 6162 bis 6164
1320 805 1695 903 Bülowstraße 90
927 824 2099 1003 Telegramm.Adresse Fischerverlag 6162 Berlinlützow
1263 935 1743 1106 Anack
1326 1055 1754 1215 Hjelous
472 1128 605 1212 Si.
1930 1117 2332 1274 15. Mai 28
1475 1185 1952 1366 I am in
827 1347 2096 1497 Herrn Dr. Arthur Schnitzler
2183 1448 2378 1592 Wien
667 1545 1545 1670 Sehr geehrter Herr Doktor,
718 1605 846 1757 100 s
396 1632 681 1849 Ruopf
897 1695 2554 1846 wir hören von Lawrence M. Prince, Berkeley, dass er
569 1800 2603 1911 den "Blinden Geronimo " als Lesetext für die amerikanischen
2174 1884 2394 1944 DATES DES ACTES
534 1909 2559 2014 Schulen demnächst herausgeben will. Wir wären Ihnen dankbar,
2595 1892 2741 2042 wenn
534 1979 2608 2126 Sie uns wissen liessen, ob Sie besagtem Herrn die Rechte dafür
1857 2093 1985 2139 (ouvoir toutes mouvages
537 2109 2608 2248 erteilt haben. Wie Sie wissen, haben wir den „Blinden Geronimo
531 2221 2546 2329 und die " Weissagung" als Lesetext für die englischen Schulen
529 2326 1863 2418 der Birma Bell & Son, London überlassen.
794 2416 2643 2549 Wir wären Ihnen für eine baldige Nachricht sehr dankbar,
526 2549 2700 2660 da Herr Prince noch andere Verlagsfragen an uns gerichtet hat, die
518 2652 2063 2771 wir erst nach Ihrer Antwort erledigen möchten.
710 2752 1507 2863 Wir empfehlen uns Ihnen
1434 2839 2844 3037 mit vorzüglicher Hochachtung i herten Enden
1654 2942 2172 2999 S. FISCHER, VERLAG
1684 2988 2128 3053 AKTRENGESELISCHAFT
1613 3037 2199 3175 AUSLANDSABTEILUNG
1930 3137 2348 3297 Dr Chine
