2903 3991
962 273 1148 375 5,28
262 393 2434 625 S. Fischer/Verlag/Berlin W 57/Bülowstraße 9o.
1884 613 2448 744 Postscheckkonto Nr. 16 692
256 645 1698 779 Amt Lützow 1662, 6162, 9292 Theaterabteilung
285 724 2428 904 Jlsdoalleaegnereimdoa Tenie weaass wasged eidmeand nied melbäß
1454 788 2093 878 Am 8. Nov. 192 1
427 829 2434 1003 mebsdorf ober Hol. Jsdennemmaals stiftmak venies aus doin eib
480 942 2442 1119 edonsam heieb, helei 18 meHositma###erp nenies nov Jglolæv
337 991 456 1105 G:C:H:S:
250 1047 2422 1189 Herrn geb,nelendnie ogst nenbielz me meiech b### melews os gillew
416 1093 2442 1259 Dr. Arthur Schnitzler¬
363 1204 2439 1381 Ja abnehnebedebnim lewa nie Wxxnensgnxxnflück aab.Ihve mdi
282 1308 2448 1477 edselfeldanum ebnedolepana Te allki, selben xx mdi mu mesaslvedb
2041 1396 2436 1509 des Heidsre
276 1439 1160 1614 Sehrverehrter Herr Doktor,
1462 1428 1875 1550 . D.F.P.F:F.
1291 1428 1416 1556 G.H.F.P.
989 1497 1178 1582 G.C.H.F.S.
849 1506 936 1573 G.H.
1140 1497 2448 1657 dieser Tage ist von Samst augh an Herrn
741 1544 1148 1686 G.C.H.F.S
291 1614 2521 1765 Fischer ein langwieriger Brief gelangt, der über die Behandlung die
387 1582 486 1686 G.C.F.P.
288 1710 2364 1890 Samst zuteil geworden sei lebhafte Klage führt. Es scheint mir
285 1747 494 1835 ihm
291 1823 2466 1983 daher endlich doch notwendig, Ihnen diesen leidigen Fall von mir
291 1896 2480 2090 persönlich darzustellen und Sie zu bitten, mir behilflich zu sein
308 2003 2573 2189 damit ein Ende zu machen. Ich habe Samst seinerzeit das Aufführungs-
311 2120 2544 2303 recht des xxx für Chemnitz gegeben, weil ich durch das Gast-
317 2224 2530 2410 spiel des Kleinen Theaters in Leipzig, das für diese Aufführungen
326 2291 2640 2524 vorgesehen war,, trotz des an sich minderwertigen Charakters der Samst
323 2425 2614 2634 schen Bühne die Sicherheit einer anständigen Bühnen besass. Samst hat
329 2570 2596 2719 aber nicht nur die Aufführungen zu einer Reklame für eine Paradien
337 2649 2652 2835 bettenfabrik benutzt, sondern, wie ich seit langem gerüchtweise hörte
352 2768 2620 2942 und nun ausdrücklich bestätigt bekommen habe, nachdem er einige Zeit
355 2855 2562 3065 vertragemässig gespielt hatte, eine Aufführung des Reigen in einem
352 2980 2657 3143 grossen Saal» verbunden mit Konzertvorträgen bei Tabak und Bier gegen
363 3088 2625 3280 ein Eintrittsgeld aufgeführt. In den Zwischenpausen wurde serviert.
361 3198 2695 3361 Ferner war mir bekannt, dass Samst für fernere Aufführungen in anderen
1122 3291 2527 3428 ein diesders modom xxxn Jnieden siiänredoloe
375 3355 718 3457 G.H.F.P.
1070 3387 2541 3565 GedT seb schreibe seiknub dann neacltsmedeixo
361 3541 567 3754 R. 1000.0.20.
