3175 3991
1331 185 1522 326 zes
872 285 2362 432 S. FISCHER / VerLAG
605 417 2656 570 Bankkonto: Deutsche Bank, Depositenkasse, P Berlin, Postscheckkonto. Berlin 16 j^2
1043 488 2203 617 BERLIN W 57, BÜLÖWSTRASSE 90
1243 567 2006 679 Ferneuf: Lützow 1662, 6162 und 9292
2159 690 2735 846 10. April 1918
588 752 776 937 F/Si.
1069 899 1989 1055 Herrn Dr. Arthur Schnitzler
2262 1005 2453 1125 Wien
778 1166 1298 1307 Lieber Freund!
802 1298 2970 1486 Wenn ich in meinen Briefen von österreichischen Autoren gesprochen
667 1404 2905 1586 habe, so ist das nur im Zusammenhang mit der Möglichkeit der Papier-
676 1501 2973 1674 beschaffung in Oesterreich ausschliesslich für die Zwecke Österreichi-
2747 1583 2864 1630 au moins ou une autre ville
676 1627 2838 1751 scher Autoren zu verstehen. Es ist ein Irrtum von Ihnen, dass die
673 1701 3034 1886 Kriegswirtschaftsstelle, oder dass wir jemals einen Unterschied zwischen
690 1827 2970 1971 deutschen und österreichischen Autoren gemacht haben. Die Kriegswirt-
687 1892 2993 2077 schaftsstelle weiss nicht einmal, dass österreichische Autoren bei mir
696 2024 2876 2183 erscheinen, das würde sie auch garnichts angehen, denn ich bekomme
693 2130 2935 2274 mein Papierkontingent für meinen Verlag zugeteilt und nicht für ein-
702 2230 2852 2388 zelne Autoren. Unabhängig davon haben sich einzeln Autoren durch
708 2288 3034 2509 besondere Protektion darum bemüht, für ihre Bücher ein Extra-Kontingent
708 2423 3064 2603 zu bekommen; das ist in zwei Fällen gelungen. Da ich den Namen Hauptmann
705 2532 3049 2720 im Zusammenhang mit den Gesammelten Werken nannte, so sei bemerkt, dass
708 2673 2156 2826 Hauptmann damit bisher keinen Erfolg hatte.
817 2700 2905 2890 Es bedurfte demnach nicht der ausdrücklichen Versicherung, dass
720 2832 2958 3011 österreichische Autoren den deutschen gegenüber nicht zurückgestellt
720 2940 2926 3140 werden. Diese Bemerkung stand in meinem Brief, der an Zifferer, be-
726 3064 2923 3214 ziehungsweise an die Adresse Prinzhorns gerichtet war. Eine perzen-
731 3149 2879 3296 tuelle Verteilung des Papiers war im Verhältnis zum Verbrauch des
737 3237 3005 3419 vorigen Jahrs für die einzelnen Autoren zu verstehen, das regelt sich
