3154 4056
1292 296 1414 413 n e
1214 368 1423 499 464
463 368 2643 649 S. Fischer/Verlag/Berlin W 57/Bülowstraße 90
789 565 2419 706 ckonto: Deutsche Bank. Depositenkasse P in Berlin / Postscheckkonto: Berlin Nr. 16692
969 634 2141 777 Fernsprechanschlüsse: Amt Lütsow Nr. 1662, 6162 und 9292
1860 736 2353 918 25. Juni 1920
419 822 628 966 K/St.
795 930 1701 1094 Herrn Dr. Arthur Schnitzler
1946 1026 2087 1145 Wie
610 1190 1477 1357 Sehr geehrter Herr Doktor,
616 1268 2503 1444 wir beabsichtigen von Ihrer Hovelle „ Casanovas Heimkehr,
1842 1366 2817 1486 fessor Hans Meid herzustellen.
457 1408 1854 1564 einen Luxusausgabe mit Zeichnungen von Pro
1839 1459 2144 1525 cʼest une lettre de lʼannée avec lisé
457 1498 2805 1618 Dieses Buch soll nur in einer ganz kleinen Auflage in den Handel kommen
927 1501 1250 1579 receu aveu ae e e
466 1600 2867 1728 und besonders schön ausgestattet werden. Wir hoffen, dass Sie über diesen
460 1683 2769 1854 Plan erfreut sind und möchten um Ihre freundliche Einwilligung bitten.
559 1770 2646 1946 Gleichzeitig möchten wir bemerken, dass die Honorierung solcher
472 1872 2805 2033 einmaligen Vorzugsausgaben ausserhalb unserer vertraglichen Abmachungen
478 1982 2724 2183 erfolgen muss. Die ungeheuren Herstellungskosten, die erinderartiges
475 2102 2820 2266 Buch verlangt, zwingen uns, die Tantieme auf 10 % festzusetzen. Da der
487 2183 2787 2347 Verkaufspreis des Buches ein ziemlich hoher ist, fällt auf diese Weise
481 2290 2727 2470 für den Autor doch ein erheblicher Gewinn ab. Auch hierzu bitten wir
478 2431 1570 2592 um Ihre freundliche Einwilligung.
1522 2452 2467 2640 Mit vorzüglicher Hochachtung
1794 2607 2377 2748 P.S. FISCHER.VERLAG
1908 2688 2380 2835 Dr. R. Kayser
446 3690 685 3857 R. 21. 10000. 5. 20
