3341 4152
1383 320 1590 504 812
784 461 2356 673 S. Fischer / Verlag / A.=G.=Berlin W 57
1361 625 1884 735 Theaterabteilung
628 702 2600 818 Bankkonto: Deutsche Bank, Depositenkasse P in Berlin / Postscheckkonto; Berlin Nr. 16692
1078 761 2170 826 Fernsprechanschlüsse: Amt Lützow Nr. 6162 bis 6164
1032 812 2206 939 Telegramm - Adresse: Fischerverlag 6162, Berlinlützow
1448 863 1802 976 Bülowstraße 9o
653 837 900 1001 Ma/Ro.
1915 883 2518 1049 den 13. Juni 1927.
863 1061 1061 1174 Herrn
1157 1069 2266 1228 Dr. Arthur Schnitzler,
2464 1117 2750 1233 W i e n
1106 1327 2011 1485 Sehr verehrter Herr Doktor!
973 1488 2956 1615 Ich schreibe Ihnen zunächst bezüglich des "Gang zum Weiher".
679 1604 2778 1731 Ich habe mich unterdessen an das Hamburger Schauspilehaus wegen
685 1709 2846 1836 detailierteren Vorschlägen gewandt, doch bestehen auch neuerdings
685 1791 2902 1952 in Berlin wieder Möglichkeiten. Die eine ist durch Hartung gegeben,
1519 1895 2936 2042 Westens übernimmt und dem ich das Stück auf
685 1932 1530 2065 der hier das Theater des
696 2017 2849 2136 seinen Wunsch gegeben habe; sein Ensemble steht jedoch noch nicht
687 2130 2874 2235 fest, sodass ich die Möglichkeiten noch nicht überprüfen kann. Die
690 2238 2744 2345 zweite Möglichkeit wäre das allerdings kleine aber entzückende
690 2322 2789 2436 Renaissance-Theater, das Tagger leitet und mit dem Frau Kinz in
690 2396 2965 2549 Engagement-Verhandlungen steht. Hier entstehen allerdings Schwierig-
690 2520 2899 2645 keiten wegen der Regie, denn man kann sie Tagger nicht anvertrauen
702 2642 2939 2764 und andererseits seinen Ehrgeiz, selbst Regie zu führen, schwer ein-
702 2752 2792 2857 dämmen. Ich werde /Ihnen über die Entwicklung dieser Dinge noch
702 2846 1242 2987 Nachricht geben.
919 2933 2800 3066 Auf die Beantwortung der anderen Fragen komme ich noch
702 3055 959 3211 zurück
1737 3078 2526 3213 Mit ergebensten Grüssen
2037 3199 2170 3301 Ihr
1881 3318 2373 3474 Dnslven
