3050 3800
1279 412 2243 496 nilreff ni G xxxdastiroqo [.Ausfl adbeiuKl sotnod
1281 477 2052 583 xyz xxx im A: xxx xxx
662 491 2431 679 Die Auslandspreise für die einzelnen Länder wurden im
578 628 2655 735 der Weise geregelt, dass der Verlag Auslandspreise in Schweizer
558 704 2734 866 Franken festsetzte, die nach einem vom Börsenverein festgesetzten
572 819 2563 964 Umrechnungsschlüssel in die Währung der einzelnen Länder um-
566 908 2535 1093 gerechnet wurden. Ueber die Entwicklung dieser Umrechnungs-
580 1032 2593 1169 schlüssel, die, je nach dem Valuenstand der Währungen, Schwan-
437 1107 2689 1295 lej kungen unterworfen waren, unterrichtet eine beigelegte Tabelle./
578 1228 2739 1388 Der Umrechnungsschlüssel ist so zu verstehen; dass beisünelsweise
583 1340 2616 1464 die Bezeichnung "Jugoslavien/500" bedeutet, dass 100 Franken -
1169 1436 1447 1514 de la foisse de
561 1427 2512 1581 1500 Dihar zu setzen sind, bezw. ein Buch, dessen Schweizer
852 1447 950 1520 G.H.F.P
586 1539 2540 1663 Frankenpreis 1 Fr.betrug, kostete 5.00 Dinare. Die Schweizer
435 1539 564 1665 G.H.F.P.
1293 1651 1388 1713 D'Orn
592 1635 2585 1766 Frankenpreise selbst unterlagen gleichfalls Aenderungen, und
479 1657 569 1755 G.F.P.
1315 1744 1427 1817 G.H.F.P.
594 1775 2549 1879 zwar galten bis 23.7. die in beiliegendem Verzeichnis „Aus-
482 1738 594 1867 G.F.P.
502 1853 2650 1963 landspreisen/genannten Preise als Auslandspreise, und ab 10.12.
367 1831 474 2002 P.S.
550 1977 2683 2097 Adie Preise unserer weissen Grundzahlenliste, Seit Mitte Septem-
308 1960 513 2103 1o0.99
597 2058 2622 2198 ber ist die offizielle Umrechnungstabelle für das Ausland den
407 2089 586 2170 J.F.L.P.
1893 2139 2187 2209 Gouvernement était étal
1567 2148 1727 2221 de la compte.
606 2195 2582 2285 Börsenkursen ziemlich genau angenähert, während sie vor die-
1001 2249 1744 2333 3 actes de la nouvelle ses aveccembres de la rue de la
611 2243 2619 2383 sem Zeitpunkt bei manchen Ländern, insbesonders den mittelva-
611 2355 2652 2498 lutigen, auch auf die innere Kaufkraft der Währungen Rücksicht
328 2355 617 2473 de toutes se
611 2487 2664 2605 nahm, mit anderen Worten, es wurde in einigen Ländern billiger
381 2490 578 2599 G.H.F.P.
620 2591 2627 2708 verkauft, als es bei Berechnung in Schweizer Franken der Fall
614 2658 2568 2809 gewesen wäre. Wenn wir nun sämtliche Exemplare in Schweizer
350 2767 597 2919 décembre
620 2762 2706 2910 Franken verrechnen, so lassen wir den Autor an diesen Verlusten
1035 2899 1200 2952 G.C.F.P.
614 2910 2607 3020 durch unterwertige Verkäufe nicht teilnehmen. Wir haben auch
1935 2966 2198 3042 beogereu
350 2994 538 3112 szeid
620 2969 2664 3112 zugunsten des Autors die erhöhten Dezemberpreise schon ab 1.12
1960 3079 2588 3213 Wirksamkeit traten.
625 3084 1707 3224 verrechnet, bowohl sie erst am 10.
1890 3174 2714 3311 blauen Bücherverzeich. /
892 3191 1806 3331 3.7. galten die Preise unsere
788 3297 1099 3440 isses %
280 3280 381 3407 P.P.
