2938 3943
1709 281 1961 442 .1.
407 489 2634 717 innerhalb der von Herrn Scholz genannten Städte ernsthaft in Frage
410 609 2701 813 kommt, ist Lübeck, Dort aber stehen wir mit dem Stadttheater bereits
418 723 2710 936 direkt in Unterhandlung, die wir zumindest nicht durch dieses andere
421 822 2531 1033 Projekt unterbrechen möchten. Dass die Kammerspiele in Hamburg
433 945 2619 1150 das Stück für Gross- Hamburg haben, ist unrichtig. Trotzdem würde
263 960 375 1065 G.H.F.P
430 1083 2596 1247 es uns Ziegel als eine Illoyalität anrechnen, wenn wir ihn durch
436 1162 2654 1378 Aufführungen in den hamburgischen Vororten, das Publikum abziehen.
208 1165 337 1308 . V.
875 1296 2429 1460 Die ärgerliche Angelegenheit " Grosse Szene "
442 1390 2572 1577 Reinhardt-Gastspiel Skandinvien), wird nun hoffentlich in der
486 1516 2613 1688 allernächsten Zeit zum Abschluss gelangen. Fest steht, dass sie
468 1607 2645 1817 Ihnen s. Zt. aus Stockholm überwiesen Kr. 1000.66, die Tantiemen
1873 1712 2625 1855 darstellen. Kopenhagen
468 1738 1838 1917 für die beiden Aufführungen in Stockholm
1138 1829 1721 1914 3 actes de la nouvelle sont avec les mêmes, mais elle
474 1794 2695 2019 und Christiania erklären im Gegensätze zum Deutschen Theater, dass
474 1937 2824 2130 die Tantiemen der dortigen Aufführungen Reinhardt bei den Abrechnungen
644 1969 1004 2037 ̃ ̃
1873 2022 2051 2095 c
480 2043 2634 2236 mit Mebergeben worden seien. Die Gothenburger Tantiemen die das
1609 2136 1873 2209 G.C.H.
486 2145 2607 2361 Deutsche Theater direkt an uns abführen sollte, haben wir trotz
483 2256 2572 2470 Reklamtion von dort noch nicht erlangt. Wir haben daher an die
497 2361 2675 2578 Direktion des Deutschen Theaters nunmehr einen ultimatieven Brief
1943 2470 2675 2575 und Zahlung sämtlicher
1454 2499 2499 2654 ige Abrechnung
506 2534 1428 2686 gerichtet, worin wir endgil
1996 2610 2540 2762 Lisaeildos gebi V
512 2634 1747 2789 Tantiemen binnen einer Woche fordern.
2224 2701 2558 2838 reuduß eib
571 2736 784 2830 ###
1232 2730 2174 2906 Mit vorzüglicher Hochachtung
1475 2844 2558 2938 S. FISCHER, VerLAG
1255 2891 1457 3008 en dernier
1454 2915 2060 2999 THEATERABTEII UNG
1001 2871 1106 2996 G.H.F.P.
881 2909 2543 3099 ev doirig oJtO.nedem xxx edleaasb abnsihbaibel
752 3032 843 3105 G.C.F.P.
1890 2999 2575 3172 G.C.P.
401 3064 1852 3251 .. xxx.
1937 3128 2318 3219 №
413 3131 2581 3339 nnen JHois Tiw exoemä ereand 731 dass angesinnen heheb TIs JhosM
1923 3242 2590 3424 nojdoom nejdoisrev
430 3330 2078 3585 Johos 1111W xxxch gab mal' seb zedl Jnow sie doch
989 3482 2607 3631 sche Teil. gnundeldA müs brie TIV. "negfehl" fim
670 3544 884 3716 dans les
