3079 3704
532 529 1098 707 durchaus unhaltb.
1503 684 2641 842 Medardus " in Kiel anbetrifft, so
526 759 2762 911 glaube ich, dass sich wohl eine Kaution dort wird erlangen lassen,
535 902 2747 1060 dass Sie aber Mk. 2000.— oder auch nur die Hälfte davon betragen
523 1006 2831 1135 wird, halte ich für ausgeschlossen. Ich glaube nicht zu übertreifen,
529 1118 2765 1233 wenn ich sage, dass es heute überhaupt kein Theater in Deutschland
520 1224 2698 1374 gibt, das insgesamt einen Betrag von Mk. 2000.— in seiner Kasse
1733 1319 2230 1391 Tohtod riet rej
2233 1325 2336 1402 G.F.P.
512 1328 2696 1480 hat. Wir haben inzwischen die Verhandlungen mit Kiel aufgenommen
945 1405 1104 1477 G.C.H.F.F:H.D.
1152 1417 1454 1500 G.C.H.F.P.D'H.
512 1454 2724 1589 und werden Ihnen demnächst weitere Mitteilungen über diesen Punkt
514 1520 2555 1644 xxx.8 exaliev maa aus ilxxx.dime dol aaab.nxxx
520 1555 1037 1650 zugehen lassen.
718 1621 833 1664 G.C.H.F.P
463 1615 2221 1730 Kreisährlichxxx xxx werden möglich xxxndm xxx
2428 1641 2586 1744 G.H.F
1115 1644 2609 1782 Indem ich Ihnen einen angenehmen Sommer und
512 1673 2540 1831 lirah.t Du Dir noglondosk nieM. nesnächung nomble jieder noch
509 1793 2759 1877 weiterhin Ihnen das beste Wohlergehen wünsche, bin ich in auf -
813 1851 1032 1920 G.C.H.F.P.P
494 1836 736 1920 G.H.F.P.
1121 1854 2104 1966 Gewandte mich xxx nur xxx
2193 1874 2563 1963 G.C.H.F.D.
509 1888 1161 2017 richtiger Verehrung
839 1957 968 2020 G.H.F.P.
1069 1925 1431 2043 G.C. G.H.F.
1589 1943 2480 2083 Jahann.mede drei xxx
1434 1960 2060 2106 Ihr sehr ergebener
937 2029 1828 2187 sich meinem xxx aus sich seitliche
2086 2037 2173 2193 G.F.P.
2014 2170 2224 2316 Kinsen
667 2221 1414 2382 nodieren xxxnnez
466 2336 2193 2509 P. S. Die Aufführungen "Grüner Makadu " an den Kam
471 2471 1463 2635 " Komödie der Worte" am Scha
1828 2515 2066 2632 Münche
466 2572 1333 2747 Für „ Komödie der Worte „
