3118 4023
940 467 1277 649 Fischer /
592 694 2481 782 Bankkonto: Deutsche Bank, Depositenkasse P in Berlin / Postechenkkonto: Berlin Nr. 166
989 762 2113 864 Fernsprechanschlüsse: Amt Lützow Nr. 6162 bis 6164
1362 807 1753 906 Bülowstraße 90
1037 836 2054 1028 Telegramm.Adresse: Fischerverlag 6162 Berlinlütz
858 1099 1048 1266 Herrn
1207 1136 2252 1328 Dr. Arthur Schnitzler
2422 1156 2708 1317 Wien
1045 1385 1952 1586 Sehr verehrter Herr Doktor!
838 1572 2804 1708 Der Verlag Ullstein hat mir wegen Freigabe der Hovelle
623 1674 2790 1816 „Die Frau des Richtens mitgeteilt, dass dieses Werk laut Vertrag
637 1770 2847 1909 vom 24.3.25 erst drei Jahre nach Erscheinen in den Sammelband eines
632 1864 2790 2020 anderen Verlages aufgenommen werden kann. Diese drei Jahre würden
640 1963 2849 2110 erst im Herbst 1928 ablaufen. Herr Krell hat mir nun in einer tele-
640 2093 2855 2192 fonischen Unterredung weiter dazu gesagt, dass er sicherlich in der
634 2192 2912 2294 Lage wäre, diese Frage im Zusammenhange mit der anderen Angelegenheit
643 2280 2818 2408 zu regeln, sodass also wohl ein Arrangement in der Weise getroffen
649 2405 2651 2510 werden könnte, dass Sie sich mit dem Honorar von M.350.- für
643 2507 2762 2620 „Die Fremden zufrieden geben, wenn Ullstein seinerseits gegen die
643 2580 2702 2697 Aufnahme der „Frau des Richters“ schon in diesem Jahre keine Ei-
2433 2691 2787 2858 An Angelegen
649 2697 1830 2849 wendungen erhebt. Wenn Sie münschen
2088 2790 2648 2957 bitte ich um Ihr
646 2796 1903 2963 heiten auf diese Weise in Ordnung brin-
640 2889 1368 3068 freundliche Nachricht.
2164 3014 2467 3136 en Grüssen
2124 3323 2467 3478 marie
