3059 3783
311 219 2457 479 S. Fischer/Verlag/Berlin M 57/Bülowstraße 9o
1776 395 2241 531 konto: Berlin Nr. 16892
559 398 1707 533 ankkonto: Deutsche Bank. Depositenkasse P in Berlin / Postse
796 479 1955 620 Fernsprechanschlüsse: Amt Lützow Nr. 1662, 6162 und 9292
2261 384 2670 652 Ouilr 17
1941 577 2385 744 16. Mai 1922
291 640 513 825 Gr/S1.
828 704 1739 966 Herrn Dr. Arthur Schnitzler
1961 802 2151 1032 Wien
510 963 1422 1156 Sehr verehrter Herr Doktor,
539 1053 2613 1324 in der Angelegenheit Raggio waren wir, bei unserm persönlichen
392 1214 2673 1376 Gespräch, darüber einig geworden, dass er „Reigen“ haben soll, falls
407 1301 2676 1537 er auch den mAnatols-Vertrag realisiert. Nicht gesprochen wurde dabei
398 1439 2613 1609 über die endgültigen Bedingungen. In einem neuerlich eingetroffenen
395 1549 2621 1727 Brief verlangt er wie Sie wissen, allerdings nur für "Reigen" Buch-
407 1641 2656 1843 und Aufführungsrecht, während er sich bei den früheren Verhandlungen
407 1756 2693 1918 nur um das Aufführungsrecht bewarb. Es ist daher notwendig, sich über
412 1820 2696 1987 die neuzustellenden Bedingungen klar zu werden. Wir verlangten damals
1266 1926 2696 2091 Kre Garantie, Tantiemen werden geteilt; dazu
407 1972 1647 2120 für die Aufführung 1000 Lagerxx
424 2042 2682 2192 würde ich empfehlen, weitere 1000 Lire Garantie auch für das Buch zu
1451 2137 1975 2206 Mm m rn r
435 2114 2740 2327 verlangen, gleichfalls mit einer Tantiene (von 10 % vom Ladenpreis.) Für
435 2270 2682 2468 Zeitschriftenveröffentlichungen halb und halb. Dieselben Bedingungen
438 2350 2740 2549 müssten von Haggio auch für „ Anatols akzeptiert werden und zwar hätte
450 2457 2768 2670 MAnatol» früher zu erscheinen als der „Reigens. Wollen Sie mir freund-
444 2569 2192 2766 lichst mitteilen, ob Sie diese Grundlage akzeptieren.
761 2685 1393 2872 Mit besten Grüssen
1393 2719 2019 2918 Ihr sehr ergebener
1482 2866 1996 2976 S. FISCHER, VerL/
1491 2895 2405 3074 AUSLANDSABTEILUNG diejenen
