2921 3896
1174 298 1339 441 ### 535
408 361 2527 567 S. Fischer/Verlag/Berlin W. 57/Bülowstraße go-
594 537 2305 684 Bankkonto: Deutsche Bank. Depositenkasse P in Berlin / Postscheskkonto: Berlin Nr. 16692
887 613 2034 720 Fernsprechanschlüsse: Amt Lützow Nr. 1662, 6162 und 9292
1911 660 2212 843 17/12. 21
739 964 1626 1155 Herrn Dr. Arthur Schnitzler,
1607 1070 1771 1248 Wien
506 1298 975 1448 Lieber Freund,
638 1451 2472 1582 ich überreiche Ihnen die sehr umständliche und umfangreiche
427 1582 2505 1722 Abrechnung; sie gibt ein Bild der Preisveränderungen, die durch die
435 1651 2138 1815 sprunghafte Steigerung der Vertriebskosten bedingt war.
613 1782 2625 1930 Von denjenigen Werken, die Ihnen nur zur Hälfte honoriert wurden,
433 1829 2406 1990 ist zur Zeit nur "Der Weg ins Freie" mit der zweiten Hälfte des
1834 1968 2163 2015 3 rtHt ^r 't 't rt ^t
1382 1966 1790 2023 Mais elle lʼa restée de ses rêmes.
416 1979 2420 2100 Honorars fällig; bei "Anatol, “Das weite Land”, „Der einsame Weg“
430 2070 2376 2201 und "Casanova (Illustriert) finden Sie die Lagerbestände in der
427 2195 1142 2319 Abrechnung verzeichnet.
613 2289 2404 2445 Ueber Ihr Guthaben mit Mk. 31864,70 bitte ich zu verfügen.
602 2406 2551 2532 Es ist nicht ausgeschlossen, dass wir mit einem russischen Ver-
427 2488 2560 2620 leger ein Abkommen treffen, wonach wir einige wichtige Werkes unseres
430 2601 2581 2751 Verlages in russischer Sprache in Deutschland drucken, um sie in Russ-
419 2713 2551 2811 land zu verkaufen. Dieser Plan kann natürlich erst realisiert werden,
427 2806 2623 2967 wenn Russland wieder anfängt zu funktionieren. Das muss aber von langer
427 2918 2587 3066 Hand vorbereitet werden und ich frage bei Ihnen an, ob Sie mir eventl.
422 3022 2532 3145 für Ihre Werke Vollmacht geben würden. Ueber die Bedingungen hätten
427 3107 1733 3266 wir uns zu gegebener Zeit zu verständigen.
966 3211 1678 3367 Mit herzlichen Grüssen
2023 3241 2198 3408 Ihr
1878 3373 2412 3583 Fischer,
