3015 3640
1391 117 1555 270 375
906 180 2354 409 Fischer, Verlag, Berlin-M., Bülowstrasse 90.
1383 341 1721 494 20/3. 1916
1808 780 2201 941 dieses Monnt
810 786 1688 974 Herrn Dr. Arthur Schnitzler
1751 911 1871 1039 Wien
1116 987 1241 1091 G.C.F.P.
1710 1026 1822 1102 G.F.P.
1271 990 1366 1121 G.F.P.
674 1069 1443 1214 Lieber Freund.
818 1186 2616 1350 ich habe tatsächlich Verhandlungen mit einem jungen, sehr
693 1285 2681 1467 rührigen Theatervertrieb, Max Pfeffer in Wien, eingeleitet. Die
693 1421 2681 1546 Verhandlungen sind noch nicht zum Abschluss gekommen, ich hätte
687 1538 2744 1650 Sie selbstverständlich vorher angefragt, ob Sie mit einem solchen
679 1628 2149 1773 Wechsel meiner Vertretung einverstanden seien.
900 1729 2747 1868 Vorläufig stehen, unter uns gesagt, die Dinge so, dass ich
679 1855 2736 1969 Pfeffer wahrscheinlich meine Vertretung für Wien geben werde, die
682 1939 2646 2089 österreichische Provinz aber möglicherweise ausschliesse, weil
679 2029 2738 2174 ich keine Sicherheit habe, dass Pfeffer für die Provinz eine aus-
676 2144 2842 2253 reichende Organisation, die eine Kontrolle ermöglicht, zu bieten hat.
900 2261 2673 2376 Mit Eirich ist die Sache die, dass ihm ja irgendwie seit
1083 2329 1214 2397 DATES DES ACTES
687 2351 2667 2512 langem das Odium einer gewissen Unzuverlässigkeit anhaftet. Ich
676 2460 2692 2558 kann aus meiner Erfahrung eigentlich nicht darüber sagen und wir
690 2561 2752 2665 tum ihm vielleicht Unrecht. Aber ich war doch sehr verwundert, als
679 2648 2736 2763 ich von Eirich eine Aufstellung aller bisherigen Abschlüsse einge-
679 2755 2728 2880 fordert habe und darauf zwar widerspruchsvolle Angaben, aber noch
676 2850 2869 2984 immer keine Aufstellung bekommen habe. Birch meint, dass er der hohe
671 2954 2782 3098 Stempelkosten wegen sich damit begnügen müsse, anstelle von Spezial
674 3082 2722 3224 verträgen allgemeine Verträge für die Werke, die er zu vertreten
