3104 4040
1314 284 1521 451 O80
917 405 2404 596 S. Fischer / Verlag / A.=G. Berlin W57.
1398 582 1926 703 Theaterabteilung
660 655 2656 805 Bankkonto: Deutsche Bank, Depositenkasse P in Berlin / Postscheckkonto; Berlin Nr. 166 92
1103 730 2221 786 Fernsprechanschlüsse: Amt Lützow Nr. 6162 bis 6164
1068 781 2253 874 Telegramm - Adresse: Fischerverlag 6162, Berlinlützow
1491 826 1824 931 Bülowstraße 90
1888 832 2562 990 Berlin, den 14.8.28.
826 845 1068 995 Ma/Hb.
1516 947 2723 1151 Rol. Rechter (hope Sune)
1030 1124 1250 1258 Herrn
1263 1237 2398 1459 Dr. Arthur Schnitzler,
2363 1333 2849 1505 Wien XVIII.
2361 1454 2980 1572 Sternwartestr. 71
1089 1642 1773 1811 Lieber Herr Doktor!
1441 1717 2913 1934 Ich habe im Wege der italienischen Autoren-
705 1918 2825 2052 gesellschaft Schritte gegen Herrn Rökk Richter eingeleitet und
700 2017 2857 2151 dort den Sachverhalt klargellt. Herr Richter hat der Sooieta
705 2125 2782 2302 daraufhin mitgeteilt, er wolle im August zunns kommen, um die
705 2251 2688 2347 Sache zu klären. Er fühle sich vollkommen im Recht und ist
2294 2342 2803 2441 vorzuschlagen,
708 2358 2162 2503 bereit, eine andere Regelung der Tantiemen
2162 2371 2395 2500 rage.
697 2422 2776 2594 wonach er uns nun 60% der Einnahmen überweisen will. Wenn wir
705 2575 2822 2707 auf seinen Vorschlag nicht eingehen, wäre er geneigt, sich auf
1483 2656 2691 2801 zu stellen. Sohon das Angebot lässt
705 2682 1347 2792 den Boden des Geset
751 2704 1934 2830 Die wärtigen Glückse zu bezahlt ist.
711 2766 2784 2900 erkennen, dass Herr Rökk Richter sich seiner Sache nicht ganz
700 2886 2717 3012 sicher fühlt. Ich stelle Ihnen infolgedessen anheim, diesen
705 3023 2704 3128 Vorschlag anzunehmen, glaube allerdings bemerken zu müssen,
697 3130 2830 3254 dass ein Prozess in Italien für einen Ausländer sehr schwierig
695 3232 2610 3404 zu führen ist und sich in diesem Fall kaum lohnen würde.
1773 3367 2567 3536 Mit herzlichen Grüssen
1846 3509 2318 3654 Ihr ergebener
2245 3621 2591 3758 were
