3152 3849
1338 234 1508 388 ken3
458 297 2679 567 S. Fischer/Verlag/Berlin M. 57/Bülowstraße 90
680 495 2488 610 Baukkonto: Deutsche Bank. Depositenkasse P in Berlin / Postscheckkonto: Berlin Nr. 16892
971 558 1738 713 Fernsprechanschlüsse: Amt Lützow Nr.
595 595 834 731 bezahlt
1793 552 2172 710 6162-6164
400 555 570 722 G.C.F.P.
2303 658 2700 816 19. Nov. 23
270 704 731 856 F/Si.
2224 749 2360 871 G.C.F.P.
701 871 1620 1010 Herrn Dr. Arthur Schnitzler
2321 862 2454 977 G.C.F.P.
1110 934 1250 1001 C.H.F.P
288 904 613 1047 —ndeinden
2118 880 2284 1056 Wien
2115 1001 2615 1132 G.C.H.F.P.S
1289 980 1396 1095 G.F.P.
646 1083 1122 1207 Lieber Freund,
2130 1110 2509 1180 déce ae dernier.
1147 1068 1638 1214 G.C.H.S.
303 1147 795 1232 mon frere de même
413 1201 2849 1326 ich nehme an, dass Ihnen Herr Jacob meine Vorschläge übermittelt
564 1277 2876 1420 hat. Im Wesentlichen kommt es darauf hinaus, dass er den Abrechnungs-
564 1417 2852 1526 Modus: Vorauszahlung von Grundzahlen zur Schlüsselzahl des Zahlungs-
579 1514 2937 1672 tages (mit nachfolgender Abrechnung der verkauften Exemplare), wie wir
598 1605 2949 1729 sie. Ihnen bereits für Oktober (und November) zugeschickt haben, für den
586 1696 2915 1841 sichersten Weg hält, Sie, so weit das bei dem Verfall der Währung mög¬
397 1772 491 1851 G.H.F.P.
592 1832 2946 1954 lich ist, vor Entwertung zu schützen. Herr Jacob ist sich klar darüber,
604 1923 2834 2054 dass Sie wie Jeder, der auf den deutschen Markt angewiesen ist, der
1456 2014 2824 2169 des nicht entgehen können. Es scheint mir,
601 2027 1468 2157 Geldentwertung letzten Ende,
1059 2118 1465 2193 3t3n
613 2151 2982 2263 als ob Sie daran zweifeln, dass auch der Verleger das Opfer des Währungs
607 2257 2846 2409 verfalls und dazu noch in weit höherem Masse ist, da er auch an dem
613 2369 2849 2469 Substanzwert der hergestellten Bücher Vermögenswerte einbüsst. Ich
610 2457 2909 2567 hoffe, dass Ihnen Herr Jacob auch über diesen Punkt einige Aufklärung
616 2551 2885 2685 geben konnte und dass er insbesondere die Tatsache feststellte, dass
622 2655 2888 2779 alle Einnahmen nicht ausreichen, um die verkauften Bücher wieder neu
622 2752 2782 2882 herzustellen, worin sich die Entwertung der eingenommenen Beträge
631 2830 3000 2985 am schärfsten ausdrückt. (ich lege einen Ausschnitt aus dem Buchhändler-
628 2970 2827 3104 Börsenblatt vom 30. Oktober bei, der die Entwertungsziffer für die
628 3040 2630 3198 Einnahmen des Verlegers prozentual festzustellen versucht).
2542 3119 2894 3295 schwer ent-
722 3167 1969 3316 Wegen der Einnahmen aus dem Ausland
625 3283 2994 3437 schliessen, Ihren Wünschen zu folgen, abgesehen davon, dass kein recht-
670 3358 2997 3510 licher Anspruch an einen deutschen Verleger besteht, dass er aus seinen
1590 3501 2955 3647 er anderen Währung als der deutschen, ver-
