3288 4199
1325 958 2297 1098 Text für den Schutzumschlag,
1956 1063 2145 1185 auch
1279 1147 2846 1285 Ein Leutnant der glänzenden oesterreichischen
2575 1155 3016 1285 gleich mit ein
901 1242 3076 1371 Monarchie versucht am Spieltisch das Schicksal. Er verlierten
977 1347 2881 1499 einer Nacht ein Vermögen und ist gezwungen, sich zu er-
928 1450 2913 1574 chiessen. (Meisterhaft schildert der Dichter die ungeheure
898 1555 2848 1720 Spannung, den verhaltenen Seelenaufruhr im Spiel, die Be-
874 1653 2946 1818 stäutung der Angst und unreinen Gier durch Trunk, geheuchelte
890 1783 2775 1942 Leichtlebigkeit und den Zwang zu der anerzogenen hohlen
887 1885 1401 2037 Kavalierwürde.)
2302 2916 2451 3146 to be
2518 2989 2640 3124 in all
