3085 4071
1065 399 2334 676 immerk. ###.
1327 613 1840 723 Inclusum.
616 663 2618 830 Theater nichts damit zu tun hätte. Ich dachte deshalb dass die
1711 741 2085 815 ###n I do nedosz qsoz
1359 763 1663 830 G.C.F.P.V.
618 731 2586 943 Aufführung überhaupt unterbliebe, habe aber kürzlich erfahren,
1444 860 1758 930 G.C.H.F.K.P.
626 860 2571 1055 dass sie schon Dienstag stattfindet und zwar mit Karlweis und
633 965 2481 1127 Sima, als Nachtvorstellung in der Komödie, wobei auch der
646 1070 2449 1242 Schlachtenlenker von SAW aufgefürcht wird. Da bei Henkels
641 1170 2643 1357 Regie keine künstlerischen Bedenken vorliegen, habe ich, um den
641 1299 2576 1481 Leuten keine Schwierigkeiten zu machen, nachträglich die Auf-
656 1377 2608 1571 führung genehmigt. Es lag ein Missverständnis vor, da die Ver-
1092 1429 1180 1474 V.V.P.
661 1484 2661 1708 anstalter glaubten, von mir die prinzipielle Zusage erhalten zu
666 1574 2598 1833 haben. Die Tantieme, die ich mit 4% bemessen habe, wird Ihnen
671 1776 1574 1930 nach der Aufführung zugehen.
965 1758 2601 2005 Wir erhalten erst Mitte dieser Woche wieder Umbruch-
693 1938 2534 2102 exemplare von THERESE, die wir an die angegebenen Adressen
688 2087 1342 2254 weiterleiten werden.
1504 2190 2232 2332 Mit herzlichen Grüssen
1703 2314 1838 2441 Ihr
2192 2404 2277 2586 G.H.F.P.
1721 2486 2185 2663 Dix marie
1424 2628 1509 2736 G.F.P.
1888 2701 2075 2853 P.S.
1718 2718 1843 2835 J:A:S:
1479 2666 1579 2853 G.P.
1611 2810 2304 2990 o ik xxxs, wir das rgefor
1938 2898 2479 3047 Gemeister ou 2e.e.
1574 2938 1783 3060 G.H.F.P.
1424 3002 2496 3182 b. xxx. xxx erwach der
850 3092 940 3197 G.H.F.P
1579 3097 2514 3274 Hufow ged. Lauhmer albemok hab
786 3147 1536 3312 Kreisäbigen xxx rasnt.
781 3212 2494 3444 noch aanb. nadvorgangen wirxxx.lich xxx blide
800 3317 2521 3524 Zu seichnte "interend" xxx xxx
1521 3451 2399 3601 teb.erstbreffs alsmaß eigen
761 3501 1244 3648 sich xxx og a
693 3559 2534 3738 seb saad.egfolb rob af usab odröd del.nehrew neazo Idcsegda
