3168 4023
1346 165 1498 293 369
775 287 2332 479 S. Fischer, Verlag, Berlin M., Bülowstrasse 90
1563 414 2124 555 23. November 1915
1311 677 1406 818 P.S.
710 799 1576 924 Herrn Dr. Arthur Schnitzler
1609 867 1758 1032 Wien
566 1073 1029 1227 Lieber Freund,
823 1279 2630 1414 in Beantwortung Ihrer Briefe vom 8., 13. und 18. November
574 1368 1631 1487 teile ich Ihnen das Folgende mit:
818 1457 2511 1582 Für die "Geronimo"-Verrechnung haben wir die Quittung
574 1555 2646 1696 des halben Anteils über M. 1084.- von der Deutschen Kriegsb linden-
572 1669 2614 1766 stiftung in Berlin in Händen, dagegen hat die "Neue freie Presse“
558 1753 2711 1929 über den gleichen Anteil noch nicht verfügt, eine neuerliche Mahnung
547 1855 1617 1983 in dieser Richtung ist unterwegs.
840 1942 2701 2088 Sen den Sie mir bitte, die amerikanischen Referate über "Das
2530 2075 2665 2151 ouvages.
561 2059 2587 2202 weite Land“, ich werde versuchen, eine Notiz über die Aufführung
563 2175 1986 2300 in Amerika selbst an die Presse zu versenden.
842 2256 2795 2403 Ich habe Notiz davon genommen, dass die Angelegenheit "Komtess
558 2384 2674 2497 Mizzi" nun doch durch Eirich perfekt geworden ist; Marton wird wohl
550 2484 2725 2646 keine Schwierigkeiten machen, von meiner vorteilhafteren Vereinbarung
536 2581 1292 2730 mit ihm zurückzutreten.
821 2630 2592 2814 Marton möchte wissen, ob das Vorrecht der Firma Bard für
561 2744 2717 2909 "Momödie der Worte" nunmehr abgelaufen ist, da er in der Lage zu sein
796 2871 1238 2939 mMmeWmHimatUudesti.
539 2904 2660 3034 glaubt, für die Stücke etwas tun zu können. Er würde es eventl. für
547 2993 2592 3156 vorteilhaft halten, wenn an Stelle von "Stunde des Erkennens" für
531 3096 2367 3237 Budapest ein anderer Einakter eingeschaltet werden könnte.
813 3210 2535 3345 Die Manuskripte, von denen Sie in Ihren beiden letzten
528 3313 2416 3494 Briefen sprechen, sind bei uns noch nicht eingetroffen. Die
274 3362 379 3454 F. 208
