3096 3785
764 926 2563 1096 FISCHER/VERLAG' THEATERABTEILUNG·BERLIN
1325 1040 1941 1116 W 57. BÜLow STR90
650 1043 1553 1241 Herrn Dr. Arthur Schnitzler
1654 1104 1916 1233 Wien
1994 1210 2725 1392 Den 1. August 19 24
622 1244 1470 1450 Sehr geehrter Herr Doktor,
839 1372 1366 1459 G.C.J.H.F.HocK. rt. p
1626 1336 1749 1431 3 1m
1076 1419 1199 1514 G.F.P.
1651 1411 2780 1562 Aufführung xx "Reigen " in Char¬
1141 1472 1221 1525 G.F.P.
650 1523 2775 1654 Lottenbrunn haben wir sofort inhibiert und Herr Direktor Richter
655 1631 2744 1754 schreibt uns heute, dass die Aufführung nicht stattgefunden hat
641 1715 2831 1885 und entschuldigt sich damit, dass er an uns eine Anfrage gerichtet
653 1855 2789 1986 habe, diese sei aber anscheinend verloren gegangen. Was Ihre An
667 1933 2906 2080 rage betrifft, so können wir natürlich auf Grund des Urheberrechtes
664 2075 2800 2200 unberechtigte Aufführungen sofort inhibieren. Der betreffende ver-
605 2192 2797 2312 anstalter ist nur in der Lage, eine eidesstattliche Versicherung
700 2290 2727 2426 verlangen, dass uns das Recht der Genehmigung der Aufführung
