3046 3912
369 360 558 485 2. Blatt
1113 375 1903 543 S. FISCHER / VerLA.
488 514 1444 651 Dr. A. Schnitzler 28/9. 23
1049 686 1630 828 ermevnte xxxre xxx
2182 680 2510 819 G.C.H.F.P
1737 715 2028 819 mais dans la
700 738 2638 918 Das österr. Guthaben überweisen wir in Originalwährung der
1697 866 1958 935 Votre très-même pour les mêmes
546 892 2707 1031 Boden-Kredit-Anstält; ich nehme an, dass wir die Bewilligung dazu
555 985 2861 1092 bekommen werden. Sollte das nicht der Fall sein, so wird die Original-
561 1081 944 1206 Valuta Ihren
825 1078 1813 1226 xxx Berliner Bank überwiesen.
1833 1110 2164 1243 G.C.H.F.P.F:
674 1197 2705 1345 Die Valutaeinnahmen haben wir Ihnen bisher immer in deutscher
552 1290 2771 1450 führung errechnet; vom Erlös haben sich diese Einnahmen selbsttätig
549 1423 2812 1551 ausgewirkt, was wir früher vom broschierten Exemplar honoriert haben,
546 1496 2699 1624 darüber haben wir Ihnen immer eine besondere Aufstellung gegeben.
552 1598 2751 1743 Im allgemeinen stehen die Verleger auf dem Standpunkt, dass sie nur
2254 1694 2707 1859 schläge nicht
552 1705 1604 1859 vom deutschen Ladenpreis honoris
1665 1705 2266 1856 sodass valutazu
2257 1792 2382 1850 Ce nouvelle.
979 1792 1511 1862 Ce nouvelle. Votre Mlle
546 1813 2795 1955 honorärpflichtig sind. Wir haben diesen Standpunkt nicht eingenommen
1746 1897 2106 1967 verfall.
558 1903 2719 2025 und ich bin bereit, bei dem grossen xxxx der deutschen Währung,
241 1999 456 2103 du val
561 2022 2707 2164 Ihnen den Valutenanteil in Originalwährung abzurechnen. Aber dazu
227 2080 450 2161 enfant.
1676 2109 2100 2173 iM~i~M~t
822 2126 909 2187 G.C.F.P.
186 2138 488 2260 Cnillann
552 2115 1566 2260 werde ich die Erlaubnis der per
1586 2144 2815 2278 isenstelle haben müssen, denn die Ver-
1345 2202 1476 2266 G.C.H.H
732 2211 1412 2280 nicht vielmehr überallen.
555 2217 2760 2365 rechnung der Devisen nach dem Ausland ist verboten; es kommt hinzu,
552 2333 2859 2458 dass 30 % der eingekommenen Devisen dem Staate abgeführt werden müssen
552 2429 2861 2536 und dass mit Ausnahme von österr. und tschech. Devisen, die Auslands-
256 2420 433 2556 or Valu
250 2539 439 2676 wij mit
552 2542 2882 2673 Valuten in so kleinen Beträgen uns zufliessen, dass sich die Verteilung
256 2597 357 2684 d'
555 2658 2766 2760 in Originalvaluten sehr schlecht bewirken lässt. Vielleicht wird da
552 2731 726 2795 G.C.H.F.P.P
552 2731 2824 2896 der gangbarste Weg der sein, dass wir Ihnen eine Abrechnung geben, in
2315 2835 2449 2908 G.H.F.P
552 2867 2829 2992 der die Originalvaluten in ötsrerreichische ungerechnet werden; damit
253 2818 398 3015 at
1961 2928 2234 3004 kaum
546 2957 1304 3082 hätten wir dann auch den
808 2975 2684 3097 xxxer Behörde gegenüber keine Schwierigkeiten.
648 3073 2798 3178 Schwierig ist die Frage hinsichtlich Ihres Wunsches bezüglich der
555 3164 2832 3315 Honorare slhinter keinen anderen Autor meines Verleger zurückzustehen
561 3259 2757 3405 Um es endlich nun einmal zu sagen, es ist nur ein einziger Autor in
552 3367 2835 3541 meinem Verlag, der ein höheres Honorar bekommt als Sie und da hängt du
