2926 3912
1219 234 1373 345 566
369 329 2564 575 S. Fischer/Verlag/Berlin M 57/Bülowstraße 9o
877 480 2234 622 anschlüsse: Amt Lützow Nr. 1662. 6162 und 9292 / Postscheckkonto: Berlin Nr“ 16692
1077 563 1862 689 THEATERABTEILUNG
375 637 2200 797 xxx xxx xxx 20. Juli 1922gov annmus
2185 600 2536 788 Aber
2428 763 2514 831 G.H.F.P.
295 739 2219 908 Ihr ist gewiedliem nie aaab,briw Jgnalvav noitmevreini
2265 751 2690 942 luiter.
249 843 2280 1031 .oJnoIisbach sie xxx baa saölegannten emmuadmaaet nebrregel
480 889 2804 1096 N.o. Hausberg,
231 997 419 1123 nagee
434 1049 652 1136 Herrn
289 1059 2539 1194 nemmil um gew menie zu meisterd tiawn meisamp Jim Jaginneldos dien
717 1154 1453 1225 Dr. Arthur Schnitzler
274 1176 2530 1320 Die Fischdank xxx erb gnaxibeIra esblagnudien Janollgöm enie reb
1542 1249 1837 1326 Wien
1671 1253 2533 1409 rebreasse.ndoffgönn
314 1274 1634 1428 amastbietetnü sib Jhorn dol de,neie —
286 1363 2548 1530 Sehr geehrter Herr Doktor,
283 1483 2662 1631 verzeihen Sie, wenn ich Ihren Brief vom
299 1566 2770 1717 26. 6. und nunmehr gleich im Zusammenhang mit Ihrem Schreiben vom 17.
446 1674 2785 1834 7. erst heute beantworte. Ich erstrebte in dieser Zeit eine faktische
314 1723 425 1853 .o3
459 1800 2600 1951 Klarlegung der Verhältnisse beim Allien Property-Gustadian, die
449 1933 2616 2053 aber bei den deutschen Stellen die ja eigentlich wissen müssten,
172 1957 259 2120 H.S.
459 2037 2600 2160 nicht in dezidierter Weise zu erreichen war. Ein Hindernis, das
459 2136 2687 2274 Geld nunmehr in Washington einzufordern, besteht aber keinesfalls,
471 2237 2785 2373 auch für deutsche Staatsbürger nicht, da der vom Kongress angehommene
477 2339 2662 2496 Gesetzentwurf sich auf sämtliche ehemals feindliche Ausländer be-
483 2440 2702 2610 zieht. Nun teilen Sie mir mit, dass Sie bereits selbst sich an den
480 2579 2684 2705 Allien Property Custodian gewendet haben, doch fürchte ich, dass
483 2702 2788 2813 dadurch leicht Komplikationen entspehen können, denn die dort lagern-
495 2794 2634 2924 den Beträge gehören nur zu einem Teile, wenn auch zu dem weitaus
492 2884 2668 3013 grössten Ihnen, während andere, die mit den Ihrigen gemeinsam ab-
486 2994 2674 3133 geliefert worden sind, Besitz anderen-Antoren das Fischerverlages
495 3108 2681 3225 sind. Ausserdem muss ich annehmen, dass Bartsch das Geld dort auf
486 3201 2674 3348 unsere Firma eingezahlt hat und daher wir es sind, die formalwals
551 3278 816 3342 die Wider
483 3293 2714 3441 Eigentümer figurieren. Hoffentlich schafft es nun keine Verwirrung
1920 3388 2474 3542 xxx alsmab Hof xxx
705 3394 1228 3576 auch darauf sehr überallen und sein.
2087 3499 2576 3641 sogar0 vJtego¬
