3070 4183
1421 288 1609 439 912
808 372 2316 575 S. Fischer Verlag/ Berlin W57 Bülowstratze 90
1242 505 1874 627 AKTIENGESELISCHAFT.
567 589 2552 732 Bankkonto: Deutsche Bank, Depositenkasse P in Berlin / Postscheckkonto Berlin Nr. 16692
1001 665 2129 743 Fernsprechanschlüsse: Amt Lützow Nr. 6162 bis 6164
1012 711 2127 827 Telegramm-Adresse: Fischerverlag 6162 Berlinlützow
1541 789 2029 976 Elle suis
2034 873 2433 1031 10. Mai 29
404 898 529 1063 Si.
928 1052 1853 1275 Herrn Dr. Arthur Schnitzler
2197 1142 2387 1335 Wien
675 1343 1546 1533 Sehr geehrter Herr Doktor,
773 1476 2609 1649 wir kommen heute mit einer Bitte zu Ihnen. - Der Verlag
692 1584 2742 1733 SüöCK, Paris bewirbt sich für eine französische Buchausgabe um
692 1703 2685 1828 eines unserer Verlagswerke. Wir sind uns im Zweifel über die
686 1826 2870 1953 Höhe der Forderung, die wir stellen können und da „Fräulein Else „
692 1931 2650 2051 in dem Verlag erschienen ist, so wären wir Ihnen zu grossem
689 2034 2710 2132 Danke verpflichtet, wenn Sie uns wissen liessen, welche Summe
697 2140 2373 2251 Ihnen der Verlag STOCK für dieses Werk bezahlt hat.
863 2241 2653 2360 Wir danken Ihnen im Voraus für Ihre Freundlichkeit und
692 2338 2156 2458 bitten Sie, diese Bemühung zu entschuldigen.
1373 2392 2314 2566 Mit vorzüglicher Hochachtung
1619 2517 2137 2618 S. FISCHER, Verl.AG
1663 2596 2102 2661 AKτIENGESEL L SCHAFT
1598 2626 2170 2761 AUSLANDSASTEILUNG
1804 2726 2368 3011 D Swine.
396 3686 610 3768 4. 29. 5000. V.
