2938 3943
739 447 994 642 1138
1047 447 1167 625 me
1675 447 2075 636 rechirte
1186 464 1580 642 de Votre
544 697 2403 828 Mw.a.a. pnuliatdastnodl...oio n.k. mögl. 1 m.f.
1042 755 1889 886 00 3 50 à 0, 0, à 2, r, à 1, à 3, r2 à 2 r, r. 0,
475 836 2450 967 Herrn Direktor Wenzler gefragt, wie er sich gegebenenfalls
1605 919 1758 1008 G.H.F.P
481 958 2575 1105 zu Aufführungen des "Reigen", die durch das Züricher Stadt-
483 1050 2572 1197 theater veranstaltet worden, in den übrigen grösseren Städten
492 1155 2625 1314 der Schweiz sowie evtl. in den grossen Kurorten verhalten würde.
2358 1247 2447 1308 T6l
1839 1294 2666 1428 derartige Aufführungen
1483 1267 1850 1383 nun berst
486 1294 1308 1417 Direktor Wenzler erklär
1064 1297 1850 1453 L'affaire siérieur et à maîté
928 1380 1033 1433 G.C.M
1603 1397 2666 1525 os und St. Moritz zu unternehmen
492 1414 1611 1505 in Bern, Basel, St. Gallen, Dav,
853 1478 1611 1550 lʼhonneur de lʼannée, même nʼy avecembre beaucoup
492 1505 2611 1633 und zwar würde er, was die beiden letzten Orte anbetrifft
492 1630 2630 1739 sogleich eine feste Verpflichtung übernehmen. Auch was die drei
494 1703 2647 1828 ersten Städte anbetrifft, würde er sich vertraglich verpflichten
486 1822 2522 1961 nur müsse er in diesen Fällen den Vorbehalt machen, dass ein
489 1936 2580 2072 Abkommen zwischen ihm und den Stadttheaternein Bern, Basel und
497 2069 2728 2178 St. Gallen vorher zustandekommen müsse, wofür bei den ausgezeichne-
500 2169 2453 2300 ten Verbindungen die insbesondere auch Herr Rieser mit den
503 2300 2650 2408 schweizerischen Behörden und Direktionen unterhält, die grösste
492 2394 2536 2519 Wahrscheinlichkeit gegeben sei. Weiteres wurde in unserem Ge-
514 2483 2547 2616 spräche festgelegt, dass vor der Aufführung des "Reigen "in
500 2622 2591 2741 Zürich, ein anderes Ihrer Werke (wahrscheinlich " Der einsame
514 2683 2686 2847 Weg") dort aufgeführt werden solle, dass von allen künstlerischen
500 2797 2641 2952 Gesichtspunkten abgesehen, als taktische Massregel von Wichtig
1922 2916 2455 3055 das W wol xxx die eikärztigen Stadt-
1119 2947 1289 3072 O.F.O.P.
500 2936 1089 3097 keit wäre.
1719 3016 2622 3175 undlichen Bescheid baldigst
467 3041 647 3175 S.H.F.P
711 3050 808 3158 P.S.
1072 3025 1442 3186 Indem wir in
300 3144 1289 3302 I xxx entgegensehen zeichnen
539 3266 914 3377 Dno Freil###
1850 3314 2147 3425 Der Hochach-
478 3341 880 3491 Hofschleben
1864 3394 2161 3472 R. VERLAG
1661 3397 2500 3564 NEATERABTÈK UNG Gem
1580 3522 2539 3616 auf sich xxx
444 3464 861 3658 Geschäftigen Grünung des Königl.
1594 3594 2528 3711 ob nur namden og jusdod ustlachst konntafl. ohnebischsten
1364 3600 1455 3677 1361.
444 3552 1128 3747 wenn auszusammen, nicht aller allerleiten.
