3177 3752
2352 545 2445 690 2
1077 636 2450 810 5.) Wird einer meiner Einakter zusammen
790 799 2450 932 mit den Werken eines anderen Autors aufgeführt,
799 914 2523 1061 so zahlt die Direktion für den von mir verfassten
788 1010 1101 1137 Einakter
901 1099 2305 1246 5% wenn nur ein Akt eines andern Autors,
910 1208 2450 1346 3% wenn 2 oder mehr Akte eines andern Autors
790 1304 2316 1435 am gleichen Abend zur Darstellung gelangen.
1050 1422 2561 1540 (Im Allgemeinen werden also für den „Grünen
799 1511 2379 1658 Kakadu", „Grosse Szene“, „Komtesse Mizi“ etc.
801 1615 2470 1767 5% für die „Anatol“-Szenen, „Diteratur“ u.a. 3%
792 1722 1406 1858 zu bezahlen sein.
1115 1820 2450 1960 6. ) Meine seinerzeit getroffene Anord-
805 1945 2465 2049 nung den Zyklus „Komödie der Worte“ als solchen
799 2027 2528 2176 intakt zu erhalten, hebe ich hiermit auf, doch wird
810 2127 2557 2267 es im Allgemeinen nicht nur in meinem, sondern auch
801 2227 2530 2345 in dem anderer Autoren und dem der Bühnen liegen,
801 2312 2588 2436 Einakter-Abende so zusammenzu stellen, dass an einem
801 2405 2592 2617 Abend immer nur ein und derselbe Autor zum Wort ge-
794 2548 1032 2683 langt.
685 3362 828 3578 . 2. 10.
