3338 4199
1352 514 1531 659 800
781 594 2262 750 S. Fischer / Verlag / A.=G. Berlin W 57
591 682 716 835 P.S.
526 773 2517 938 Bankkonto: Deutsche Bank, Depositenkasse P in Berlin / Postscheckkonto; Berlin Nr. 1669a
949 847 2103 983 Fernsprechanschlüsse: Amt Lützow Nr. 6162 bis 6164
1350 921 1710 1009 Bülowstraße 90
952 997 2103 1094 Telegramm-Adresse: Fischerverlag 6162 Berlinlützow
2043 1023 2515 1179 25' April 27
463 1026 659 1225 M/Si.
867 1239 1790 1423 Herrn Dr. Arthur Schnitzler
2080 1335 2282 1492 Wien
645 1423 1529 1645 Sehr geehrter Herr Doktor,
742 1588 2659 1725 wir haben die Angelegenheit "Spiel im Morgengrauen " für
625 1713 2728 1872 Polen zum Abschluss gebracht. Die Bedingungen sind 5 % Tantieme
617 1790 2853 2017 und eine garantiezahlung von M 150.-, die durch Wechsel per 15/7.27
617 1946 1051 2091 gedeckt ist.
1054 1966 2762 2179 Jespersen, Kopenhagen hat uns mitgeteilt, dass er
725 2057 1063 2205 Her Verlag
634 2120 2736 2247 " Traumnovelle " mit "Fräulein Else " in einem Band herausgeben
634 2213 2770 2389 wolle und möchte am liebsten eine Pauschalsumme für beide Rechte
1722 2318 1955 2384 «^
634 2344 2793 2483 zahlen. Im allgemeinen zahlt er für ausländische Werke 20 - 30 £,
645 2370 2907 2594 wie er uns mitteilt. Es wäre deshalb am besten, wenn Sie uns mittei-
636 2549 2824 2688 len wollten, welchen Betrag Sie als Minimum für beide Werke akzep-
639 2665 2819 2787 tieren wollten und uns ermächtigen auch über "Fräulein Else x in
631 2767 1543 2912 diesem Fall abzuschliessen.
1566 2892 2347 3046 Mit ergebensten Grüssen
1696 2989 2210 3069 S. FISCHER, VERLAG
1727 3043 2188 3111 AKTRENGESELISCHAFT
1659 3083 2247 3199 AUSLANDSABTEILUNG
1605 3154 2068 3299 Domerie.
648 3356 2929 3611 P.S. Das Exemplar „Spiel „ an Frau Doris Wittner (in Ihren Auftrage
659 3532 2796 3677 gesandt), Berlin,Kommandantenstr. 61 (in Charlottenburg gibt es
682 3665 2634 3785 keine Kommandantenstrasse) ist von der Post mit den Vermerk
671 3759 2247 3875 " nicht zu ermitteln" zurückgekommen. Maben Sie
2398 3742 2941 3901 sondene Adresse?
685 3839 2537 3969 Wir haben diesesichtiges Adresse festgestellt und das Besch drittingeswerk
