3207 3976
1271 223 1457 326 400
879 272 2307 452 FISCHER/VERLAG
630 384 2616 593 ###nkkonto: Deutsche Bank, Depositenkasse P Berlin, Postschenkonto: Berlin 16892
990 495 2147 641 BERLIN W 57 / BÜLowSTRASSE 90
1182 567 1952 718 Fernruf: Lützow 1662, 6162 und 9292
1995 698 2588 873 26. Februar 1918
767 842 1697 1105 Herrn Dr. Arthur Schnitzler
2090 993 2304 1162 Wien
810 1168 1294 1348 Lieber Freund,
698 1225 2986 1486 von Büchern sind gegenwärtig vorgriffen: Sterben, Der Weg ins Freie,
701 1383 2880 1563 Der Frau des Weisen, Geronimo und in diesen Tagen haben wir auch
710 1500 2860 1715 die letzten Exemplare der Gesammelten Werke verkauft. Wir drucken
716 1620 2857 1769 neue Auflagen von: Sterben, Dämmerseelen und Bernhardi. Eine Neu-
718 1703 2957 1875 auflage vom „Weg ins Freiem kann nur gleichzeitig mit der Neuauflagen
718 1815 3020 1984 der Gesamtausgabe gedruckt worden, da dazu derselbe Satz benutzt wird.
816 1904 2900 2078 Leider habe ich für die Gesamtausgabe noch kein Papier zur Ver-
730 1978 2937 2213 fügung. Ich werde sämtliche Gesamtausgahan meines Verlages nur dann
733 2104 2966 2279 in der Lage sein neu zu drucken, wenn mir ein entsprechendes Papier-
747 2198 2968 2402 Quantum von der Kriegswirtschaftsstelle dazu bewilligt wird. Ich be-
747 2364 2127 2502 zweifele, ob das sobald möglich sein wird.
844 2402 2928 2605 Inzwischen hat mir Tal geschrieben, dass ich in Wien Papier ab-
761 2516 2994 2711 schliessen könnte. Ich bin nicht sicher, ob ich diesen vagen Angaben
767 2619 2900 2800 ohne weiteres trauen kann und habe nochmal an Tal wegen einer be-
776 2719 2986 2948 stimmten Auskunft geschrieben. Kann ich in Wien das Papier bekommen,
773 2851 2851 3017 so werde ich gegen Mitte März in Wien sein, um den Abschluss zu
773 2946 2871 3137 machen, dann werden Ihre Gesammelten Werke das erste Werk sein,
787 3097 1652 3243 das in Wien gedruckt wird.
830 3060 2928 3349 Das Manuskript der -Schwesterne habe ich von Reinhardt bekommen
