3104 4040
1028 124 1240 262 100
980 321 1865 493 Hilrath -. D=. E. Nachlaugl. J.
1274 502 1798 628 Bünlichstände.
586 471 1248 648 lage zu verkaufen.
665 566 2756 724 Die Angelegenheit Rökk Richter liegt etwas anders, als
1564 651 2741 809 n ja mit ihm tatsächlich einen Ver-
606 704 1581 848 Sie sie auffassen. Wir hatten
1476 775 1575 859 G.F.P.
611 766 2643 992 trag geschlossen, nur war dieser Vertrag bereits abgelaufen,
611 896 2663 1099 als Herr Rökk Richter seine Aufführung veranstaltete. Es wäre
620 1014 2798 1172 dies eigentlich nur mit einer entsprechenden Verlängerung seines
625 1096 2894 1310 Vertrages möglich gewesen. Mit der Societa hat er keine Abschlüsse.
623 1209 2612 1383 Ich nehme an, es wird am besten sein, falls er nach Berlin
634 1335 2767 1510 kommen sollte, die von ihm angebotene Zahlung entgegenzunehmen,
631 1431 2612 1614 um mit dem Burschen endgültig nichts mehr zu tun zu haben.
1104 1521 2617 1702 In der Anlage senden wir Ihnen ein Schreiben
642 1685 2623 1868 von Mrs. N.M. Bickley und der Firma Simon and Schuster zur
631 1817 1355 2003 gefl. Stellungnahme.
1431 1834 2336 1972 amour, xxxxx
2015 1913 2133 2043 G.C.F.P.
1310 1930 1972 2074 G.C.H.F.P.K.P
1017 1967 1104 2088 G.H.F.P.
1448 2031 2169 2150 mit herzlichen Grüssen
1699 2082 1938 2164 G.H.F.P.
1037 2060 1530 2209 erhegelet gilt
476 2065 1034 2215 Sr.H. xxxm J
1474 2141 1933 2277 Ihr ergebener
1781 2122 2617 2279 nun edst das medoexca is
431 2172 1533 2327 Nachricht heb und xxx
1876 2229 2629 2426 Pauvre.
502 2257 1755 2451 red sjdoin xxx nachgeldosse stov mich
518 2353 2609 2567 —önsdö meb das glückndusd Jdeus 18.br nien nedolevte da mich
414 2474 2643 2640 Janikel xxx ederroV entee.hnad heiumus Jhein mii nam saab, Jünnig
682 2589 2626 2756 xxxwesen xxx dons deildber xxxre samt xxx nessofausds
513 2679 2502 2834 flünded näst hebrew J[l]inxxe diein nogndeschon enies xxxxx.
1319 2792 2643 2947 xxx dn xxx nxxe xxx
651 2843 1254 2978 and is not to be
890 2894 2615 3080 xxx Jdoin xxxlen xxxm eik usow.sich xxxlich
589 2970 809 3108 G.H.F.P.
1389 3003 2448 3164 enen zahle xxx legerneV xxx
409 3040 1321 3234 abriew og.neborded og afind
2153 3116 2493 3257 Monsieur le
389 3133 2124 3325 ne isde. xxx hegegeb xxx
521 3257 1397 3432 Geschied xxx nach xxx
2093 3358 2203 3474 dire une
530 3364 2071 3553 hat.enejodeo handl.wesed aan est als, bei xxx
1981 3480 2268 3626 Vous même
645 3502 1645 3660 em als gebruw nedann seligönnen.
