3134 4103
1513 574 1673 701 355
814 684 2297 797 S. FISCHER,VERLAG, BERLIN W., BÜLOUSTR. 90
1461 878 2221 1041 BERLIN. W., pxN 5/8. 1915.
1046 1258 1917 1393 Herrn Dr. Arthur Schnitzler
1899 1354 2042 1487 Wien
926 1572 1380 1675 Lieber Freund,
1118 1718 2395 1832 wir haben davon Notiz genommen, dass Sie
970 1838 2413 1919 80 Exemplare der Vorzugsexemplare von "Geroni-
969 1899 2391 2035 mo" an Heller geliefert haben; die Abrechnung
965 2030 2358 2157 mit Heller besorgen wir, während Sie die Ab¬
969 2131 2398 2245 rechnung der Vorzugsexemplare übernehmen, die
969 2245 2297 2360 Sie verkaufen. Können Sie von den 40 Exem¬
978 2354 2371 2450 plaren, die Sie noch haben, 20 entbehren, so
974 2452 2352 2557 wäre es für uns nicht schwer, sie beim deut¬
980 2559 1985 2710 schen Buchhandel unterzubringen.
1129 2629 2400 2775 Die Korrekturen von Spamer haben Sie in-
972 2758 2393 2889 zwischen bekommen. Barnowsky hat ein komplet-
987 2856 2389 2963 tes Exemplar der Fahnenabzüge in Händen. Von
646 3386 959 3458 au seulx
365 3522 470 3668 F. 121
