2903 3991
1172 214 1262 370 58
1117 362 1308 504 „ 524
304 411 2465 625 S. Fischer/Verlag/Berlin W 57/Bülowstrasse go
521 593 2243 697 Bankkonto: Deutsche Bank. Depositenkasse P in Berlin / Postscheckkonto; Berlin Nr. 16692
807 660 1974 778 Fernsprechanschlüsse: Amt Lützow Nr. 1662, 6162 und 9292
1794 749 2182 920 18. Okt. 21
307 793 501 920 F/Si.
761 1016 1667 1201 Herrn Dr. Arthur Schnitzler
1959 1146 2153 1267 Wien
1189 1296 1369 1447 523
492 1427 2408 1583 S·FISCHER/VERLAG^THEATERABTEILUNG·BERLIN
1152 1531 1771 1670 W 57. BÜLow STR90
446 1568 1589 1771 Herrn Dr. Arthur Schnitzler, Wien
2358 1638 2535 1840 1921
1803 1638 2220 1872 Den 17, Nov.
477 1872 1360 2081 Sehr geehrter Herr Doktor,
1377 1968 2419 2136 das Marionettentheater Münchner
2138 2084 2468 2153 (A) Mm
1105 2112 2549 2272 Paul Brann) führt in Holland in deutscher
472 2150 1120 2295 Künstler ( Direktig
480 2240 2593 2358 Sprache den " Tapferen Kassian" auf. Wollen Sie uns gefälligst
1019 2324 1464 2408 m m m m r
483 2329 2717 2497 mitteilen, ob diese Aufführungen durch Sie autorisiert worden sind.
1719 2457 2309 2581 licher Hochachtung
1343 2494 1684 2622 Mit vorzüg
1571 2564 2147 2630 8. FISCHER. VERLAG
1577 2567 2329 2726 THEATERABTEII UNG gem
443 2662 2645 2798 P.S. Karczag verlangt von uns öfters Bücher (Bühnenexemplare) Ihrer
451 2766 2622 2868 Werke für seinen Auslandsvertrieb, will aber Zahlung erst leisten
451 2798 2685 2920 sobald er seinerseits die Bücher verkauft hat. Wir fragen ergebenst
451 2885 2778 2989 an, ob dies so Ihr Einverständnis hat. Es entstehen dadurch technische
449 2949 1855 3041 schwierigkeiten, hinsichtlich der buchung,
