3015 3767
1108 441 1296 535 Une
1637 459 1875 538 Et e e ee
423 441 2579 637 ganz unmöglich. Die Abrechnung ist immer monatlich geschehen und
951 583 1030 652 P.S
426 571 2642 683 wie schon in der vorgestrigen Unterlage zu den Abrechnungen erwähnt
420 673 2606 849 zu dem offiziellen Umrechnungskurs der Handelskammer, der auch die
420 776 2745 936 Grundlage für die Umsatzsteuer bildet. Bei der Honorierung der auslän-
423 873 2718 1003 dischen Valuten zum Frankenpreis des broschierten Exemplars kommt der
402 1018 2712 1139 Umrechnungskurs also garnicht in Frage; auch erledigt sich damit eine
417 1096 2084 1238 Valorisierungsfrage für die ausländischen Beträge.
2196 1129 2482 1223 G.C.H.F.P
429 1187 2709 1350 Und nun die Frage des Vertrages. Zunächst muss ich Sie bitten, mit
220 1226 323 1389 G.C.P.
420 1329 2775 1447 dem Prozentsatz von 18 % vom Ladenpreis des broschierten Exemplars sich
1256 1407 1854 1477 (ouvretitur).
1006 1410 1175 1471 a lʼa fêté a lu luisant eu de ses
426 1431 2649 1549 einstweilen zufrieden zu geben. Solange die Herstellungskosten noch
411 1549 2739 1655 bedeutend den Friedenspreis überschreiten, ist eine höhere Honorierung
414 1640 2739 1770 wie 18 % mit dem besten Willen nicht möglich. Bitte rechnen Sie selbst
420 1727 2766 1866 aus, was von den 100 % des Ladenpreises übrig bleibt, wenn Sie die pro-
420 1824 2742 1951 zentualen Anteile für den nabatt, für der Autor, för die Herstellungs-
423 1915 2745 2069 Kosten, für die Unkosten und für den Gewinn aufstellen. In Ihrem Fall
408 2048 2751 2180 liegen die Verhältnisse besonders schwierig, denn Ihr Werk besteht zum
426 2196 2803 2286 grössten Teil aus dramatischen Arbeiten, die, durch den geringen Absatz,
975 2232 1308 2301 ( 1).8
1359 2232 1830 2298 (1) A..t. p..n. m.
423 2274 2715 2377 nur in kleinen Auflagen hergestellt werden können; damit ist eine we-
426 2325 2736 2501 sentliche Verteuerung der Produktion verbunden. Aus den Aufstellungen,
426 2479 2848 2594 die wir Ihnen zugeschickt haben, werden Sie ersehen, dass von den meisten
432 2582 2685 2697 Dramen 10 - 20 Exemplare pro Monat verkauft werden und dass wir etwa
1416 2649 1733 2718 3° ̃
432 2655 2742 2794 fünf Jahre brauchen, um eine Auflage zu verkaufen. Ich darf behaupten,
420 2775 2652 2917 dass unter den gegenwärtigen Verhältnissen 18 % wirklich schon eine
426 2899 2667 3020 sehr hohe Tantieme bedeutet. Ich bin nichtsdestoweniger dazu bereit
426 3014 2778 3126 Ihnen 20 % vom Ladenpreis das broschierten Exemplars zuzusichern, falls
420 3083 2546 3210 die Herstellungskosten auf das normale Mass zurückgegangen sind.
438 3183 2624 3352 Eine Verpflichtung zum Neudruck jedes Buches zu übernehmen, bin
317 3286 2700 3443 ich bereit, aber selbstverständlich erst dann, wenn von dramatischen
423 3410 2845 3630 Arbeiten nicht mehr als 50, von Prozawerken nich mehr aus 100 Exemplare
