3336 4200
1647 776 1797 905 176
1075 844 2557 1004 S. Fischer. Verlag Berlin
1077 1028 2575 1135 Amt Lützow 1662, 6162 u. 9292 Theaterabteilung postscheckkonto Nr. 16692
1440 1094 2214 1192 Berlin W 57, Bülowstraße Nr. 90
1497 1162 2212 1307 Den 25. Oktober le 26
1112 1172 1346 1295 Ma/Ro.
1184 1340 1389 1461 Herrn
1524 1344 2260 1499 Dr. Arthur Schnitzler,
2339 1387 2620 1499 Wien
1331 1616 2251 1756 Sehr verehrter Herr Doktor!
1493 1766 2747 1905 München hat am 24.ds. durch die Deut-
1205 1893 2677 2016 sche Stunde in Bayern den „Tapferen Kassian“
1204 1971 2718 2089 mit der Musik von Strauss aufgeführt. Ich bin
1204 2087 2692 2210 im Augenblick nicht über Ihre Vereinbarungen
1204 2196 2770 2327 mit Strauss orientiert und bitte Sie um freund-
1215 2286 2725 2403 liche Angabe, wie das Honorar in diesem Falle
1209 2411 1794 2530 zu verteile ist,
1711 2524 2649 2675 Mit vorzüglicher Hochachtung
1799 2649 2511 2774 Ihnen sehr ergeben...
1778 2759 2346 2905 DrKMari
