3079 4103
963 156 1180 296 soo
1186 332 1382 525 867
675 490 2236 678 S. Fischer/Verlag/A.-G. Berlin W 57.
455 652 2454 769 Bankkonto: Deutsche Bank, Depositenkasse P in Berlin/Postscheckkonto; Berlin Nr. 1669a
883 722 2040 831 Fernsprechanschlüsse: Amt Lützow Nr. 6162 bis 6164
1277 790 1644 878 Bülowstraße 9o
880 842 2034 966 Telegramm-Adresse: Fischerverlag 6162 Berlinlützow
2134 913 2609 1042 16. Mai 1928
478 933 687 1083 F/Si.
1268 919 1779 1165 fes leurs
1418 1092 1793 1242 Reigen
713 1148 1200 1353 Lieber Freund,
1488 1200 1911 1371 Eure
625 1332 2768 1468 ich habe mir die Angelegenheit der Gesammelten Werke noch einmal
499 1462 2656 1603 genau überlegt; wir müssen die Sache etwas anders aufziehen. Ich
499 1585 2859 1696 will, was Ihren Wünschen vollkommen entsprechen wird, eine neue Auflage
502 1641 2829 1776 der "Erzählenden Schriften " in 6 Bänden ankündigen. Da die Erzählen-
496 1776 2756 1893 den Schriften 4 Novellenbände enthalten und als Nouellen Band 1 - 4
496 1908 2747 2013 bezeichnet werden müssen, so wird der Einzelverkauf der Bände nicht
499 2002 2744 2110 die Rolle spielen, an die ich gedacht habe. Dominieren muss also in
502 2104 2627 2184 unserer Ankündigung die Neuauflage der Erzählenden Schriften in
1685 2172 1984 2245 vermeinteresse
499 2175 2744 2322 6 Bänden mit der Bemerkung,. dass jeder Band einzeln verkauft werden.
558 2301 707 2360 ouvrage du
502 2322 2644 2410 kann. Wäre es möglich, den vier Novellenbänden vier verschiedene
1740 2383 1975 2451 A..
499 2407 2677 2521 Buchtitel zu geben, so würde das den Einzelverkauf fördern. Unter
505 2539 2738 2624 diesen Umständen wird es dann am besten sein, wenn ich die obändige
502 2603 2812 2762 neue Ausgabe noch in diesem Jahr, rechtzeitig zu Weihnachten erschei-
1984 2688 2398 2777 A.W.A.
496 2759 848 2844 nen lasse.
599 2856 2407 2947 Den Ergänzungsband werden wir im Herbst herausbringen.
602 2917 2818 3055 Die Frage der Buchausgabe vom "Reigen" ist noch nicht gelöst. Es
1503 3020 2818 3152 Harz die Bücher zurückhalten soll. Wenn
502 3055 1365 3179 ist nicht zu verstehen, wenn
505 3138 2788 3258 er das Verfügungsrecht über die Vorräte besitzt, so ist nicht einzu-
508 3252 2694 3366 sehen warum er die Bücher nicht verkauft. Tatsächlich kann man ja
493 3346 2688 3487 jedes bestellte Exemplar von Harz bekommen, es scheint, als ob er
499 3478 2727 3616 die Vorräte nicht verkaufen kann. Ist das der Fall, so müssten die
