3168 4023
1162 230 1309 371 36/
550 283 2105 513 S. Fischer, Verlag, Berlin M., Bülowstrasse 90
1416 446 1760 614 3/XI. 1915
1739 673 1851 785 Wir
777 724 1643 972 Herrn Dr. Arthur Schnitzler
1704 761 1806 882 l'on
1643 876 1814 1018 Wien
1159 1026 1293 1175 G.C.H.F.P.
505 1127 980 1266 Lieber Freund,
660 1141 2450 1392 Ihre Depesche habe ich bekommen. Wir haben das Hoftheater
475 1312 2458 1531 in Dresden aufgefordert, sich bis morgen telegraphisch über die
489 1392 2519 1608 eventuelle Annahme der "Komödie der Worte" zu entscheiden. Bekom-
459 1496 2463 1691 men wir morgen keinen Vertrag, so schliessen wir mit dem Albert-
462 1651 1728 1806 Theater für das Bassermann-Gastspiel ab.
711 1664 2444 1886 Unser Vertreter Hans Bartsch in New-York teilt uns mit,
481 1800 2514 2017 dass er mit Christians gegen eine Tantieme von 7 % und 100 Dollar
489 1915 2436 2100 Garantie "Das weite Land" abgeschlossen hat. Mit Rücksicht auf
492 2017 2463 2206 das knappe Betriebskapital hat sich Christians ausbedungen, die
970 2054 1178 2121 au—
500 2156 2407 2329 Garantie erst mit der ersten Tantiemenabrechnung zu bezahlen.
486 2236 2588 2396 Wegen "Komödie der Worte" will uns Bartsch baldigst Bescheid geben.
751 2313 2460 2530 Für Holland haben wir die "Komödie der Worte" äusserst
508 2396 2543 2626 günstig abgeschlossen, und zwar 10 % Tantiene und 600 Mark Garan-
510 2543 2551 2719 tie, für die Bühne von Royaards in Amsterdam. Unser holländischer
521 2629 2498 2842 Vertreter hat sich eine Provision von 15 % ausbedungen, was wir
526 2733 2476 2949 ihm ohne weiteres bewilligt haben, da normaler Weise sonst dem
526 2824 2228 3016 Autor nur 5 % und 5 % dem Uebersetzer zufallen würden.
799 2920 2719 3147 Wegen "Komtess Mizzi" haben wir mit Dr. Marton, der zufällig
1939 3029 2046 3088 4.
548 3061 2682 3219 in Berlin ist, gesprochen. Er möchte "Komtess Mizzi" selbst überneh-
542 3155 2690 3368 men, und zwar nur für die ungarische Sprache, und dafür auf 5 Jahre
