3146 4023
1458 246 1674 437 475
584 357 2600 606 S. Fischer/Verlag/Berlin W 57/Bülowstraße
2636 404 2736 553 90
938 534 2517 667 mto: Deutsche Bank. Depositenkasse P in Berlin / Postschschkonto: Berlin Nr. 16892
1317 584 2241 675 schlüsse: Amt Lütsow Nr. 1662, 6162 und 9292
2166 797 2650 946 15. Nov. 1920
783 802 993 929 Gr/si.
1223 1068 2127 1209 Herrn Dr. Arthur Schnitzler
2224 1120 2476 1336 Wien...
910 1275 1544 1389 Sehr geehrter Herr,
877 1422 2841 1588 wir hätten Gelegenheit den "Weg ins Freie " in spanischer
1942 1552 2299 1624 mais en lisant eu une autre ettäu-
777 1555 2913 1698 Sprache unter folgenden Bedingungen zu vergeben: 10 % des Laden-
775 1665 2946 1812 preises, garantiert durch das auf die erste Auflage von 1000 Exem-
772 1790 2996 1934 plaren entfallende Honorar. Der Ladenpreis wird 4 pesetas betragen,
775 1884 2445 2033 sodass Sie eine Garantie von 400 Pesetas erhielten.
2550 1934 2739 2025 G.C.H.F.P
874 1970 2849 2089 Wir fragen ergebenst an, ob Sie uns auf dieser Grundlage zum
777 2066 1508 2202 Abschluss ermächtigen.
1613 2122 2553 2285 Mit vorzüglicher Hochachtung
1873 2271 2467 2404 S. FISCHER, VerlaG
1867 2387 2448 2520 AUSLANDSABTÉILUNG
2263 2470 2357 2589 a
