3112 4039
1233 371 1403 547 B33.
759 465 2219 686 S. Fischer / Verlag / A.=G.. Berlin W 57.
502 680 2477 802 Bankkonto: Deutsche Bank, Depositenkasse P in Berlin / Postscheckkonto; Berlin Nr. 16692
915 737 2054 873 Fernsprechanschlüsse: Amt Lützow Nr. 6162 bis 6164
1309 810 1675 878 Bülowstraße 90
915 861 2063 1014 Telegramm=Adresse: Fischerverlag 6162 Berlinlützow
2117 932 2485 1082 5. Nov. 27
567 958 748 1116 F/Si.
853 1182 1765 1363 Herrn Dr. Arthur Schnitzler
2145 1309 2363 1457 Wien
519 1454 1006 1629 Lieber Freund,
632 1607 2485 1760 ich hatte gehofft, dass Sie mir auf meinen Brief vom 24.
499 1737 2616 1870 bald antworten und dass Sie mir über den "Ergänzungsband " eine
504 1848 2587 1975 gute Nachricht geben würden. Wir hätten den Ergänzungsband doch
510 1930 2618 2057 vielleicht so schnell setzen können, dass er noch zu Weihnachten
499 2054 2652 2188 herausgekommen wäre. Da Sie in diesem Jahr zu Weihnachten nichts
490 2159 2712 2264 Neues haben, wäre das sehr vorteilhaft gewesen; dabei nehme ich an,
507 2247 2752 2392 dass Ihnen Zsolnay bezüglich „Fräulein Else „ keine Schwierigkeiten
502 2338 2774 2482 machen wird. Wieviel Exemplare wünschen Sie von diesem Ergänzungsband
499 2471 1128 2607 voraus honoriert?
595 2539 2777 2661 Wenn Sie dabei bleiben, dass ich von Ihrem neuen Roman 25 Auflagen
502 2650 2624 2822 und im Falle des Erscheinens in der "Illustrierten" 20 Auflagen
502 2754 2383 2936 voraus honoriere, so will ich mich damit zufrieden geben.
1448 2865 2196 3066 Mit herzlichen Grüssen
1530 3004 2043 3077 S. FISCHER, VERLAG
1553 3063 2012 3185 AKTIEGESELISCHAFT
1848 3109 2043 3216 Mr
1836 3185 2403 3369 F Fischer
683 3412 2698 3636 in der Buchhändlersprache keine Weihnachts-Novität, die jetzt
584 3565 1270 3712 herauskommen könnte
