3235 4007
742 428 1358 549 LE NEUE RUNDSCHAU
2019 434 2414 652 den 28. Augt
694 543 1366 608 S. FISCHER VerlaG, BERLIN W 57.
865 574 1198 624 BÜL à WSTRASSE 90
689 596 1364 672 VERNSPRECHER: L'ÜTZOM GIGS REDAKITION
708 652 1336 708 TELEGRAMM-ADRESSE RUNDSCHAU
722 700 1352 764 FISCHERVERLAG OIGS BEBLINLÜTZÜW
1492 644 2218 907 Hopmelke
820 745 1072 896 May/Mey.
1204 876 1414 1058 Herrn
1431 1058 2523 1193 Dr. Arthur Schnitzler
2313 1280 2601 1392 Wien
2593 1358 2710 1470 G.F.P.
767 1506 2041 1672 Sehr verehrter Herr Doktor Schnitzler,
2562 1574 2705 1716 G.H.F.S
1319 1616 3002 1817 ich fürchte fast, dass mein aus Kloster an Sie ge-
2736 1792 3097 1865 -nos einmal
773 1798 3018 1921 sandter Brief Sie nicht erreicht hat. Ich möchte mir deshalb heute
773 1921 2962 2058 die Anfrage gestatten, ob Sie nicht doch die grosse Freundlichkeit
773 1994 2929 2136 haben würden, einen Beitrag für unser Hofmanssthal-Gedächtnisheft
801 2100 2999 2240 beizusteuern. Ich weiss, dass auch Die Familie Hofmannsthal es mit
764 2209 3010 2335 herzlicher Dankbarkeit begrüssen würde, wenn Sie an unserem Gedächt-
770 2296 1680 2453 nishaft mitarbeiten würden.
1302 2400 2985 2551 Bitte haben Sie die Freundlichkeit, mir recht bald
750 2517 2775 2685 mitzuteilen, ob ich auf eine positive Nachricht rechnen kann.
1296 2604 2195 2752 Mit herzlichen Grüssen Ihr
1504 2702 1943 2839 sehr ergeben
1761 2783 2285 2971 Rudolf Kagen
