3046 3912
583 323 890 535 BTROß
1232 332 1488 526 mais ils me
2606 491 2732 583 1.
690 513 2112 595 2ndl.4 münstl. : obendieniehre 4. 2830 bann 25.10. 2581.Nr. wesid im A. ###nachdemadert.
1064 567 1843 681 OMUJISTHASSTASHT
298 595 2565 750 Stücke selbst entnommen haben werden, dass nicht zum mindesten der
301 684 2770 880 allgemeinen Intensivierung unseres ganzen Auslandsbetriebes in den letzten
301 855 2628 994 zwei Jahren, diese Zunahme zu danken ist. Ich appelliere daher an Ihr
2444 950 2539 1020 G.C.F.F:P:
288 956 2742 1092 mir wohlbekanntes Billigkeitsgefühl, wenn ich Sie bitte, von einer Mass-
1542 1067 1795 1162 eisäglich
291 1067 2574 1225 nahme abzusehen, die für unseren ganzen Betrieb unter Umständen von
301 1168 2587 1311 sehr schwerwiegenden Folgen sein könnte. Bei dieser Gelegenheit er-
294 1289 2739 1434 laube ich mir Ihre freundliche Aufmerksamkeit darauf zu lenken, dass uns
298 1418 2710 1548 ja beispielsweise der ganze österreichische Vertrieb, obwohl es sich da
1200 1501 1333 1567 a lʼauteur ses
298 1510 2637 1637 um Aufführungen in deutscher Sprache handelt, nach dem Tode des alten
291 1627 883 1776 Eirich abgenommer
874 1637 2647 1773 wurde, sodass uns sohon dadurch Einnahmen entgangen
788 1703 890 1767 G.C.F.P.
294 1732 2568 1884 sind, die für uns in diesem Moment von grösster Wichtigkeit gewesen
291 1849 2774 1973 wären. Ein noch weiteres Abbröckeln unseres Wirkungskreises, führt meiner
298 1966 2606 2109 Ansicht nach auch für Sie zu wenig wünschenswerten Zuständen. Die an
298 2058 823 2213 uns gezahlte Pr
852 2080 2796 2201 vision beläuft sich ja überdies nur auf 12% also generell
298 2169 2549 2299 dem geringsten Satz, den irgend ein Autor unseres Verlages bezahlt.
830 2280 2599 2429 Die katostrophale Situation der Mark hat mich in der
643 2334 811 2422 Or ne
294 2359 2682 2524 letzten Zeit sehr viel beschäftigt und legt nahe, den Auslandsvertrieb,
529 2476 940 2561 gerb Hnew.
326 2520 2770 2637 nicht, wie Sie dies zu wünschen scheinen, noch weiter abzubauen, sondern
294 2609 2761 2755 im Gegenteil, im Ausland nach neuen Geldquellen zu suchen, sowohl für die
288 2729 1140 2872 Autoren, als auch für den
1232 2745 2723 2878 erlag selber. Tatsächlich hat sich in letzter
288 2843 2631 2960 Zeit der bisher verschlossene russische Markt einigerpassen geöffnet
301 2913 510 2983 .Hs rin¬
288 2954 2679 3116 und es scheint, dass mit fortschreitender Zeit gerade dort noch ausser
288 3017 871 3090 G. H.C. R.D.H.F.K.
291 3087 2622 3223 ordentliche Möglichkeiten sich erschliessen werden. Allerdings kommen
310 3138 399 3185 Dl
291 3188 2587 3315 für Russland vorwiegend neue Bücher in Frage, da manche der dortigen
288 3242 703 3306 G. A. Amolie
288 3290 2831 3439 Verleger bei älteren Büchern die Existenz schon vorhandener unautorisierter
684 3350 823 3410 E. E.
298 3347 424 3407 G.C.F.P
282 3397 1273 3524 Ausgaben fürchten. Dagegen gla###
1507 3401 2609 3559 h, dass es ein leichtes wäre, ein
288 3458 389 3521 G.C.F.P
275 3480 1146 3654 neue erzählende Arbeit von
1504 3492 2549 3695 Russland unterzubringen. Es wird
