3049 3849
1323 132 1475 240 le
2164 276 2498 487 Owstraße
642 299 2132 537 Fischer/Verlag/Berlin W. 57/Bül
660 472 2452 630 Baukkonto: Deutsche Bank, Depositenkasse P in Berlin / Postscheckkonto: Berlin Nr. 16892
938 551 1718 674 Fernsprechanschlüsse: Amt Lützow Nr.
1795 540 2138 733 6162-6164
2123 680 2630 842 16. April 1923
2481 754 2575 830 G.C.F.P
457 748 1493 918 F/St. mebel ist sammlände
2255 804 2519 938 G.H.F.P.
768 845 1680 1021 Herrn Dr. Arthur Schnitzler
912 938 2586 1108 Il xxxx
1809 1026 2490 1176 ressezt mais me mais
1604 1062 1792 1194 G.C.F.P.
607 1094 1106 1238 Lieber Freund,
710 1091 2765 1328 Sie scheinen noch immer den Argwohn zu haben, dass Sie bei dem
584 1246 2842 1428 neuen Honorarmang weniger bekommen wie bisher, ich kann sonst nicht
601 1364 2880 1540 verstehen, weshalb Sie Gewicht darauf legen, dass für Juli - Dezember
598 1475 2912 1619 nach dem alten Abrechnungsmodus honoriert werden soll, der ja nur des-
595 1586 2833 1771 halb verändert werden soll, weil er ungeheure Schwierigkeiten macht.
610 1666 2780 1874 Ich habe Ihnen in meinem Brief vom 10. April ein Beispiel gegeben,
610 1721 2941 1924 aus dem Sie erschen, dass Sie tatsächlich ein höheres Honorar bekommen,
610 1883 2924 2050 (###sich alle Preiserhöhungen automatisch auswirken) Seien Sie ver-
625 1897 997 1982 und dann
619 1979 2853 2129 sichert, dass ich am liebsten bei dem alten Abrechnungsmodus bliebe,
628 2070 2938 2261 wenn er sich technisch durchführen liesse. das letzte Halbjaln
625 2144 2965 2287 ist am schwierigsten weil die meisten Reiserhöhungen,
751 2199 2874 2384 Sie haben im Dezember die Abrechnung bekommen, bis zum Abschluss
630 2284 2985 2484 des Geschäftsjahrs, bis 1.Juli und für die Gesamtausgaben bis i.November
628 2381 2821 2584 Für die Gesamtausgaben wollten wir Ihnen die Schlussabrechnung bis
636 2493 2915 2666 31. Dezember nach dem alten Modus aufstellen, dagegen für alle Einzel-
645 2610 2924 2759 ausgaben nach dem neuen Modus, von 1. Juli - 31. Dezember - + Wünschen Sie
645 2721 2982 2868 aber durchaus auch dafür die Abrechnung nach dem alten Modus, so müssen
645 2803 2868 2959 Sie mir unbedingt noch etwas mehr Zeit lassen. Wir werden in diesem
648 2912 2827 3053 Monat damit nicht fertig, denn bei den vielen Büchern und den sehr
651 3038 3009 3185 häufigen Preiserhöhungen ist die Arbeit äusserst mühsam und zeitraubend
792 3114 2921 3293 Bezüglich des Honorarsatzes kann ich keinerlei Erklärung abgeben.
672 3202 2918 3402 die Tatsäche, dass er weit über das hinausgeht, was die-Richtliniene
663 3323 3000 3484 für möglich halten und dass er tatsächlich Ihr bisheriges Honorar über-
1716 3504 2000 3645 falle
