3137 4056
1074 407 1969 607 S. FISCHER/VERLAG
353 440 551 610 3, Blatt
452 631 2714 889 Verteuerung durch sehr hohe Transportkosten eingetreten ist. Im Uebrigen
431 829 2726 999 ist mir auch durch die Valuta-Verhältnisse ein grosser Schaden erwachsen;
449 931 2741 1104 ich übertreibe nicht, wenn ich Ihnen sage, dass mich das Wiener Abenteuer
452 1014 2774 1206 etwa 40 000 Mark gekostet hat. Wir haben damals Kronen zu 170 für 100 Mk.
452 1140 2687 1308 in Zahlung nehmen müssen, und wenn wir jetzt Honorare in Oesterreich in
446 1209 2089 1418 Mark auszahlen wollen, so verlieren wir daran 200 %.
575 1296 2690 1478 Sie waren damals der Meinung, dass auch der Verlag Georg Müller und
449 1397 2690 1577 Kurt Wolff in Wien Filialen unterhalten; das hat sich schnell genug als
467 1499 2717 1697 ungangbar herausgestellt, und selbst österreichische Verleger ziehen es
470 1646 2696 1784 vor, trotz der schlechten österreichischen Valuta Bücher in Deutschland
473 1781 1044 1900 drucken zu lassen.
643 1775 2726 1990 Herr Wunderlich, der "Kiebitz, dem kein Spiel zu hoch ist", meint,
955 1948 1143 2014 Gouvernement même avec le
464 1915 2780 2083 man könnte ja das Papier aus der Schweiz beziehen. Nun das ist ein Irrtum
476 2017 2759 2220 er meint offenbar aus Finnland. Sie sollten einmal die Probe aufs Exempel
464 2113 2735 2286 machen und Herrn Wunderlich fragen, zu welchem Ladenpreis er die sieben-
476 2259 2768 2403 bändige Gesamtausgabe auf finnischem Papier gedruckt, herausgeben könnte
473 2310 2693 2490 und welches Honorar er Ihnen dafür bezahlen kann. Sie würden bei einem
482 2439 2744 2589 ernst zu nehmenden Verleger dabei Ihr blaues Wunder erleben. Ich könnte
482 2508 2777 2693 vielleicht die Einfuhr von finnischem Papier bewilligt bekommen, aber der
476 2645 2783 2789 Preis stellt sich durch die Valuta und Fracht so enorm hoch, dass dadurch
482 2732 2747 2933 zunächst wenigstens der Ladenpreis Ihres Gesamtwerks so verteuert würde,
482 2879 1508 3031 dass sein Absatz gefährdet wäre.
604 2924 2837 3115 Bei der gegenwärtigen Kalkulation und dem Anteil, den die Herstellungs-
488 3040 2804 3217 und Vertriebskosten (mit deutschem Papier) beanspruchen, bleibt für einen
503 3103 2894 3304 Gewinn des Verlegers ohnehin kam Raum, wenn der Ladenpreis eine vernünftige
491 3268 2897 3465 Begrenzung nach oben finden soll. Auch die Einbandkosten sind in den letzten
500 3355 2690 3606 Woohem um das Dreifache gestiegen, und trotz der Erhöhung der Einband-
