3064 3783
1279 153 1424 291 S5
441 214 2425 452 S. Fischer/Verlag/Berlin W 57/Bülowstraß
1512 388 2400 500 Berlin / Postscheckkonto: Berlin Nr. 16892
791 408 1199 549 Deutsche Bank, Dr.
1190 475 1648 594 lüsse: Amt Lützow Nr.
888 491 1038 588 Fernspi
1707 472 2073 658 6162-6164
2173 522 2625 752 14. Febr. 24
311 588 505 769 r/si.
674 788 1626 1021 Herrn Dr. Arthur Schnitzler
2162 816 2362 1007 Wien
702 993 1204 1185 Lieber Freund,
766 1113 2855 1338 ich stehe vor der Reise und kann auf Ihren Brief vom 11. ds. M.
649 1290 2650 1437 noch mit einigen Zeilen antworten: Wir haben 3 839 Mark als
652 1388 2647 1521 Vorauszahlung an die Bank für Auswärtigen Handel überwiesen.
738 1474 2786 1640 Die Absatzliste im vorigen Quartal umfasst auch die Auslands-
2531 1537 2781 1623 G.C.H.S.
655 1598 2756 1737 Exemplare, hat aber mit unserer Vorauszahlung nichts zu tun, da
660 1707 2550 1829 wir die Auslandsexemplare doch separat verrechnen müssen.
783 1784 2797 1926 Wegen der zwei „Beigen-Aufführungen in Bielitz haben wir an
658 1884 2889 2054 Eirich geschrieben. - Die 16 Millionen Polenmark sind für Aufführung
666 1998 2714 2189 gen in Kattowitz und Warschau zu verrechnen, worüber Ihnen Ab-
680 2123 1227 2276 rechnung zugeht.
763 2192 2775 2353 Selbstverständlich sind alle Ihre Kerke vorrätig. Auf diesen
685 2292 2686 2456 Weil der Frage kommen wir ja noch gelegentlich des Vertrages
680 2434 930 2592 zurück.
1593 2420 2362 2586 Mit herzlichen Grüssen
1590 2689 2145 2955 F. fisch
