2966 4271
1727 522 2016 714 C.H.P.P
1622 677 2153 791 M r... -..
896 691 1228 799 ....
1216 754 1807 874 11 ¼ T 8 â¢ 3 T Ass.
440 814 2570 956 ein Telegramm aus Holland von Ziegels Unternehmer, der sich für
431 928 2624 1073 das Verbot natürlich sehr interessiert, dass von der Lugt spielt,
428 1045 2547 1179 Natürlich ist diese Angelegenheit ganz unabhängig von der Ange
440 1136 2567 1285 legenheit Ziegel und für sich selbst von so grosser Wichtigkeit
440 1242 2481 1370 dass ich sogleich als ich von der Sache erfuhr, Schritte bei
431 1316 2575 1476 Reyding unternommen habe. Es ist nun möglich, dass van der Lugt
443 1465 2584 1593 unser und Ihr Protesttelegramm erst erhielt, nachdem er bereits
1876 1536 2127 1605 doulles
440 1567 2581 1707 zu spielen angefangen hatte und es ist ja möglich, dass er nun
437 1644 2732 1816 davon abgeht. Auf alle Fälle telegraphierte ich nochmals an Reyding,
600 1779 2455 1936 ihn, seinen ganzen Einfluss einzusetzen und ersuchte um
445 1802 554 1893 ba
454 1881 551 1936 P.S.
445 1904 2587 2033 Drahtbescheid. Sollte dieser negativ sein, d. h. die Mitteilung
451 1950 2681 2144 enthalten, dass unser Appell an van der Lugt wirkungslos geblieben
460 2098 2615 2264 ist, so werde ich Ihnen hiervon telegraphische Mitteilung machen
454 2201 2527 2353 und empfehle in diesem Falle dringend, von Ihnen aus eine ent
457 2313 2550 2472 sprechende Erklärung in den wichtigeren holländischen Blüttern
468 2444 2589 2587 zu veröffentlichen, diese sind: Nieuwe Rotterdemsche Courant,
443 2521 2584 2689 Rotterdam, RotterdamschNieuwsblad, Maasbode Rotterdam, Haagsche
451 2638 2507 2809 Post, Haag, Telegraaf, Amsterdam, Handelsblad, Amsterdam, In
488 2769 2629 2889 der Anlage übersende ich ein Scheeveninger Telegrammheft, worin
471 2881 2601 2998 die Auführung der "Heigenszenen angezeigt ist. Es handelt sich
463 2966 2587 3112 um “Der Soldat und die Dirne „ und „Der Dichter und die Schau
2395 3086 2524 3200 dol
474 3089 1111 3260 spielerin.
305 3095 434 3283 G.F.P
340 3175 1399 3417 Mit den beste
465 3309 1079 3475 e e eeamtraghffen¬
460 3406 959 3574 Denieshie mit 8 xxx
