3079 3929
435 341 2510 599 S. Fischer/Verlag/Berlin W 57/Bülowstrasse
957 524 2274 630 nachlüsse: Amt Lützow Nr. 1662. 6162 und 9292 / Postscheckkonto: Berlin Nr 1669.
1134 585 1908 718 THEATERABTEILUNG
1112 685 1983 835 Berlin, den 20. März 1924
546 1024 754 1198 Herrn
813 1107 1559 1362 Dr. Arthur Schnitzler,
1725 1229 2005 1398 Wien
1248 1370 1334 1495 G.C.P.
2166 1434 2294 1570 G.F.P
1534 1484 2108 1595 G.C.H.F.P.D'H.D.
560 1467 1503 1634 Sehr verehrter Herr Doktor,
1503 1539 2660 1714 verzeihen Sie bitte die verspätete
566 1706 2799 1836 Erledigung Ihres Schreibens vom 1. 3., ich war längere Zeit krank.
558 1822 2641 1953 Dass ich Ihnen die versprochenen Belege für die Treuhänder in
569 1936 2646 2050 Washington noch nicht zugehen liess, hat aber vor allem einen
571 2055 2740 2155 sachlichen Grund. Im Zuge meiner Verhandlungen mit dem Bund der
1176 2133 1453 2200 G.C.H.F.P.P
571 2152 2738 2291 Auslandsdeutschen, schien es nämlich in letzter Zeit, als ob wir
580 2255 2635 2397 die Freigabe der Gelder bald zu erwarten hätten, so dass eine
580 2338 2618 2524 weitere intervention im Augenblick eher störend hätte wirken
1742 2449 1928 2519 G.C.F.P.
577 2483 2679 2616 können. Nun ist beim Bunde der Auslandsdeutschen ein Kabel aus
577 2596 2688 2724 New York eingetroffen, das besagt, " Fischer Verlag genehmigt“.
582 2724 2691 2829 Es besteht also wohl kein Zweifel mehr, dass die Angelegenheit
1928 2779 2014 2843 G.C.P.
1695 2782 1836 2843 G.C.F.P.
1537 2785 1648 2846 G.F.P.
591 2774 2718 2962 sachlich als erledigt betrachtet werden kann, nähere briefliche
588 2871 2727 3065 Erläuterung aus New York wird erwartet. Stimmt alles, so können
594 3043 2743 3187 wir binnen weniger Wochen mit der Auszahlung der Gelder rechnen.
591 3126 2782 3276 Ich würde daher empfehlen, von einer weiteren Aktion zunächst ab-
602 3262 890 3428 nusehen.
1495 3334 2790 3517 Ihre freundliche Anfrage betreffend Ihr
594 3428 2740 3606 neues Drama, dem ich mit Spannung entgegensehe, hat inzwischen
2360 3614 2738 3761 darauf be -
1637 3575 2316 3756 geantwortet und die
