3168 4023
2103 237 2476 441 Blatt 2
322 287 1365 458 S. FISCHER,VERLAG, BERLIN,
547 642 2526 798 eine Pachtsumme von 1000 Kronen bezahlen. Wir haben diesem vor-
547 781 2539 992 teilhafteren Angebot zugestimmt, Dr. Martin wird Ihnen die 1000
542 902 1700 1048 Kronen direkt aus Budapest zusenden.
854 934 2587 1136 Die Deutsche Bank hat uns schon am 26. Oktober gemeldet,
559 1101 2544 1219 dass sie den Betrag Ihrer Bank überwiesen hat. Sollten Sie also
557 1189 2567 1378 das Avis noch nicht bekommen haben, so urgieren Sie es bei Ihrer
547 1322 735 1463 Bank.
836 1350 2599 1547 Kritiken über "Das weite Land” in New-York folgen anbei,
1249 1484 1403 1552 G.C.H.F.P
846 1501 2541 1647 Von Björkman ist eine Abrechnung oder Anzahlung bisher
557 1609 2579 1761 noch nicht erfolgt. Auch von Frau Körber ist ein Honorar für Sie
554 1733 1332 1864 nicht eingezahlt worden.
882 1813 2456 1965 Sollten Sie uns eine Ihrer beiden Novellen für die
2015 1887 2204 1957 3t
582 1917 2461 2040 "Neue Rundschau" zum Abdruck überlassen wollen, so würde ich
723 2002 1138 2078 Mais elle lʼautre avoit eu une autre beaucoup
574 2020 2483 2171 Ihnen ein Abdruckshonorar von 25 Mark pro Seite anbieten, was
564 2118 2403 2274 ja auch für Friesenszeiten für die Verhältnisse der "Neuen
572 2224 2461 2360 Rundschau" ein sehr anständiges Honorar ist. Glauben Sie die
564 2332 2579 2473 Novelle nach dem Krieg aber besser verwerten zu können, so werde
572 2433 1985 2594 ich es verstehen, wenn Sie sie liegen lassen.
1048 2524 1786 2698 Mit herzlichen Grüssen
1791 2627 1947 2781 Ihr
1665 2730 2161 2927 S. Fische
