3143 3848
1135 233 2163 495 se D nimtt pahu
742 323 996 501 dafoli.
390 314 684 553 op 3érie
710 434 2140 614 Zehl seit und schmordung und 2519.863!.M werden wir anlichtenden
1124 509 1878 643 OMUJISTBASSTASHT
518 550 2626 742 gestellt zu haben, was ja nur zu Ihrem Vorteil ist, wenigstens
507 664 2847 911 nach der Auffassung, die Ihren Massnahmen in Auslandsfragen zugrunde-
504 827 2638 1016 liegt. Dem steht gegenüber, dass Brandt xxx Kirpatrick, wie ich
515 969 2588 1130 Ihnen bereits früher einmal schrieb, die "Buddenbroocks" bei
521 1068 2696 1293 Knopf untergebracht haben, obwohl Thomas Mann in Amerika damals
527 1208 2643 1400 nur erst vom Hörensagen bekannt war. Diese Annahme hat darauf
536 1342 2667 1488 hingewirkt, dass Thomas Mann jetzt die Bahn in Amerika frei ge-
533 1470 2707 1622 legt ist. Weiterhin haben Br.&K. Hermann Hesse zuerst in Amerika
539 1569 2611 1761 eingeführt, " Demian " erscheint demnächst und weitere Werke
539 1686 2582 1854 sollen raschestens folgen. Dann haben Br. & K. auch Hernhard
547 1796 2649 1997 Kellermann nach Amerika gebracht, von dem zwar der "Tunnel "
638 1945 873 2023 Gouneur de ses
553 1933 2684 2084 dort erschienen, die übrigen stilleren Romane aber, die Markt-
550 2026 2681 2265 mässig ganz anders zu beurteilen sind, dort noch gändlich un -
559 2143 2661 2320 bekannt waren. Ich erwähne nur diese wichtigsten Tatsachen, um
562 2303 2664 2451 Ihnen zu zeigen, dass mein Festhalten an diesen altväterischen
562 2378 2757 2556 und langsamen Leuten schliesslich doch nicht umsonst gewesen ist.
559 2530 2673 2699 Uebrigens weiss ich aus mancherlei Quellen, dass es kaum einen
568 2600 2742 2827 bedeutenden deutschen Autor mehr gibt, der nicht auf irgend eine
579 2783 2582 2978 Weise mit Br. & K. zusammenhinge (ich denke hier speziell an
571 2911 1831 3100 Autoren ausserhalb unseres Verlages).
1220 2981 2722 3217 Aus den Vormerkungen über „Bernhardi“ die wir
539 3170 2754 3298 hier haben, ging nur hervor, dass das Stück englisch erschienen
2483 3226 2722 3386 England.
1884 3264 2087 3418 in eine
1715 3284 1820 3395 ich
1421 3261 1558 3427 lass
594 3296 1357 3467 sei, ich nahm daher an
1703 3400 2247 3543 dass Sie das Stücke
585 3418 1214 3592 handele. Ich nehme
2739 3389 2853 3648 Loy
1491 3502 2463 3671 sse aber noch eine Antwort da
716 3546 1284 3706 frei betrachten,
