3321 4087
873 397 1222 618 FISCHER
1767 489 1901 634 "R. W.
478 593 1219 728 r. A. Schnitzler, Wien
2492 631 2811 763 11. Nov. 2
644 926 2739 1114 dafür, dass Sie diese Erlaubnis dem Verlag HARZ geben, ich sehe
650 1066 2787 1195 sonst kein Ende für die Ordnung der Dinge. Allerdings müssen wir
639 1179 2798 1321 dann warten bis HARZ die Vorräte verranscht hat und da müsste man
647 1267 2763 1407 ihm einen Termin setzen und sagen, dass er verpflichtet ist, die
779 1342 1259 1410 spattestens.
639 1375 2752 1522 Vorräte bis Ende nächsten jahres auf den Markt zu bringen, resp.
636 1463 2704 1608 zu verkaufen. Dann haben wir einen festen Termin und der Markt
636 1592 2784 1705 Wäre für eine neue Ausgabe vom "Reigen " für uns frei. Bitte ent-
639 1694 2621 1823 scheiden Sie, ob wir so vorgehen sollen, wir würden dann die
636 1788 2156 1904 Verhandlungen mit HARZ am besten selbt führen.
2387 1890 2510 1982 G.C.F.P.
1600 1949 2639 2097 Mit herzlichen Grüssen
2414 2046 2548 2151 G.H.F.P.
1869 2046 2076 2178 The
1904 2148 2462 2355 Ffischer,
