3125 4055
1241 529 1367 628 geschachte
847 896 1729 1075 t zelverleger sein Geschäft an
718 1002 1956 1162 e uns unser Mittelsmann schon früher bei
637 1110 2225 1282 darüber, dass der Rückkauf der Rechte vom Einzel-
631 1212 2272 1410 der Gesamtausgabe besonderen Schwierigkeiten nicht begegen
2873 1253 2964 1410 zen
639 1317 2275 1489 erwähnt, sind die Möglichkeiten eines Einzelbuches
625 1410 2289 1594 Zeitraum erschöpft, sodass jeder Verlag, wenn dies
642 1539 2158 1670 strichen ist, es begrüssen wird, wenn er für d
639 1603 2429 1796 schäftlich wertlos gewordene Einzelverlagsrecht bei Ve
2727 1667 2891 1816 dass
645 1691 2587 1886 noch eine Entschädigung bekommt. Die Sache steht also heute
642 1784 2993 2032 kein Hindernis für Sie mehr besteht, die von Ihnen bereits angeknüpften
663 1910 2923 2079 Verhandlungen über einzelne Bücher in Amerika meiterzuführen. Ledig-
958 1951 1066 2018 G.C.H.
1705 2012 1793 2062 G.C.F.P
1308 2026 1591 2099 G.C.H.F.P.S
2646 1977 2905 2129 müssten
660 1989 2596 2187 lich was die Veranstaltung einer Gesamtausgabe anbetrifft
2745 2102 2943 2216 ermächt
657 2099 2491 2292 Sie uns für den Zeitraum von Sechs (8) Monaten die al¬
2756 2172 3005 2321 nebenher.
663 2228 2467 2394 gung zur Durchführung der Verhandlungen erteilen. Wir ein
2695 2275 2914 2421 erfenen.
663 2310 2491 2505 dass die Gesamtausgabe nach dem durch unsern Mittelsman
669 2444 2397 2593 Plan auch die in Ihren Gesammelten Werken nicht enthält
2882 2421 2990 2610 oht
677 2514 2330 2716 Arbeiten enthalten sollen. Mit den unberechtigten
689 2616 2257 2792 man selbstverständlich keinerlei Verhandlungen
698 2765 1898 2900 für die Gesamtausgabe zu pflegen; so
695 2867 1609 3043 Ihnen ausdrücklich autorisie.
832 2970 1364 3124 Was die finanzie¬
718 3086 984 3244 so möcht
