<?xml version="1.0" encoding="UTF-8" standalone="yes"?>
<PcGts xmlns="http://schema.primaresearch.org/PAGE/gts/pagecontent/2013-07-15" xmlns:xsi="http://www.w3.org/2001/XMLSchema-instance" xsi:schemaLocation="http://schema.primaresearch.org/PAGE/gts/pagecontent/2013-07-15 http://schema.primaresearch.org/PAGE/gts/pagecontent/2013-07-15/pagecontent.xsd">
    <Metadata>
        <Creator>prov=READ-COOP:name=TrHtr:version=2.1.0:model_id=51170:date=27_07_2023_22:29</Creator>
        <Created>2023-05-02T08:10:50.789+02:00</Created>
        <LastChange>2023-07-27T22:29:34.479+02:00</LastChange>
        <TranskribusMetadata docId="1416743" pageId="54953673" pageNr="169" tsid="131305812" status="IN_PROGRESS" userId="64420" imgUrl="https://files.transkribus.eu/Get?id=AYGRSEWYNNBZQNBRDYIXABRQ&amp;fileType=view" xmlUrl="https://files.transkribus.eu/Get?id=TAKXDJBFIYPPBZPWJCLFJPUH" imageId="44457398"/>
    </Metadata>
    <Page imageFilename="1416743_0169.jpg" imageWidth="3252" imageHeight="4007">
        <ReadingOrder>
            <OrderedGroup id="ro_1711826232418" caption="Regions reading order">
                <RegionRefIndexed index="0" regionRef="tr_1"/>
                <RegionRefIndexed index="1" regionRef="tr_2"/>
            </OrderedGroup>
        </ReadingOrder>
        <TextRegion id="tr_1" custom="readingOrder {index:0;}">
            <Coords points="704,185 2982,185 2982,2547 704,2547"/>
            <TextLine id="tr_1_tl_1" custom="readingOrder {index:0;}">
                <Coords points="1418,267 1472,284 1503,267 1531,264 1546,273 1554,267 1568,278 1594,264 1614,267 1611,168 1591,170 1583,162 1571,173 1551,156 1512,159 1497,173 1415,165"/>
                <Baseline points="1433,235 1477,238 1522,241 1567,241 1612,238 1618,235"/>
                <TextEquiv>
                    <Unicode>426</Unicode>
                </TextEquiv>
            </TextLine>
            <TextLine id="tr_1_tl_2" custom="readingOrder {index:1;}">
                <Coords points="969,389 2438,381 2443,259 2256,281 2094,219 1779,290 1685,247 1500,290 1347,224 975,259"/>
                <Baseline points="985,379 1015,382 1059,382 1104,382 1149,382 1194,382 1239,379 1283,376 1328,376 1373,376 1418,376 1463,376 1507,373 1552,370 1597,364 1642,364 1687,364 1731,358 1776,358 1821,358 1866,346 1910,349 1955,349 2000,349 2045,346 2090,346 2134,346 2179,343 2224,340 2269,340 2314,337 2358,337 2403,334 2448,328"/>
                <TextEquiv>
                    <Unicode>S. FISCHER/VERLAG</Unicode>
                </TextEquiv>
            </TextLine>
            <TextLine id="tr_1_tl_3" custom="readingOrder {index:2;}">
                <Coords points="688,477 1585,500 2711,429 2745,364 690,406"/>
                <Baseline points="704,465 737,465 782,465 827,465 871,465 916,465 961,468 1006,468 1051,465 1095,465 1140,465 1185,465 1230,465 1274,465 1319,462 1364,462 1409,459 1454,456 1498,453 1543,453 1588,450 1633,447 1678,444 1722,444 1767,441 1812,438 1857,435 1901,435 1946,432 1991,432 2036,429 2081,426 2125,426 2170,423 2215,423 2260,421 2305,421 2349,421 2394,418 2439,418 2484,415 2529,412 2573,409 2618,406 2663,406 2708,403 2752,403"/>
                <TextEquiv>
                    <Unicode>Bankkonto: Deutsche Bank, Depositenkasse P. Berlin / Postscheckkonto. Berlin 16692</Unicode>
                </TextEquiv>
            </TextLine>
            <TextLine id="tr_1_tl_4" custom="readingOrder {index:3;}">
                <Coords points="1125,557 1264,588 1577,528 2293,534 2299,443 1128,494"/>
                <Baseline points="1140,546 1182,543 1227,543 1271,543 1316,540 1361,540 1406,537 1451,534 1495,531 1540,528 1585,525 1630,525 1675,522 1719,519 1764,519 1809,516 1854,513 1898,513 1943,510 1988,507 2033,507 2078,507 2122,504 2167,504 2212,498 2257,498 2302,498"/>
                <TextEquiv>
                    <Unicode>BERLIN W 57 / BULowSTRASSE 90</Unicode>
                </TextEquiv>
            </TextLine>
            <TextLine id="tr_1_tl_5" custom="readingOrder {index:4;}">
                <Coords points="1315,634 1463,648 1696,617 1750,639 1850,591 1904,622 1992,597 2012,617 2100,591 2103,534 1571,528 1398,568 1321,554"/>
                <Baseline points="1334,612 1349,609 1394,606 1439,606 1483,600 1528,600 1573,600 1618,597 1663,594 1707,591 1752,588 1797,588 1842,585 1887,582 1931,582 1976,579 2021,579 2066,576 2110,576"/>
                <TextEquiv>
                    <Unicode>Ferneuf: Lützow 1662, 6162 und 9292</Unicode>
                </TextEquiv>
            </TextLine>
            <TextLine id="tr_1_tl_6" custom="readingOrder {index:5;}">
                <Coords points="2247,705 2282,699 2364,727 2429,693 2458,705 2483,685 2526,710 2537,699 2557,710 2574,696 2594,702 2600,591 2517,577 2455,614 2424,602 2407,617 2367,617 2350,600 2321,611 2253,582"/>
                <Baseline points="2263,686 2290,686 2334,686 2379,683 2424,683 2469,680 2514,677 2558,674 2603,671"/>
                <TextEquiv>
                    <Unicode>29/4. 1919</Unicode>
                </TextEquiv>
            </TextLine>
            <TextLine id="tr_1_tl_7" custom="readingOrder {index:6;}">
                <Coords points="952,1065 1472,1040 1571,1105 1793,1117 1821,940 1722,912 1531,943 1369,918 1136,972 958,921"/>
                <Baseline points="967,1045 973,1045 1018,1045 1062,1042 1107,1042 1152,1042 1197,1039 1242,1039 1286,1039 1331,1036 1376,1033 1421,1033 1466,1030 1510,1027 1555,1027 1600,1024 1645,1021 1689,1018 1734,1015 1779,1012 1824,1012"/>
                <TextEquiv>
                    <Unicode>Herrn Dr. Arthur Schnitzler</Unicode>
                </TextEquiv>
            </TextLine>
            <TextLine id="tr_1_tl_8" custom="readingOrder {index:7;}">
                <Coords points="1847,1142 1861,1142 1872,1154 1889,1139 1921,1156 1952,1134 1992,1142 2003,1154 2023,1151 2020,997 2000,994 1955,1020 1901,1011 1881,1031 1844,1026"/>
                <Baseline points="1863,1110 1907,1113 1952,1110 1997,1110 2030,1119"/>
                <TextEquiv>
                    <Unicode>Wien</Unicode>
                </TextEquiv>
            </TextLine>
            <TextLine id="tr_1_tl_9" custom="readingOrder {index:8;}">
                <Coords points="764,1378 872,1384 909,1364 986,1361 1048,1387 1080,1364 1108,1381 1142,1364 1225,1367 1227,1270 1202,1262 1139,1279 1097,1259 1046,1270 986,1230 929,1267 898,1259 864,1279 767,1253"/>
                <Baseline points="779,1358 785,1358 830,1355 874,1355 919,1352 964,1352 1009,1352 1054,1349 1098,1349 1143,1349 1188,1346 1233,1349"/>
                <TextEquiv>
                    <Unicode>Lieber Freund,</Unicode>
                </TextEquiv>
            </TextLine>
            <TextLine id="tr_1_tl_10" custom="readingOrder {index:9;}">
                <Coords points="904,1540 2804,1503 2847,1355 2074,1330 1807,1426 909,1435"/>
                <Baseline points="922,1507 925,1504 970,1504 1015,1501 1059,1498 1104,1498 1149,1498 1194,1495 1239,1492 1283,1492 1328,1492 1373,1489 1418,1489 1463,1486 1507,1483 1552,1483 1597,1480 1642,1480 1687,1477 1731,1475 1776,1475 1821,1475 1866,1472 1910,1469 1955,1469 2000,1469 2045,1466 2090,1463 2134,1460 2179,1460 2224,1457 2269,1457 2314,1454 2358,1454 2403,1451 2448,1448 2493,1448 2537,1445 2582,1442 2627,1442 2672,1442 2717,1439 2761,1439 2806,1436 2851,1436"/>
                <TextEquiv>
                    <Unicode>Sie scheinen meinen letzten Brief nicht bekommen zu haben, in</Unicode>
                </TextEquiv>
            </TextLine>
            <TextLine id="tr_1_tl_11" custom="readingOrder {index:10;}">
                <Coords points="784,1665 2946,1548 2978,1477 790,1540"/>
                <Baseline points="803,1609 833,1609 877,1612 922,1609 967,1606 1012,1606 1056,1606 1101,1603 1146,1603 1191,1600 1236,1600 1280,1597 1325,1594 1370,1594 1415,1594 1460,1591 1504,1591 1549,1588 1594,1588 1639,1585 1684,1582 1728,1582 1773,1579 1818,1576 1863,1576 1907,1573 1952,1570 1997,1570 2042,1570 2087,1567 2131,1564 2176,1561 2221,1564 2266,1561 2311,1558 2355,1558 2400,1555 2445,1552 2490,1552 2534,1549 2579,1549 2624,1546 2669,1543 2714,1540 2758,1540 2803,1540 2848,1537 2893,1534 2938,1531 2982,1531"/>
                <TextEquiv>
                    <Unicode>welchem ich geraten habe, dem Ansturm auf den „Reigen“ folge zu geben.</Unicode>
                </TextEquiv>
            </TextLine>
            <TextLine id="tr_1_tl_12" custom="readingOrder {index:11;}">
                <Coords points="2640,1605 2674,1597 2705,1617 2745,1588 2765,1605 2799,1577 2850,1597 2901,1594 2946,1574 2966,1583 2969,1546 2642,1548"/>
                <Baseline points="2654,1567 2699,1573 2743,1573 2788,1570 2833,1570 2878,1567 2923,1567 2967,1570 2973,1570"/>
                <TextEquiv>
                    <Unicode>vermeinte</Unicode>
                </TextEquiv>
            </TextLine>
            <TextLine id="tr_1_tl_13" custom="readingOrder {index:12;}">
                <Coords points="1975,1676 2651,1676 2847,1639 2909,1665 2961,1651 2963,1591 1975,1637"/>
                <Baseline points="1991,1669 2027,1669 2072,1669 2116,1666 2161,1666 2206,1663 2251,1660 2296,1660 2340,1657 2385,1657 2430,1654 2475,1651 2520,1651 2564,1648 2609,1648 2654,1648 2699,1648 2743,1645 2788,1642 2833,1642 2878,1639 2923,1636 2967,1639"/>
                <TextEquiv>
                    <Unicode>Sie bekennen sich dazu, und die</Unicode>
                </TextEquiv>
            </TextLine>
            <TextLine id="tr_1_tl_14" custom="readingOrder {index:13;}">
                <Coords points="790,1747 1014,1773 1452,1719 1884,1722 1887,1605 1443,1597 793,1662"/>
                <Baseline points="806,1713 818,1713 862,1713 907,1713 952,1710 997,1707 1042,1707 1086,1707 1131,1707 1176,1701 1221,1701 1265,1698 1310,1698 1355,1695 1400,1695 1445,1692 1489,1692 1534,1692 1579,1692 1624,1692 1669,1689 1713,1684 1758,1681 1803,1687 1848,1687 1893,1684"/>
                <TextEquiv>
                    <Unicode>Sie haben ja dieses Werk geschriebe</Unicode>
                </TextEquiv>
            </TextLine>
            <TextLine id="tr_1_tl_15" custom="readingOrder {index:14;}">
                <Coords points="1929,1710 2773,1713 2773,1668 2000,1679 1929,1645"/>
                <Baseline points="1946,1692 1994,1698 2039,1698 2084,1698 2128,1698 2173,1698 2218,1695 2263,1698 2308,1695 2352,1692 2397,1692 2442,1692 2487,1692 2531,1692 2576,1692 2621,1695 2666,1698 2702,1701 2708,1701 2752,1701 2779,1704"/>
                <TextEquiv>
                    <Unicode>(votre amitiété).</Unicode>
                </TextEquiv>
            </TextLine>
            <TextLine id="tr_1_tl_16" custom="readingOrder {index:15;}">
                <Coords points="784,1852 2779,1796 2946,1750 2949,1679 787,1776"/>
                <Baseline points="803,1815 847,1812 892,1812 937,1812 982,1809 1027,1809 1071,1809 1116,1806 1161,1803 1206,1803 1251,1800 1295,1800 1340,1800 1385,1797 1430,1794 1475,1794 1519,1794 1564,1791 1609,1788 1654,1785 1698,1785 1743,1782 1788,1782 1833,1779 1878,1779 1922,1779 1967,1776 2012,1773 2057,1773 2102,1770 2146,1767 2191,1764 2236,1764 2281,1761 2325,1761 2370,1758 2415,1755 2460,1755 2505,1755 2549,1752 2594,1749 2639,1749 2684,1749 2729,1749 2773,1746 2818,1743 2863,1740 2908,1737 2952,1740"/>
                <TextEquiv>
                    <Unicode>äusseren Zeichen deuten darauf hin, dass die früheren Bedenken jetzt</Unicode>
                </TextEquiv>
            </TextLine>
            <TextLine id="tr_1_tl_17" custom="readingOrder {index:16;}">
                <Coords points="793,1975 2819,1912 2878,1781 796,1841"/>
                <Baseline points="809,1919 824,1916 868,1916 913,1916 958,1916 1003,1913 1048,1913 1092,1910 1137,1907 1182,1907 1227,1904 1271,1904 1316,1904 1361,1901 1406,1898 1451,1898 1495,1898 1540,1896 1585,1893 1630,1890 1675,1890 1719,1887 1764,1887 1809,1884 1854,1884 1898,1881 1943,1878 1988,1878 2033,1875 2078,1875 2122,1872 2167,1869 2212,1869 2257,1869 2302,1866 2346,1866 2391,1863 2436,1863 2481,1860 2526,1860 2570,1857 2615,1854 2660,1854 2705,1854 2749,1854 2794,1851 2839,1848 2884,1845"/>
                <TextEquiv>
                    <Unicode>doch wohl nicht mehr zutreffen. In Berlin würde ich empfehlen, das</Unicode>
                </TextEquiv>
            </TextLine>
            <TextLine id="tr_1_tl_18" custom="readingOrder {index:17;}">
                <Coords points="798,2034 2790,2017 2915,1989 2918,1909 798,1980"/>
                <Baseline points="815,2021 859,2021 904,2021 949,2018 994,2015 1039,2015 1083,2012 1128,2012 1173,2009 1218,2006 1263,2006 1307,2003 1352,2003 1397,2003 1442,2003 1486,2000 1531,2000 1576,1997 1621,1994 1666,1994 1710,1994 1755,1991 1800,1988 1845,1988 1890,1985 1934,1982 1979,1979 2024,1979 2069,1976 2113,1976 2158,1976 2203,1976 2248,1973 2293,1970 2337,1970 2382,1967 2427,1964 2472,1964 2517,1961 2561,1961 2606,1958 2651,1958 2696,1955 2741,1955 2785,1952 2830,1952 2875,1949 2920,1949"/>
                <TextEquiv>
                    <Unicode>Trianon-Thoater möglichst zu vermoiden; die Nähe der leichtsinnigen</Unicode>
                </TextEquiv>
            </TextLine>
            <TextLine id="tr_1_tl_19" custom="readingOrder {index:18;}">
                <Coords points="793,2165 2850,2117 2952,2083 2958,1975 796,2077"/>
                <Baseline points="809,2122 853,2122 898,2122 943,2122 988,2119 1033,2116 1077,2116 1122,2113 1167,2110 1212,2110 1257,2108 1301,2108 1346,2108 1391,2108 1436,2105 1480,2102 1525,2102 1570,2099 1615,2099 1660,2096 1704,2093 1749,2093 1794,2093 1839,2090 1884,2087 1928,2087 1973,2087 2018,2084 2063,2081 2108,2078 2152,2078 2197,2078 2242,2075 2287,2075 2331,2072 2376,2072 2421,2069 2466,2069 2511,2066 2555,2063 2600,2063 2645,2060 2690,2060 2735,2057 2779,2060 2824,2057 2869,2054 2914,2051 2958,2051"/>
                <TextEquiv>
                    <Unicode>Pariser Schwänke würde Ihnen gewiss für den "Reigen" nicht angenehm</Unicode>
                </TextEquiv>
            </TextLine>
            <TextLine id="tr_1_tl_20" custom="readingOrder {index:19;}">
                <Coords points="801,2262 1816,2247 2898,2165 2918,2108 804,2185"/>
                <Baseline points="821,2227 862,2227 907,2227 952,2224 997,2224 1042,2221 1086,2218 1131,2218 1176,2215 1221,2215 1265,2212 1310,2212 1355,2212 1400,2209 1445,2209 1489,2206 1534,2209 1579,2203 1624,2203 1669,2203 1713,2200 1758,2197 1803,2194 1848,2194 1893,2191 1937,2191 1982,2191 2027,2188 2072,2185 2116,2185 2161,2182 2206,2179 2251,2179 2296,2176 2340,2176 2385,2176 2430,2173 2475,2167 2520,2167 2564,2167 2609,2164 2654,2161 2699,2158 2743,2158 2788,2158 2833,2158 2878,2155 2923,2155"/>
                <TextEquiv>
                    <Unicode>sein. Wenn es irgendwie geht, sollte Reinhardt den "Reigen "in den</Unicode>
                </TextEquiv>
            </TextLine>
            <TextLine id="tr_1_tl_21" custom="readingOrder {index:20;}">
                <Coords points="2816,2210 2844,2205 2855,2216 2864,2205 2884,2202 2895,2210 2904,2205 2921,2216 2941,2216 2938,2165 2918,2162 2907,2171 2892,2171 2884,2162 2875,2162 2870,2168 2864,2162 2847,2168 2813,2168"/>
                <Baseline points="2830,2194 2875,2194 2920,2197 2944,2197"/>
                <TextEquiv>
                    <Unicode>t&amp;&amp;n</Unicode>
                </TextEquiv>
            </TextLine>
            <TextLine id="tr_1_tl_22" custom="readingOrder {index:21;}">
                <Coords points="2426,2225 2551,2210 2580,2225 2617,2213 2645,2228 2659,2216 2694,2233 2696,2171 2679,2174 2674,2165 2554,2182 2429,2179"/>
                <Baseline points="2442,2203 2478,2203 2523,2203 2567,2203 2612,2200 2657,2197 2702,2197"/>
                <TextEquiv>
                    <Unicode>u</Unicode>
                </TextEquiv>
            </TextLine>
            <TextLine id="tr_1_tl_23" custom="readingOrder {index:22;}">
                <Coords points="2122,2253 2137,2253 2139,2250 2162,2250 2165,2253 2168,2250 2219,2247 2219,2193 2202,2191 2196,2196 2191,2191 2168,2191 2162,2196 2151,2196 2145,2202 2122,2199"/>
                <Baseline points="2137,2242 2182,2242 2224,2242"/>
                <TextEquiv>
                    <Unicode>G.C.P.</Unicode>
                </TextEquiv>
            </TextLine>
            <TextLine id="tr_1_tl_24" custom="readingOrder {index:23;}">
                <Coords points="801,2347 2043,2355 2645,2273 2745,2333 2949,2276 2952,2199 804,2287"/>
                <Baseline points="818,2331 853,2331 898,2331 943,2331 988,2328 1033,2328 1077,2325 1122,2322 1167,2319 1212,2319 1257,2319 1301,2317 1346,2317 1391,2314 1436,2314 1480,2308 1525,2308 1570,2308 1615,2308 1660,2305 1704,2302 1749,2302 1794,2302 1839,2299 1884,2296 1928,2296 1973,2293 2018,2290 2063,2290 2108,2287 2152,2287 2197,2284 2242,2284 2287,2281 2331,2278 2376,2275 2421,2278 2466,2275 2511,2275 2555,2272 2600,2272 2645,2269 2690,2269 2735,2266 2779,2263 2824,2263 2869,2263 2914,2260 2958,2260"/>
                <TextEquiv>
                    <Unicode>Kammerspielen (nicht etwa im Kleinen Schauspielhaus) spielen, und da</Unicode>
                </TextEquiv>
            </TextLine>
            <TextLine id="tr_1_tl_25" custom="readingOrder {index:24;}">
                <Coords points="2137,2327 2310,2327 2409,2350 2483,2318 2515,2336 2563,2318 2605,2330 2605,2282 2137,2296"/>
                <Baseline points="2152,2319 2164,2317 2209,2317 2254,2314 2299,2314 2343,2311 2388,2311 2433,2308 2478,2305 2523,2305 2567,2305 2612,2308"/>
                <TextEquiv>
                    <Unicode>m m m m r jusqu'au moins de nouvelle.</Unicode>
                </TextEquiv>
            </TextLine>
            <TextLine id="tr_1_tl_26" custom="readingOrder {index:25;}">
                <Coords points="1244,2367 1264,2372 1279,2361 1304,2367 1318,2358 1361,2372 1378,2355 1404,2375 1455,2353 1466,2361 1517,2358 1520,2316 1281,2330 1247,2321"/>
                <Baseline points="1260,2352 1304,2349 1349,2346 1394,2346 1439,2343 1483,2337 1528,2334"/>
                <TextEquiv>
                    <Unicode>3 1/3</Unicode>
                </TextEquiv>
            </TextLine>
            <TextLine id="tr_1_tl_27" custom="readingOrder {index:26;}">
                <Coords points="1034,2389 1060,2392 1091,2375 1097,2375 1108,2387 1125,2375 1128,2378 1139,2372 1154,2372 1156,2341 1114,2341 1102,2347 1094,2341 1080,2341 1071,2347 1065,2347 1063,2341 1037,2341"/>
                <Baseline points="1051,2370 1071,2367 1116,2364 1161,2358"/>
                <TextEquiv>
                    <Unicode>ouvertieux</Unicode>
                </TextEquiv>
            </TextLine>
            <TextLine id="tr_1_tl_28" custom="readingOrder {index:27;}">
                <Coords points="835,2455 2753,2438 2924,2418 2926,2316 838,2384"/>
                <Baseline points="850,2433 874,2433 919,2433 964,2430 1009,2430 1054,2430 1098,2427 1143,2424 1188,2424 1233,2421 1277,2421 1322,2421 1367,2418 1412,2418 1457,2415 1501,2415 1546,2412 1591,2412 1636,2406 1681,2406 1725,2406 1770,2406 1815,2403 1860,2403 1904,2400 1949,2397 1994,2394 2039,2394 2084,2391 2128,2391 2173,2388 2218,2388 2263,2385 2308,2382 2352,2382 2397,2379 2442,2376 2487,2376 2531,2373 2576,2373 2621,2373 2666,2370 2711,2370 2755,2367 2800,2367 2845,2364 2890,2361 2935,2361"/>
                <TextEquiv>
                    <Unicode>die Theatersaison schon vorgeschritten ist, würde es vielleicht am</Unicode>
                </TextEquiv>
            </TextLine>
            <TextLine id="tr_1_tl_29" custom="readingOrder {index:28;}">
                <Coords points="815,2574 2426,2500 2625,2549 2892,2517 2895,2412 821,2483"/>
                <Baseline points="833,2537 839,2537 883,2537 928,2537 973,2534 1018,2534 1062,2534 1107,2531 1152,2531 1197,2529 1242,2526 1286,2526 1331,2526 1376,2526 1421,2523 1466,2520 1510,2520 1555,2517 1600,2514 1645,2514 1689,2511 1734,2511 1779,2508 1824,2505 1869,2505 1913,2505 1958,2502 2003,2502 2048,2499 2093,2499 2137,2496 2182,2493 2227,2493 2272,2490 2317,2490 2361,2487 2406,2487 2451,2481 2496,2481 2540,2478 2585,2478 2630,2475 2675,2472 2720,2472 2764,2472 2809,2469 2854,2469 2899,2469"/>
                <TextEquiv>
                    <Unicode>besten sein, wenn Reinhardt und alle nachfolgenden Theater es erst</Unicode>
                </TextEquiv>
            </TextLine>
        </TextRegion>
        <TextRegion id="tr_2" custom="readingOrder {index:1;}">
            <Coords points="824,2559 3111,2559 3111,3381 824,3381"/>
            <TextLine id="tr_2_tl_1" custom="readingOrder {index:0;}">
                <Coords points="807,2671 875,2702 926,2662 1148,2674 1205,2640 1267,2685 1435,2645 1600,2662 1645,2625 1762,2659 1858,2642 1861,2566 1631,2540 1176,2603 810,2586"/>
                <Baseline points="824,2645 833,2645 877,2642 922,2642 967,2642 1012,2639 1056,2639 1101,2639 1146,2636 1191,2633 1236,2630 1280,2630 1325,2627 1370,2627 1415,2627 1460,2624 1504,2624 1549,2621 1594,2618 1639,2618 1684,2615 1728,2612 1773,2612 1818,2609 1863,2609"/>
                <TextEquiv>
                    <Unicode>in der nächsten Saison aufführen.</Unicode>
                </TextEquiv>
            </TextLine>
            <TextLine id="tr_2_tl_2" custom="readingOrder {index:1;}">
                <Coords points="943,2770 2776,2728 2995,2688 2998,2631 946,2702"/>
                <Baseline points="958,2746 988,2743 1033,2741 1077,2741 1122,2738 1167,2738 1212,2735 1257,2735 1301,2732 1346,2732 1391,2732 1436,2729 1480,2729 1525,2726 1570,2723 1615,2720 1660,2720 1704,2717 1749,2717 1794,2717 1839,2714 1884,2714 1928,2711 1973,2711 2018,2708 2063,2705 2108,2705 2152,2702 2197,2699 2242,2696 2287,2696 2331,2693 2376,2693 2421,2690 2466,2690 2511,2687 2555,2687 2600,2684 2645,2684 2690,2681 2735,2681 2779,2681 2824,2678 2869,2678 2914,2675 2958,2672 3003,2672"/>
                <TextEquiv>
                    <Unicode>Ich habe neulich mit einem Russen gesprochen. Er bezweifelt, dass</Unicode>
                </TextEquiv>
            </TextLine>
            <TextLine id="tr_2_tl_3" custom="readingOrder {index:2;}">
                <Coords points="824,2890 2838,2807 2892,2705 827,2782"/>
                <Baseline points="839,2851 880,2848 925,2845 970,2845 1015,2845 1059,2842 1104,2839 1149,2839 1194,2839 1239,2836 1283,2833 1328,2833 1373,2833 1418,2833 1463,2830 1507,2830 1552,2827 1597,2824 1642,2824 1687,2821 1731,2818 1776,2818 1821,2815 1866,2812 1910,2812 1955,2812 2000,2812 2045,2809 2090,2809 2134,2806 2179,2803 2224,2800 2269,2797 2314,2797 2358,2797 2403,2794 2448,2791 2493,2791 2537,2788 2582,2788 2627,2785 2672,2782 2717,2785 2761,2782 2806,2779 2851,2779 2896,2782"/>
                <TextEquiv>
                    <Unicode>stanislawski den "Reigen" in Moskau gespielt hat, meint aber auch,</Unicode>
                </TextEquiv>
            </TextLine>
            <TextLine id="tr_2_tl_4" custom="readingOrder {index:3;}">
                <Coords points="1617,2890 1634,2890 1642,2881 1648,2884 1654,2878 1665,2873 1671,2875 1682,2867 1688,2873 1691,2870 1693,2873 1716,2870 1719,2838 1705,2838 1693,2830 1691,2833 1688,2827 1668,2830 1665,2827 1654,2838 1642,2836 1634,2841 1620,2841"/>
                <Baseline points="1633,2866 1678,2863 1722,2863"/>
                <TextEquiv>
                    <Unicode>G.C.F.P</Unicode>
                </TextEquiv>
            </TextLine>
            <TextLine id="tr_2_tl_5" custom="readingOrder {index:4;}">
                <Coords points="824,2975 1443,2998 1992,2912 2336,2961 2907,2901 2909,2796 827,2890"/>
                <Baseline points="839,2950 853,2950 898,2952 943,2952 988,2950 1033,2950 1077,2950 1122,2947 1167,2947 1212,2944 1257,2941 1301,2941 1346,2938 1391,2938 1436,2938 1480,2935 1525,2935 1570,2932 1615,2929 1660,2926 1704,2923 1749,2923 1794,2923 1839,2920 1884,2917 1928,2914 1973,2914 2018,2911 2063,2911 2108,2908 2152,2908 2197,2905 2242,2905 2287,2902 2331,2902 2376,2899 2421,2896 2466,2893 2511,2893 2555,2893 2600,2890 2645,2887 2690,2887 2735,2887 2779,2884 2824,2881 2869,2881 2914,2881"/>
                <TextEquiv>
                    <Unicode>dass der Zyklus in Russland vielfach aufgeführt wurde. Ein Verkehr</Unicode>
                </TextEquiv>
            </TextLine>
            <TextLine id="tr_2_tl_6" custom="readingOrder {index:5;}">
                <Coords points="821,3114 3003,3043 3103,3012 3105,2915 827,2978"/>
                <Baseline points="839,3060 871,3057 916,3054 961,3054 1006,3051 1051,3051 1095,3051 1140,3048 1185,3048 1230,3045 1274,3045 1319,3042 1364,3042 1409,3039 1454,3036 1498,3036 1543,3033 1588,3030 1633,3030 1678,3027 1722,3027 1767,3024 1812,3024 1857,3024 1901,3021 1946,3021 1991,3021 2036,3015 2081,3015 2125,3015 2170,3012 2215,3009 2260,3006 2305,3006 2349,3003 2394,3000 2439,2997 2484,2997 2529,2994 2573,2994 2618,2994 2663,2991 2708,2988 2752,2988 2797,2988 2842,2985 2887,2985 2932,2982 2976,2982 3021,2982 3066,2979 3111,2982"/>
                <TextEquiv>
                    <Unicode>mit Russland ist zur Zeit nicht möglich, ich glaube auch nicht, ob Bloch</Unicode>
                </TextEquiv>
            </TextLine>
            <TextLine id="tr_2_tl_7" custom="readingOrder {index:6;}">
                <Coords points="832,3165 2801,3128 2980,3100 2986,3023 835,3114"/>
                <Baseline points="847,3162 886,3159 931,3156 976,3156 1021,3156 1065,3153 1110,3150 1155,3150 1200,3147 1245,3147 1289,3147 1334,3144 1379,3144 1424,3141 1469,3141 1513,3141 1558,3138 1603,3135 1648,3135 1692,3132 1737,3129 1782,3126 1827,3126 1872,3123 1916,3123 1961,3120 2006,3117 2051,3114 2096,3114 2140,3111 2185,3111 2230,3111 2275,3108 2319,3105 2364,3105 2409,3102 2454,3099 2499,3096 2543,3096 2588,3093 2633,3093 2678,3093 2723,3093 2767,3090 2812,3090 2857,3087 2902,3084 2947,3084 2991,3084"/>
                <TextEquiv>
                    <Unicode>ihn unterhält. Wenn Ihnen Bloch neulich aus Moskau Tantiemen bezahlt</Unicode>
                </TextEquiv>
            </TextLine>
            <TextLine id="tr_2_tl_8" custom="readingOrder {index:7;}">
                <Coords points="830,3267 2975,3233 2980,3114 832,3179"/>
                <Baseline points="844,3260 877,3263 922,3263 967,3263 1012,3260 1056,3257 1101,3257 1146,3254 1191,3251 1236,3248 1280,3248 1325,3248 1370,3245 1415,3245 1460,3245 1504,3242 1549,3239 1594,3239 1639,3239 1684,3236 1728,3233 1773,3230 1818,3230 1863,3227 1907,3224 1952,3221 1997,3221 2042,3218 2087,3218 2131,3215 2176,3215 2221,3215 2266,3212 2311,3209 2355,3206 2400,3206 2445,3203 2490,3203 2534,3200 2579,3194 2624,3194 2669,3194 2714,3191 2758,3194 2803,3191 2848,3191 2893,3188 2938,3188 2982,3188"/>
                <TextEquiv>
                    <Unicode>hat, so bewoist das noch nicht, dass er jetzt imstande wäre, für Sie</Unicode>
                </TextEquiv>
            </TextLine>
            <TextLine id="tr_2_tl_9" custom="readingOrder {index:8;}">
                <Coords points="832,3412 2154,3324 3049,3375 3054,3239 838,3267"/>
                <Baseline points="850,3371 862,3368 907,3365 952,3365 997,3362 1042,3362 1086,3359 1131,3359 1176,3353 1221,3353 1265,3350 1310,3350 1355,3350 1400,3350 1445,3347 1489,3344 1534,3344 1579,3341 1624,3341 1669,3338 1713,3335 1758,3335 1803,3335 1848,3332 1893,3329 1937,3326 1982,3326 2027,3323 2072,3320 2116,3320 2161,3320 2206,3317 2251,3314 2296,3314 2340,3314 2385,3311 2430,3311 2475,3308 2520,3305 2564,3302 2609,3299 2654,3299 2699,3299 2743,3299 2788,3296 2833,3296 2878,3299 2923,3296 2967,3296 3012,3293 3057,3293"/>
                <TextEquiv>
                    <Unicode>in Russland etwas auszurichten. Aber immerhin, ich kann nichts dagegen</Unicode>
                </TextEquiv>
            </TextLine>
        </TextRegion>
    </Page>
</PcGts>
