3182 4215
940 497 1073 613 1:1
2636 463 2783 610 "    "
1456 584 1858 712 ötat 440
882 693 2369 836 S. FISCHER, VERLAG,. BERLIN W., BÜLowSTR. 90
891 896 1156 1003 Ei. / Du
1899 896 2437 1015 4. Dezember 1919
1514 901 1877 1020 BERLIN W., DEI
906 1100 1805 1194 Herrn Dr. Arthur Schnitzler
1870 1202 2209 1325 Wien.
894 1289 1541 1422 Lieber Herr Doktor,
1095 1398 2403 1519 im Auftrage des Herrn Fischer sende ich
891 1531 2379 1609 Ihnen inliegend die doppelte Liste der Rezen
894 1616 1984 1725 sions-Exemplare von "Schwestern",
1085 1725 2355 1810 Ferner erlaube ich mir, Ihnen auf Ihre
896 1829 2328 1904 Karte 17. November mitzuteilen, dass wir
894 1933 2447 2020 an Friese & Lang eine grössere Anzahl Exemplare
891 2052 2357 2151 von "Schwestern" geliefert haben und auch an
884 2137 2352 2236 Heller in Wien. Wir mussten das tun, weil ja
894 2243 2352 2343 ursprünglich als Aufführungstermin der 3.De¬
891 2343 1652 2439 zember angegeben wurde.
1047 2437 2379 2532 Als nun die Aufführung verschoben wurde,
887 2553 2418 2638 haben wir sowohl an Heller wie an Friese einen
2110 2621 2246 2694 beide
887 2631 2406 2730 eingeschriebenen Brief geschickt und nach
884 2740 2410 2844 mals auf die Verpflichtung aufmerksam gemacht,
884 2866 2328 2943 die Bücher erst am Tage nach der Aufführung
884 2960 1260 3055 auszugeben
1582 3062 1715 3164 b.w.
782 3062 894 3183 F. 375.
693 3413 2641 3593 sinc ubrigens schon Anfang dieses Jahres gedruckt worden, Ihre
567 3849 656 3910 I. 226
