3096 4007
1299 347 1458 486 108
770 388 2248 558 S. Fischer / Verlag / A.-G. Berlin W 57.
524 605 2497 694 Bankkonto: Deutsche Bank, Depositenkasse P in Berlin / Postscheckkonto; Berlin Nr. 16692
935 657 2092 787 Fernsprechanschlüsse: Amt Lützow Nr. 6162 bis 6164
1331 735 1704 839 Bülowstraße 00
1936 767 2274 923 6. Nov. 24
428 796 593 909 y/Si.
680 842 1586 1045 Herrn Dr. Arthur Schnitzler
1788 932 2078 1074 Wien
480 1033 972 1186 Lieber Freund,
642 1111 2729 1256 ich habe Ihnen soeben auf Ihre Depesche geantwortet, dass eine
524 1204 2642 1363 zweite Auflage der „Hundschaus selbstverständlich nicht gedruckt
741 1363 848 1412 ouvrage de
521 1322 2819 1493 wurde. Wie gewöhnlich bestellt das Sortiment auch Einzelhefte, jeweils
527 1418 2827 1557 nach dem angezeigten Ishalt. Dass also Oesterreich, resp. Wien diesmal
532 1539 2717 1690 das Heft, das Ihre Novelle enthält, besonders interessiert, liegt
532 1647 2688 1774 in der Natur der Sache und damit können wir beide zufrieden sein.
535 1754 2691 1875 Nur damit Sie nicht eine übertriebene Vorstellung über den Umfang
541 1881 2697 2034 eines solchen Einzelverkaufs bekommen, will ich Ihnen sagen, dass
1348 1953 1560 2017 a ett
541 1939 2798 2086 ich annehme, es werden in Oesterreich, resp. Wien etwa 300 Exemplare
541 2069 2865 2214 bezogen sein. Ich kann es leider mit Sicherheit hier nicht feststellen,
544 2162 2703 2303 da die Hefte von Leipzig expediert werden; wenn es Sie aber inte-
535 2286 2193 2454 ressiert, kann ich eine Aufstellung machen lassen.
1548 2402 2303 2584 Mit herzlichen Grüssen
1754 2544 1916 2651 Ihr
1872 2625 2306 2853 fische
