3052 4071
866 379 2236 645 Fischer / Verlag / A.=G. Berlin W 57.
531 567 2501 722 Bankkonto: Deutsche Bank, Depositenkasse P in Berlin / Poetscheckkonte: Berlin Nr. 16692
944 658 2084 817 Fernsprechanschlüsse: Amt Lützow Nr. 6162 bis 6164
1320 738 1699 879 Bülowstraße ###
2068 756 2360 905 Nov. 25
495 856 686 972 8/Ei.
851 1029 1790 1266 Herrn Dr. Arthur Schnitzler
2099 1124 2300 1269 Wien
719 1274 1191 1465 Lieber Freund,
756 1380 2452 1586 haben Sie vielen Dank für Ihren freundlichen Brief;
678 1519 2354 1707 ich fühle mich durch meine Ungeduld etwas beschämt.
761 1599 2705 1774 Gestern war Ihr Sohn hier und hat Ihr neues Stück gebracht.
678 1712 2754 1911 Wir haben es sofort in die Druckerei geschickt und hoffen Ihnen
683 1826 2703 1986 bald die Korrektur in gewünschter Anzahl aktweise zusenden zu
678 1991 939 2125 können.
1369 2037 2127 2220 Mit herzlichen Grüssen
1697 2140 1828 2272 Ihr
1568 2197 2081 2326 S. FISCHÉR. JERLAG
1596 2251 2360 2434 ΑκτιέηΟέσιν
