3062 3848
1436 129 1596 385 567
999 316 1993 508 Derlag / Berlin W 57 / Rthl
468 356 965 551 B. Fischer/
864 488 2274 617 prechanschlüsse: Amt Lützow Nr. 1662. 6162 und 9292 / Postscheckkonto: Berlin Nr 1668
1203 548 1904 637 HEATERABTEILUNG
1217 629 1688 784 lin, den 25.
479 950 689 1059 Herrn
2130 948 2228 1183 P.S.
781 1028 1528 1200 Dr. Arthur Schnitzler
1602 1160 1766 1292 Wien
1757 1235 2016 1361 G.C.H.F.P.
477 1321 1430 1510 Sehr verehrter Herr Doktor,
1803 1344 2090 1484 G.C.H.F.P.
1927 1433 2056 1496 G.C.H.F.P
1364 1436 2627 1576 das Geld, das bei den Treuhänder in
477 1553 2558 1691 Washington lag, ist nunmehr, wie angekündigt freigegeben und
479 1657 2587 1806 nach Abzug der 5 % Spesen, die, wie früher mitgeteilt die be-
482 1772 2630 1912 treffende amerikanische Finanzgruppe für sich in Anspruch nimmt,
482 1892 2619 2039 auf das Konto des Verlages bei einer New Yorker Bank angewiesen
477 2001 2785 2133 worden, von wo nun die Verteilung unter die partizipierenden Autoren
474 2102 2719 2288 vorgenommen werdensoll. Der auf Sie entfallende Betrag von welchem
474 2225 2610 2395 die 5 % bereits in Abzug gebracht sind, beläuft sich auf Dollar
468 2360 2699 2487 395,27. Der Bund der Auslandsdeutschen, der seine Tätigkeit ledig-
468 2475 2576 2590 lich im Sinne einer sozialen Institution ausübt, erhält nichts
477 2598 2656 2728 sprach uns jedoch die Bitte aus, ihm zu Gunsten seines Fonds 1 %
468 2699 2699 2837 zu bewilligen. Ich nehme an, dass Sie diese Bitte nicht werden ab-
474 2794 2610 2940 schlagen wollen, sodass dann ein Betrag von Dollar 391.32 übrig
465 2909 2573 3035 bliebe, von dem noch unsere Provision in Abzug zu bringen ist.
465 3006 2564 3127 Wollen Sie mir freundlichst mitteilen, ob Sie das Geld auf Ihr
459 3107 2584 3265 New Xorker Konto überwiesen haben oder anders darüber verfügen
468 3239 735 3397 wollen.
1461 3336 2716 3503 Lar von den Greenvich Village Player
448 3400 1123 3632 sind in dem hier ge¬
1545 3474 2739 3609 ge nicht enthalten, also von diesem
