3015 3784
684 307 2563 514 scher/Verlag/Berlin M 57/Bülowstraße 9o
856 489 2391 572 Deutsche Bank, Depositenkasse P in Berlin / Postscheckkonto: Berlin Nr. 16892
762 500 854 612 P0: J
1043 546 1629 661 chanschlüsse: Amt Lützow N.
1664 537 2035 707 6162-6164
2046 649 2423 816 30. Jan. 24
345 647 503 799 F/Si
606 879 1696 1023 Lieber und sehr verehrter Freund,
658 1003 2719 1132 wir haben Ihnen gestern endlich die Abrechnung bis 31. Dezember
497 1141 2598 1253 mit einer eingehenden Unterlage für die Verrechnung der Valuten
491 1210 2601 1333 im eingeschriebenen Brief zugeschickt. Wenn Sie dieses Meer von
500 1331 2730 1448 Ziffern vor sich haben und wenn Sie näher in die Unterlagen eindrin-
497 1437 2719 1572 gen, so werden Sie das Maass von Arbeit, das in der Zusammentragung
503 1555 2638 1690 und Aufstellung der Ziffern liegt, verstehen.-Es hat sich gerade
506 1652 2782 1762 bei dieser gelegenheit herausgestellt, dass komplizierte Abrechnungen
503 1753 2719 1868 in dieser Art unhaltbar sind. Nun wir haben ja das letzte katastro-
506 1851 2756 1992 phale Wirtschaftsjahr-einen Wirbel von elementaren Ereignissen-über-
512 1948 2785 2081 wunden, das sich hoffentlich nie wieder wierholen wird. Aber selbst
509 2060 2664 2175 wenn ich davon absehe, so müssen wir mit der Abrechnung einzelner
506 2158 2759 2262 Exemplare endgültig Schluss machen, denn wir leiden wohl beide unter
512 2259 2785 2394 der Unsicherheit einer solchen Modalität, die jedenfalls meine Kräfte
512 2365 2825 2523 für die Verantwortung übersteigt. Ich bitte mich aber nicht misszuver-
517 2480 2704 2604 stehen, ich will keine Absolution für Rechenfehler von Ihnen damit
520 2578 2707 2716 erteilt haben. Die Abrechnungen sind durchkontrolliert und ich bin
514 2681 2770 2799 bereit, sie auch noch von ihnen gerichtlich vereideten Bäpherrevisor
514 2790 2638 2928 noch einmal nachkontrollieren und beglaubigen zu lassen; aber zu
517 2905 2727 3029 Ihrer und zu meiner Sicherheit würde ich doch vorschlagen, dass wir
517 2994 2690 3132 ab 1.Januar ds. J. unter zugrundelegung der am 1. Januar vorrütigen
514 3121 2678 3227 Exemplare Ihrer Bücher Auflagenteile voraus honorieren; sagen wir
512 3198 2736 3296 also mindestens 100 Exemplare von jeden Buch. Von gangbaren Büchern
529 3293 2825 3460 eventuell 3 - 400 Exemplare. Das gibt eine glatte Abrechnung, die auch
