3145 4055
1445 270 1623 391 450
828 353 2378 569 S. Fischer. Verlag. Berlin
696 537 795 639 wäärän.
650 601 2494 696 Amt Lützow 1662 u. 6162 Theaterabteilung postscheckkonto Nr. 16692
1165 690 2009 798 Berlin W 57, Bülowstraße Nr. 90
1270 766 2022 981 Den.... 7. Maril... 19 21
647 809 860 976 G/Sch
650 1057 857 1181 Herrn
1046 1108 1780 1297 Dr. Arthur Schnitzler
1879 1221 2297 1351 Berlin
652 1397 1545 1561 Sehr geehrter Herr Doktor,
1553 1451 2648 1650 es ist gestern übersenden worden
650 1629 2685 1777 Ihnenüber die Aufführung " Reigen " in Frankfurt Auskunft zu
1577 1709 1836 1793 mmme
663 1758 2588 1860 geben. Hellmer war vor kurzem hier und erzählte, dass ihm
666 1836 2712 1990 in sozusagen offizieller Weise aus Kreisen der Zentrumspartei
658 1990 2664 2079 eine Demonstration angedroht worden sei, falls er das Stück
658 2041 2712 2222 aufführe. Wir haben den Eindruck, dass ihn diese Drohung sehr
666 2189 2656 2327 eingeschüchtert hat, sodass in Erwägung zu ziehen wäre, für
663 2308 2715 2448 den Fall, dass Hellmer erklärte die Aufführung nicht wagen zu
655 2402 2745 2537 können, Frankfurt in die Kombination Sladek mit einzubeziehen.
652 2526 2659 2632 Wir würden es nicht für angezeigt halten, womit wir uns mit
655 2610 2823 2747 Ihnen ohne weiteres in Uebereinstimmung glauben, geggebenenfalls
666 2731 2691 2836 einen Zwang auf Hellmer auszuüben, während Sladek natürlich
655 2820 2756 2974 froh wäre, wenn er Frankfurt bekäme. Es würe uns von Interesse
655 2934 2354 3109 über diese Frage recht bald Ihre Meinung zu hören.
1545 3095 2518 3295 Mit vorzüglicher Hochachtung
1771 3244 2338 3330 S. FISCHER, VERLAG
1785 3314 2348 3443 THEATERABTEII UNG
1844 3395 2656 3554 Sollte wie an diesem Tag noch keine
534 3422 1812 3546 Die oben genannten Bedingungen haben Sältigkeit bis zum
547 3535 2661 3648 entscheidende Antwort erhalten haben, so nehmen wir an, daß wir aber das in Frage frehende Werk anderweltig verfügen können
434 3586 539 3680 6. 220.
