2898 4053
1049 237 1230 394 55 4
511 323 2390 511 scher/Verlag/Berlin M 57/Bülowstrasse 9o
514 468 2166 594 Bekonto: Deutsche Bank. Depositenkasse P in Berlin / Postscheckkonto: Berlin Nr. 16892
729 548 1895 680 Fernsprechanschlüsse: Amt Lütsow Nr. 1662. 6162 und 9292
1858 572 2295 778 20. März 22
240 575 415 797 /51.
591 769 1470 954 Herrn Dr. Arthur Schnitzler
1907 898 2153 1021 Wien
261 1021 751 1212 Lieber Freund,
406 1206 2529 1354 es ist sehr schade, dass wir von Ihnen im Maiheft nichts bringen
212 1304 2258 1464 können; Dr. Kayser wollte Ihnen noch selbst darüber schreiben.
308 1375 2599 1535 Wir sind mit dem Neudruck Ihrer Werke voll beschäftigt und zwar werde
215 1486 2529 1637 ich die zweite Serie noch schaffen können, da mir das Papier dazu ganz
221 1633 2563 1741 sicher versprochen wurde. Auch die beiden Nachtragsbände werden gleich-
218 1735 2655 1880 zeitig gedruckt, sowie eine Anzahl Einzelwerke, die wir mit den Gesamtaus-
218 1803 2695 1960 gaben mitdrucken. Auf diese weise machen wir es möglich, einige vergriffene
228 1920 2596 2055 Werke gleichzeitig neu herzustellen und auch das Lager knapperer Vorrüte
228 2018 2541 2184 durch gleichzeitigen Neudruck aufzufüllen. Wir bekommen auch auf diese
234 2169 2526 2267 weise mit der Zeit eine einheitliche Ausgabe der Einzelwerke zusammen,
234 2246 2695 2375 die dann einheitlich als Einzelausgaben der Gesamtausgabe bezeichnet werden
237 2323 2606 2473 Wir machen das auch mit den Dramen Hauptmanns genau so, denn die Einzel-
228 2436 2603 2575 Dramen, die nur in kleinen Auflagen gedruckt werden, sind sonst garnicht
1956 2507 2319 2581 weniger als
234 2578 2612 2695 möglich herzustellen, weil der Neudruck einer Auflage von 500&xemplaren
237 2642 1972 2796 bei den anormen Zurichtungskosten nicht möglich wäre.
326 2753 2486 2879 Herr Dr. Specht will in seinem Buch nur eine einzige Photographie
243 2864 2581 2972 von Ihnen haben, die er selber aufnehmen lassen will. Leider hat er uns
246 2962 2519 3119 den grösseren Teil des Manuskripts noch nicht geschickt; es wäre sehr
249 3045 2513 3199 schade, wenn wir mit dem Buch nicht rechtzeitig fertig werden könnten.
246 3150 2606 3298 Ich lege die Listeder mezensions- und Freiexemplare bei, die wir seiner-
240 3267 2615 3408 zeit für die beiden gerien verschickt haben. Das ist heute in diesen Um-
234 3390 2492 3507 fang natürlich ausgeschlossen und ein grosser Teil der Zeitungen und
381 3479 2501 3639 singer werden ja auch die neuen Rände nicht zu bekommen brauchen.
