2914 3991
1271 376 1399 454 ma
1185 470 1357 595 etc. 508
639 585 2185 744 S. Fischer. Verlag. Berlin
512 676 634 827 B. P.
501 791 2331 942 Amt Lützow 1662 u. 6162 Theaterabteilung postscheckkonto Nr. 16892
258 856 1843 1000 Berlin W 57, Bülowstraße Nr. 90
1947 953 2057 1060 G.H.F.P.
1676 942 1777 1021 le
423 942 1501 1117 Jidolxx dolfbrhdavdadiee nolaive
2534 895 2756 1088 Holler
1128 1010 1819 1114 Den 22 Juli 19l 21
1845 1047 1989 1146 G.H.F.P.
1449 1075 1647 1167 G.C.F.P.
1670 1070 1804 1167 G.H.F.P.
499 979 2482 1323 siwies essiwen enie Moia edäste. medelstov mener W. A.
271 1086 1370 1227 erebne els aasb.fisÜ heb TÜl is.
2205 1242 2370 1336 G.H.F.P.
350 1224 2151 1428 neilal Tewdoe mis Jdoin Moltsmuev aan gabdeded negeb
527 1349 2328 1545 Herrn
499 1459 2383 1618 Dr. Arthur Schnitzler
1373 1543 2372 1723 xxxch xxxo* kokxxbald mab ihm
1141 1616 1352 1725 G.C.H.F.P
632 1616 947 1733 o ee noueld
1096 1650 2252 1804 aesetb dorub mandj xxx.Anxxiblxxx
934 1725 1028 1814 G.F.P.
331 1759 538 1874 G.C.F.P.
1315 1777 2289 1903 xxx dal møbnsjedne xxx
553 1788 1428 1918 Sehr geehrter Herr Doktor,
1456 1871 2404 1994 zu unserem grössten Bedauern
561 1981 2472 2148 ist in der Angelegenheit des Vertragsabschlusses " Weites
566 2054 2469 2218 Land" mit der Direktion Rotter ein fatales Versehen vor-
574 2151 2540 2320 gekommen. Während des Urlaubs des Leiters unserer Theater-
574 2263 2579 2427 abteilung erkrankte plötzlich unsere Bürovorsteherin, sodass
582 2380 2482 2540 die Theaterabteilung ihre Geschäfte nur durch Hilfskräft
587 2472 2649 2639 erledigen konnte. Nun wurde " Weites Land " von der Direktion
585 2587 2430 2746 Rotter für Breslau und Berlin telegraphisch aus Bres'lau
603 2699 2456 2858 verlangt und die Angelegenheit von dort als so dringlich
1229 2722 1321 2790 du moins de ses
757 2740 1028 2808 A. M. rn
606 2795 2404 2960 dargestellt, das der weniger erfahrene Vertreter, dem
606 2944 2466 3098 während dieser Tage die Führung der Geschäfte überlassen
606 3054 2503 3208 werden musste, aus einem gewissen Uebereifer und dem Ge-
608 3155 2443 3307 fühl vielleicht etwas zu versäumen, die Sache sogleich
619 3252 2573 3419 zum Abschluss brachte, Gingen Ihre eigenen Intensionen da-
619 3377 2534 3513 hin, das Stück ohnedies der Direktion Rotter zu übergeben,
626 3453 2623 3581 so würde ja ein Schaden aus dieser wohlgemeinten Uebereilung
1720 3607 2558 3683 sollten wir an diesem Tag noch keine
459 3594 1595 3724 Die oben genannten Bedingungen haben Sältigkeit bis zum
462 3664 2560 3798 entscheidende Antwort erhalten haben, so nehmen wir an, daß wir über das in Frage stehende Werk anderweitig verfügen können
