3266 4071
1354 172 1526 351 decr.
828 283 2363 511 S. Fischer / Verlag / A.=G. Berlin W 57.
551 240 683 425 u
624 440 2606 628 Bankkonto: Deutsche Bank, Depositenkasse P in Berlin/Postscherkkonto: Berlin Nr. 1669.
1009 523 2193 643 Fernsprechanschlüsse: Amt Lützow Nr. 6162 bis 6164
1427 594 1806 686 Bülswstraße so
1043 609 2206 800 Telegramm-Adresse: Fischerverlag 6162 Berlinlützow
2116 695 2553 849 21. Sept. 28
1446 729 1855 947 Reyer
505 800 695 960 F/Si.
1470 920 1775 1046 Buer
760 957 1270 1114 Lieber Freund,
911 1000 2990 1203 ich freue mich sehr, einen an Maril gerichteten Geschäftsbrief
726 1141 2969 1310 von Ihnen, vor mir liegen zu haben. Die sachlichen Angelegenheiten
717 1261 2882 1418 beantwortet Dr. Maril und das auch bezüglich der viel erörterten
729 1326 3036 1520 Frage HARZ, "Reigen", denn der Fall erfordert eine gewisse juristische
735 1452 2858 1667 Gewandtheit. Meine Meinung, die ich Sie jedenfalls wissen lassen
738 1560 2876 1735 möchte, ist die, dass sie hier Harz daraufhin verklagen müssten,
2215 1646 2882 1806 mehr zustehen kann,
754 1670 2175 1830 dass ihm ein Verlagsrecht auf das Buch nicht
757 1760 2895 1953 weil der Vertrieb und verkauf seit Jahren vollkommen lahm liegt.
1052 1901 1495 1975 3 rt lʼa eu eu lu le
874 1873 3024 2027 Und nun die Abrechnung: es spiegelt sich in ihr die gegenwärtige
751 1978 2996 2132 Situation. Das Publikum interessiert sich nur noch für neue Bücher.
760 2055 3082 2243 Vergleichen Sie bitte die Absatzziffern Ihrer Novellenbücher und Roman
754 2160 2947 2353 ne mit dem Absatz von „ Theresem und Sie werden sogleich im Bilde
769 2273 2996 2455 sein. Von m Therese „ haben wir 30 000 Exemplare gedruckt. Wir ver-
766 2396 2898 2563 kaufen etwa 300 - 350 Exemplare pro Woche und haben gegenwärtig
778 2510 3079 2686 noch etwa 6 200 Exemplare vorrätig. Von diesen 6000 Exemplaren werden
784 2584 3089 2790 wir einstweilen 1000 Exemplare in die Reihe der Gesammelten Schriften
791 2707 2904 2882 aufnehmen, sodass ich glaube, wir werden bis Ende dieses Jahres
781 2802 3098 2990 die Vorräte verkauft haben und dann neu drucken. Da wir die gesammelt
791 2919 3089 3082 Schriften einzeln abgeben, so ist es gleichgültig, ob wir sie einzelf
603 2987 3079 3193 oder im Rahmen der gesammelten Werke verrechnen. Die obändige Reihe wird
784 3113 3095 3325 Anfang November erscheinen. Wir haben davon je 4000 Exemplare gedruck
1295 3252 1775 3332 einstweilen.
800 3252 2993 3464 vom Ergänzungsband 5009 Exemplare. wir werden, wie wir vereinbart
