3219 4072
1084 966 2517 1104 „Liebelei mit 10 % Tantiene abgeschlossen.
1086 1066 2424 1211 Für die Aufführung werden Honorare nicht
1095 1198 2431 1309 gezahlt, mit Ausnahme für den Regisseur,
1102 1309 2485 1433 der eine gewisse Vergütung erhält. Wir ha-
1104 1381 2474 1508 ben Ihrer Anordnung gemäss deshalb eine 5
1100 1495 2465 1612 prozentige Quote für einen Kriegszweck in
1114 1605 2499 1705 Aussicht gestellt. Die Gesellschaft bittet
1102 1681 2495 1825 heute darum, dass diese quote für die Hin-
1113 1780 2536 1950 terbliebenen gefallener Kölner Krieger Ver-
1148 1885 2513 2032 wendung finden darf. Wir bitten höflichst
1109 1994 2547 2193 um gefl. Bescheid, ob Sie damit einverstan-
1125 2116 1440 2293 den sind.
1338 2259 2290 2393 Mit vorzüglicher Hochachtung
1537 2343 2104 2449 S. FISCHER, VERLAG
1563 2411 2079 2506 TLEATERABTEILUNG
1626 2485 1867 2613 Pres.
