3065 3895
1021 393 2325 581 Mischer / Verlag / A.=G. Berlin W 57.
639 614 2576 718 Bankkonto: Deutsche Bank, Depositenkasse P in Berlin / Postscheckkonto; Berlin Nr. 1662
1034 688 2178 794 Fernsprechanschlüsse: Amt Lützow Nr. 6162 bis 6164
1419 745 1782 881 Bülewstraße so
2074 756 2459 961 28. Okt. 25
551 783 726 950 F/S1.
767 1029 1692 1217 Herrn Dr. Arthur Schnitzler
2128 1154 2409 1299 Wien
633 1274 1127 1424 Lieber Freund,
745 1348 2819 1566 sind Sie in Ihrem Entschluss, meinem Verlag Ihre neue Erzählung
2631 1479 2906 1577 a-
647 1547 2731 1645 und Ihr neues Drama zu geben, durch Konkurrenzangebote in einer
644 1610 2824 1755 nicht behaglichen Situation, so bitte ich Sie, mir Ihre Wünsche in
649 1735 2822 1856 aller Offenheit mitzuteilen. Ich darf dabei annehmen, dass ich als
647 1836 2841 1984 Ihr alter Verleger nicht schlechter stehen soll als die Konkurrenz,
647 1978 2759 2101 die auf Grund der Manuskripte vielleicht besser beurteilen kann,
649 2044 2792 2213 wie weit sie etwa bei der Frage einer garantie von Auflagen gehen
647 2180 840 2298 kann.
737 2210 2775 2407 Die Firma Ullstein hat in der Regel die Taktik, für Buch- und
663 2352 2843 2480 Vorabdruck eine Summe zu bieten, die sich, soweit das Buch in Frage
644 2440 2838 2614 kommt, schwer nachprüfen lässt. Gewöhnlich geschieht es auf Kosten
652 2598 2794 2726 des Vorabdruckhonorars durch scheinbar bessere Honorarbedingungen
652 2680 1318 2824 für die Buchausgabe.
745 2748 2832 2914 Entschuldigen Sie diesen Ausflug auf ein Nachbargebiet, auf das
652 2895 2467 3021 ich mich nur wenn es sein muss, und nur ungern, begebe.
1476 2963 2188 3111 Mit herzlichen Grüssen
1725 3094 1842 3187 Ihr
1583 3149 2044 3250 FISCHER, VERLAO
1613 3228 2000 3332 KTIENGEBELLECHAF
1981 3234 2366 3405 Kirche
663 3329 2000 3569 sont belast, defant un d V. S. T. C'est recht,
663 3487 1733 3643 seitnung nach viele gefülltet.
663 3566 1397 3678 e ich nicht konnte sich
