3086 4200
2024 203 2113 289 son
995 320 1180 464 890
701 430 2199 542 S. Fischer / Verlag / A.=G. Berlin W 57
464 565 2443 714 Bankkonto: Deutsche Bank, Depositenkasse P in Berlin / Postscheckkonto; Berlin Nr. 16692
865 664 2024 784 Fernsprechanschlüsse: Amt Lützow Nr. 6162 bis 6164
1266 711 1633 805 Bülowstraße 90
836 787 2027 920 Telegramm=Adresse: Fischerverlag 6162 Berlinlützow
1995 998 2261 1110 Okt. 28
383 1029 589 1123 M/Si.
1321 956 2141 1188 Rodym Thérln.
719 1094 2402 1326 Herrn Dr. Arthur Schnitzler seit. Bau
1962 1248 2160 1396 Wien
469 1360 1334 1529 Sehr geehrter Herr Doktor,
690 1480 2569 1649 Herr Professor Brecka, der „Theresen ins Polnische über-
581 1631 2503 1761 setzt hat, teilt uns mit, dass der Verlag Anton Kodym, Prag
2053 1691 2350 1753 l'année avec Mlle
570 1743 2566 1831 seine Uebersetzung herausgeben will und bietet 10 % Tantieme
2144 1787 2457 1855 Mais elle lʼa ettlle même että
576 1852 2381 1977 und eine Anzahlung von 1000 K### zu welchen Bedingungen
581 1933 2569 2042 er auch mit Zsolnay abgeschlossen haben will. Wir bitten um
576 2027 2600 2170 Ihre umgehende Mitteilung, ob diese Miteilung sich auf eines
581 2118 2673 2277 Ihrer Werke bezieht. Uns scheint die Anzahlung zu niedrig, wenn
586 2230 1844 2378 auch der Prozentsatz befriedigend ist.
675 2331 2550 2454 Wir erwarten gern Ihre Nachricht und empfehlen uns Ihnen
1399 2493 2352 2631 mit vorzüglicher VERLAGachtung
1620 2605 2074 2675 AKTRENGESEL L SCHAFT
1550 2649 2141 2777 AUSLANDSABTEILUNG
2105 2798 2305 2998 sou
