3307 4151
1742 288 1935 447 Pour le
833 326 1125 545 V. P.
1430 473 1595 629 frans
903 611 2394 799 S. Fischer / Verlag / A.=G. Berlin W57
1390 776 1923 885 Theaterabteilung
666 833 2647 955 Bankkonto: Deutsche Bank, Depositenkasse P in Berlin / Postscheckkonto; Berlin Nr. 166 92
1122 903 2209 983 Fernsprechanschlüsse: Amt Lützow Nr. 6162 bis 6164
1073 949 2241 1096 Telegramm - Adresse: Fischerverlag 6162, Berlinlützow
712 978 940 1099 Ma/Ro
1497 1012 1828 1110 Bülowstraße so
1996 966 2564 1122 den 30. Mai 1927.
1918 1073 2616 1226 re de rebo nedad egua
1854 1159 2639 1289 blok entad medald ieded
519 1205 1116 1355 Herrn
1252 1182 2293 1404 Dr. Arthur Schnitzler
1851 1318 2255 1413 G.A.G.F.P.
2518 1243 2763 1378 W i e r
2702 1352 2872 1448 ====--
842 1332 1055 1456 G.C.H.F.P.
833 1474 966 1618 G.F.P.
1217 1500 2137 1670 Sehr verehrter Herr Doktor!
1087 1661 2866 1823 Ein Exemplar Ihrer Gesammelten Werke an Herrn Dr. Karl
701 1765 2503 1912 Schönherr ist am 27. April von hier aus gesandt worden.
1592 1857 1765 1926 (M
1292 1869 1422 1935 ( wenn
1076 1874 1220 1935 M
983 1857 2901 2022 Direkt wird Ihnen an Ihre Wiener Adresse das verlangte
704 1981 1517 2117 Heft des "Gral" zugehen.
978 2071 1303 2148 (v.t.)
1107 2027 2890 2226 In der Angelegenheit "Gang zum Weiher" habe ich einen
1970 2143 2333 2218 A.W.A.T.
1776 2151 1929 2223 F.
715 2160 3011 2336 ziemlich nichtssagenden Brief vom Deutschen Thoater erhalten, den ich
718 2333 1857 2431 Ihnen morgen zugehen lassen werde.
1817 2336 3042 2506 Ihrtr betrifft, so haben wir die Rest-
1811 2445 1915 2512 hierin.
1122 2391 1814 2543 Was „Casanovas Heimfa
727 2474 3011 2607 bestände an einen Buchhändler verkauft. Dor Betrag des Ihnen noch zu-
724 2543 2927 2728 kommenden Honorars wird Ihnen nach Eingang der Beträge zugehen. An
730 2699 2953 2815 eine Neuauflage kann man wohl erst im nächsten Jahre donken, da wir
727 2771 2930 2927 zunächst bemüht sein müssen, die Vorräte der illustrierten Ausgabe
2316 2858 2535 2913 G.C.R.M
735 2887 3054 3034 abzusetzen, die ja wegen ihres höheren Preises sonst durch eine billi-
730 2996 3002 3149 ge Ausgabe Schaden leiden würde. Wir glauben aber, damit im nächsten
738 3117 2936 3262 Jahre zu Ende zu sein, sodass dann die Frage des Neudruckes in der
741 3207 1797 3371 früheren Form wieder akut wird.
1139 3276 2950 3446 Was Frau xxx betrifft, so hatten wir vor einiger
741 3409 2953 3573 Zeit gehört, dass Frau Konstantin in Ungarn Ihre Einakter gespielt
738 3495 2901 3697 haben soll, aber diese Gerüchte haben sich dann nicht bestätigen
741 3613 2927 3795 lassen. Vielleicht können Sie uns sagen, ob Sie diese Nachricht im
