3042 3991
1324 371 1462 504 10
417 403 2634 702 S. Fischer/Verlag/Berlin W 57/Bülowstrasse 90
930 613 2315 751 hanschlüsse: Amt Lützow Nr. 1662/6162 und###/ Postscheckkonto: Berlin Nr: 16692
1146 702 1940 835 THEATERABTEILUNG
1085 780 2067 938 Berlin, den 8. November 1924
533 1005 2182 1160 Teb gnubneakonh enenoorganev jadeilbauert aan eid
463 1085 2548 1270 I.I W0kre denossid tiw,Iglotte Jdoim hoon jai nexistimh neneiw
1932 1169 2559 1359 .Jaeqsore menie os
861 1206 1603 1362 Dr. Arthur Schnitzler
403 1287 2018 1477 — bnadre eib do.nesaiw ennem noch heb ikxxn
426 1419 2559 1552 strekkel noch sab dogh -.neinem erxxxdostroi niixed tim neghoi
584 1529 1483 1609 Sehr gerehrter Herr Doktor
426 1523 2562 1730 Heg staad nereand ni Jhoin hoon dat olaash x woh nov nediernod
1526 1575 2640 1719 wir hatten Besuch von Herrn Marc,
2363 1644 2553 1719 Darmont
582 1673 2718 1880 Kalokar, der uns sagte, dass des Kgl. Theater mit Herrn Thompson
1152 1770 2159 1863 Thi hegnoldetqmä nenedegte Jiw
596 1793 2781 1958 garnicht zu verhandeln die Absicht hätte. Wir haben der Bühne, da
599 1909 2746 2047 wie Salokar sagte Bedanken wegen der Länge des Stückes bestehen,
602 2027 2784 2168 ein eingestrichenas Exemplar zugesandt und Kalckar bewogen, seine
2274 2058 2922 2179 das man beabsichtig
602 2133 2755 2274 Bemühungen fortzusetzen. Es wird Sie als Kuriosum interessieren,
610 2205 2389 2315 den letzten Akt nicht auf Giljelejespielen zu lassen
610 2240 2674 2381 , da die von Ihnen geschildertes Lokalitäten mit den
613 2326 2666 2481 den Kopenhagener bekannten sich nicht vereinbaren liesse. Wir
613 2447 2882 2602 werden Sie über den Fortschritt der Angelegenheit noch benachrichti-
613 2623 766 2772 gen.
1350 2634 2781 2824 Hartung, der vor kurzem in Berlin war, hat
619 2798 2841 2974 bisher seine Konventionalstrafe nicht bezahlt. Wir sind aber durch
625 2876 2815 3023 den eingezahlten Tantiemenvorschuss zunächst gedeckt. Er hat, wie
628 3000 2764 3193 er erzählt hat, bei der Aufführung Ihres Werkes Schwierigkeiten
630 3083 2735 3296 zu gewärtigen und beabsichtigt Ihnen einen Brief mit mir nicht
628 3207 2942 3377 näher bekannten Vorschlägen wegen der Gestaltung der Kölner Aufführung
633 3339 2758 3498 zu schreiben. Wir bitten uns mitzuteilen, ob dies der Fall war,
645 3408 2954 3581 was wir bezweifeln, da Hartung uns eine Abschrift zuzusenden versprach
786 3526 2885 3693 möchten die Angelegenheit bei Hartung nicht einschlafen lassen.
