3096 3751
727 212 1573 404 Bischer / Verlag / Berl.
1660 206 2668 392 M 57 / Bülowstrasse 90
909 368 2471 458 Deutsche Bank, Depositenkasse P in Berlin / Postscheckkonto: Berlin Nr. 1669.
1185 443 1735 571 anschlüsse: Amt Lützow Nr.
1792 440 2160 628 6162-6164
371 553 580 685 Gr/si.
2175 601 2477 745 März 19
879 640 1807 838 Herrn Dr. Arthur Schnitzler
2178 793 2282 945 en
589 870 1493 1026 Sehr verehrter Herr Doktor,
691 939 2782 1134 Wotitzky beschwört mich in einem längeren Brief, ihn doch gegen
559 1122 2949 1229 irgendwelche Machinationen eines Konkurrenten, über dieser sich ausführ-
562 1214 2910 1334 lich verbreitet, zu schützen. Er versucht, um zu beweisen, dass es sich
556 1310 2940 1454 nicht um einen vagen Verdacht handelt, alle möglichen Angaben beizubrin-
556 1415 2208 1573 gen, die erhärten sollen, dass seine Uebersetzung
2237 1427 2788 1564 ei einem Theater,
1481 1508 1881 1570 Monsieur les mêmes ai-
562 1540 2842 1630 dem er sie vorgelegt hatte, kopiert worden sei. Er vermutet, dass die
1188 1600 1520 1669 G.C.H.F.P.M.
592 1606 2916 1747 Stelle, die jetzt mit Ihnen wegen „ weites Land „korrespondierte, die-
553 1741 2878 1858 selbe sei, die ihn auf diese Weise um den Ertrag seiner Arbeit bringen
556 1825 2931 1941 wollte. - Wären Sie geneigt, mir mitzuteilen, wer sich wegen des Stückes
568 1944 2902 2070 aus Amerika an Sie gewandt hat? Ich würde die Mitteilung, falls Sie es
556 2025 2961 2196 nicht vorziehen sollten, ihm direkt zu schreiben, dann an Votitzky weiter
577 2136 2943 2261 geben. Ich denke, man kann das ruhig tun, denn wenn sein Verdacht begrün-
568 2240 2495 2390 det sein sollte, so wird diese Kenntnis ihm nützen, und wen
574 2333 2190 2513 gründet sein sollte, wird sie keinesfalls schaden.
1424 2501 1977 2626 verbindlichen Gr
1582 2614 1926 2716 Ihr ergeben
1588 2698 1965 2776 FISCHER, VER
2064 2680 2264 2869 Heim
1529 2767 1992 2887 AUSLANDSABTEIL
