<?xml version="1.0" encoding="UTF-8" standalone="yes"?>
<PcGts xmlns="http://schema.primaresearch.org/PAGE/gts/pagecontent/2013-07-15" xmlns:xsi="http://www.w3.org/2001/XMLSchema-instance" xsi:schemaLocation="http://schema.primaresearch.org/PAGE/gts/pagecontent/2013-07-15 http://schema.primaresearch.org/PAGE/gts/pagecontent/2013-07-15/pagecontent.xsd">
    <Metadata>
        <Creator>prov=READ-COOP:name=TrHtr:version=2.1.0:model_id=51170:date=27_07_2023_22:32</Creator>
        <Created>2023-05-02T08:11:51.660+02:00</Created>
        <LastChange>2023-07-27T22:32:57.920+02:00</LastChange>
        <TranskribusMetadata docId="1416743" pageId="54955089" pageNr="616" tsid="131306292" status="IN_PROGRESS" userId="64420" imgUrl="https://files.transkribus.eu/Get?id=WWOOPCNKQKVJWCWIFWQRMGUZ&amp;fileType=view" xmlUrl="https://files.transkribus.eu/Get?id=LHLQINCZICHIQLUZHBJEVZXN" imageId="44458814"/>
    </Metadata>
    <Page imageFilename="1416743_0616.jpg" imageWidth="3099" imageHeight="3913">
        <ReadingOrder>
            <OrderedGroup id="ro_1711826581205" caption="Regions reading order">
                <RegionRefIndexed index="0" regionRef="tr_1"/>
            </OrderedGroup>
        </ReadingOrder>
        <TextRegion id="tr_1" custom="readingOrder {index:0;}">
            <Coords points="370,481 2689,481 2689,3403 370,3403"/>
            <TextLine id="tr_1_tl_1" custom="readingOrder {index:0;}">
                <Coords points="356,642 2282,571 2473,547 2476,462 2136,417 1802,488 1693,433 1221,547 358,568"/>
                <Baseline points="370,626 376,626 420,626 465,623 510,623 555,620 599,617 644,617 689,614 734,614 779,611 823,611 868,608 913,605 958,605 1002,602 1047,602 1092,602 1137,599 1181,596 1226,593 1271,590 1316,590 1361,590 1405,587 1450,587 1495,585 1540,585 1584,582 1629,579 1674,576 1719,573 1763,573 1808,570 1853,567 1898,567 1943,564 1987,558 2032,558 2077,555 2122,555 2166,552 2211,552 2256,549 2301,543 2346,543 2390,540 2435,537 2480,531"/>
                <TextEquiv>
                    <Unicode>eine höhere Beteiligung kann daher nur bet Werken, die in großen Auflagen mit entsprechend geringerer</Unicode>
                </TextEquiv>
            </TextLine>
            <TextLine id="tr_1_tl_2" custom="readingOrder {index:1;}">
                <Coords points="353,706 2473,640 2476,568 356,645"/>
                <Baseline points="370,695 379,695 423,692 468,692 513,689 558,686 602,686 647,683 692,683 737,680 782,680 826,680 871,674 916,674 961,671 1005,671 1050,668 1095,668 1140,668 1184,665 1229,662 1274,659 1319,656 1364,656 1408,653 1453,653 1498,650 1543,650 1587,647 1632,644 1677,641 1722,641 1766,638 1811,635 1856,632 1901,632 1946,629 1990,623 2035,623 2080,623 2125,620 2169,617 2214,614 2259,614 2304,611 2348,608 2393,605 2438,602 2483,599"/>
                <TextEquiv>
                    <Unicode>Spesenbelastung verkauft werden, in Frage kommen, während reich illustrierte Werke und Halb- oder</Unicode>
                </TextEquiv>
            </TextLine>
            <TextLine id="tr_1_tl_3" custom="readingOrder {index:2;}">
                <Coords points="358,764 2226,711 2330,687 2335,621 361,706"/>
                <Baseline points="376,761 414,761 459,761 504,761 549,758 593,755 638,755 683,752 728,752 773,749 817,749 862,743 907,743 952,743 996,740 1041,740 1086,737 1131,734 1175,734 1220,731 1265,728 1310,728 1355,725 1399,725 1444,725 1489,719 1534,719 1578,716 1623,713 1668,713 1713,710 1758,707 1802,704 1847,701 1892,701 1937,698 1981,695 2026,695 2071,692 2116,686 2160,686 2205,683 2250,683 2295,680 2340,680"/>
                <TextEquiv>
                    <Unicode>Ganzlederbände einen höheren Anteil als 5 bis 7½% vom Verkaufserlös nicht mehr ertragen.</Unicode>
                </TextEquiv>
            </TextLine>
            <TextLine id="tr_1_tl_4" custom="readingOrder {index:3;}">
                <Coords points="387,852 2439,775 2492,648 2242,724 390,772"/>
                <Baseline points="402,829 435,829 480,826 525,826 570,826 614,823 659,820 704,820 749,817 793,817 838,814 883,814 928,811 973,808 1017,805 1062,805 1107,805 1152,802 1196,799 1241,799 1286,793 1331,793 1375,790 1420,790 1465,790 1510,787 1555,787 1599,784 1644,782 1689,779 1734,779 1778,776 1823,773 1868,770 1913,767 1957,767 2002,764 2047,761 2092,758 2137,758 2181,755 2226,752 2271,752 2316,749 2360,743 2405,743 2450,740 2495,734"/>
                <TextEquiv>
                    <Unicode>Um den Autor nicht unbillig unter der Entwertung seines Honorars leiden zu lassen, ist es erforder¬</Unicode>
                </TextEquiv>
            </TextLine>
            <TextLine id="tr_1_tl_5" custom="readingOrder {index:4;}">
                <Coords points="361,910 2455,868 2492,764 366,825"/>
                <Baseline points="376,904 388,901 432,901 477,901 522,898 567,898 611,895 656,892 701,892 746,889 790,889 835,886 880,886 925,883 970,883 1014,877 1059,877 1104,874 1149,874 1193,868 1238,868 1283,868 1328,862 1372,859 1417,859 1462,856 1507,856 1552,853 1596,853 1641,850 1686,850 1731,847 1775,844 1820,841 1865,838 1910,835 1955,835 1999,832 2044,829 2089,826 2134,823 2178,823 2223,820 2268,817 2313,817 2357,814 2402,811 2447,808 2492,802"/>
                <TextEquiv>
                    <Unicode>lich, in kürzeren Zeiträumen (halbjährlich oder vierteljährlich) mit ihm abzurechnen oder ihm zwischen¬</Unicode>
                </TextEquiv>
            </TextLine>
            <TextLine id="tr_1_tl_6" custom="readingOrder {index:5;}">
                <Coords points="369,1003 1746,942 1783,878 374,918"/>
                <Baseline points="385,973 399,970 444,970 489,970 534,967 579,964 623,964 668,961 713,961 758,958 802,955 847,952 892,949 937,949 981,949 1026,946 1071,946 1116,943 1161,943 1205,937 1250,937 1295,934 1340,934 1384,931 1429,928 1474,925 1519,925 1564,922 1608,919 1653,916 1698,913 1743,910 1787,910"/>
                <TextEquiv>
                    <Unicode>durch Teilzahlungen nach Maßgabe des erzielten Absatzes zu leisten.</Unicode>
                </TextEquiv>
            </TextLine>
            <TextLine id="tr_1_tl_7" custom="readingOrder {index:6;}">
                <Coords points="454,1038 2322,987 2492,902 456,985"/>
                <Baseline points="468,1032 480,1032 525,1032 570,1032 614,1029 659,1029 704,1026 749,1023 793,1023 838,1020 883,1017 928,1017 973,1017 1017,1014 1062,1011 1107,1011 1152,1008 1196,1005 1241,1005 1286,1002 1331,999 1375,999 1420,996 1465,993 1510,993 1555,990 1599,987 1644,987 1689,984 1734,981 1778,978 1823,976 1868,976 1913,973 1957,970 2002,970 2047,967 2092,964 2137,961 2181,961 2226,958 2271,958 2316,955 2360,952 2405,949 2450,946 2495,940"/>
                <TextEquiv>
                    <Unicode>Wird von einem Autor neben einer laufenden Beteiligung am Verkauf seines Buches eine größere</Unicode>
                </TextEquiv>
            </TextLine>
            <TextLine id="tr_1_tl_8" custom="readingOrder {index:7;}">
                <Coords points="374,1128 2341,1056 2495,1027 2497,955 379,1030"/>
                <Baseline points="391,1107 396,1104 441,1104 486,1104 531,1104 576,1104 620,1104 665,1101 710,1098 755,1095 799,1095 844,1092 889,1089 934,1089 978,1086 1023,1083 1068,1083 1113,1080 1158,1080 1202,1074 1247,1074 1292,1071 1337,1071 1381,1065 1426,1065 1471,1065 1516,1062 1561,1062 1605,1059 1650,1056 1695,1053 1740,1050 1784,1047 1829,1044 1874,1044 1919,1044 1963,1041 2008,1038 2053,1035 2098,1032 2143,1032 2187,1029 2232,1026 2277,1023 2322,1020 2366,1017 2411,1017 2456,1011 2501,1005"/>
                <TextEquiv>
                    <Unicode>Borauszahlung gewünscht, so muß diese in einer Zeit fortschreitender Geldentwertung mit ihrem tatsäch-</Unicode>
                </TextEquiv>
            </TextLine>
            <TextLine id="tr_1_tl_9" custom="readingOrder {index:8;}">
                <Coords points="379,1192 2346,1128 2495,1104 2497,1024 382,1120"/>
                <Baseline points="396,1175 441,1175 486,1175 531,1173 576,1173 620,1170 665,1167 710,1167 755,1164 799,1164 844,1161 889,1158 934,1155 978,1155 1023,1152 1068,1152 1113,1149 1158,1149 1202,1143 1247,1140 1292,1140 1337,1137 1381,1134 1426,1131 1471,1131 1516,1131 1561,1128 1605,1125 1650,1125 1695,1122 1740,1119 1784,1119 1829,1116 1874,1113 1919,1110 1963,1107 2008,1107 2053,1104 2098,1101 2143,1098 2187,1098 2232,1092 2277,1095 2322,1089 2366,1089 2411,1086 2456,1083 2501,1077"/>
                <TextEquiv>
                    <Unicode>lichen Geldwert bei späteren Abrechnungen in Abzug gebracht werden, wofür die Schlüsselzahl des</Unicode>
                </TextEquiv>
            </TextLine>
            <TextLine id="tr_1_tl_10" custom="readingOrder {index:9;}">
                <Coords points="385,1258 2460,1176 2502,1104 387,1186"/>
                <Baseline points="399,1244 402,1244 447,1244 492,1244 537,1241 582,1238 626,1235 671,1235 716,1229 761,1229 805,1229 850,1226 895,1226 940,1223 984,1220 1029,1220 1074,1217 1119,1214 1164,1214 1208,1211 1253,1208 1298,1208 1343,1205 1387,1202 1432,1202 1477,1199 1522,1199 1566,1196 1611,1193 1656,1190 1701,1190 1746,1187 1790,1184 1835,1184 1880,1181 1925,1178 1969,1178 2014,1175 2059,1173 2104,1170 2149,1167 2193,1167 2238,1161 2283,1161 2328,1161 2372,1155 2417,1152 2462,1149 2507,1149"/>
                <TextEquiv>
                    <Unicode>Börsenvereins oder der Lebenshaltungs=Index des Reiches als Maßstab dienen kann. Eine andere</Unicode>
                </TextEquiv>
            </TextLine>
            <TextLine id="tr_1_tl_11" custom="readingOrder {index:10;}">
                <Coords points="382,1345 2362,1266 2500,1239 2505,1168 385,1261"/>
                <Baseline points="396,1319 405,1316 450,1316 495,1313 540,1310 585,1307 629,1304 674,1304 719,1304 764,1301 808,1298 853,1298 898,1292 943,1292 987,1286 1032,1289 1077,1286 1122,1286 1167,1283 1211,1280 1256,1280 1301,1277 1346,1274 1390,1274 1435,1271 1480,1268 1525,1268 1569,1262 1614,1265 1659,1262 1704,1256 1749,1256 1793,1253 1838,1253 1883,1250 1928,1247 1972,1244 2017,1244 2062,1241 2107,1238 2152,1235 2196,1232 2241,1229 2286,1229 2331,1226 2375,1226 2420,1220 2465,1220 2510,1223"/>
                <TextEquiv>
                    <Unicode>Möglichkeit, einen gerechten Ausgleich zu schaffen, besteht darin, daß für eine gewährte Vorauszahlung</Unicode>
                </TextEquiv>
            </TextLine>
            <TextLine id="tr_1_tl_12" custom="readingOrder {index:11;}">
                <Coords points="385,1404 2481,1353 2502,1239 387,1345"/>
                <Baseline points="399,1384 405,1384 450,1384 495,1381 540,1378 585,1378 629,1375 674,1372 719,1369 764,1369 808,1367 853,1364 898,1364 943,1361 987,1358 1032,1358 1077,1355 1122,1355 1167,1352 1211,1352 1256,1346 1301,1346 1346,1343 1390,1343 1435,1340 1480,1340 1525,1337 1569,1334 1614,1331 1659,1331 1704,1328 1749,1325 1793,1322 1838,1322 1883,1316 1928,1316 1972,1316 2017,1313 2062,1310 2107,1307 2152,1304 2196,1301 2241,1301 2286,1298 2331,1295 2375,1295 2420,1292 2465,1289 2510,1283"/>
                <TextEquiv>
                    <Unicode>eine bestimmte Anzahl von Exemplaren als honoriert abgegolten wird und dementsprechend die prozentuale</Unicode>
                </TextEquiv>
            </TextLine>
            <TextLine id="tr_1_tl_13" custom="readingOrder {index:12;}">
                <Coords points="390,1473 1781,1409 1783,1348 395,1401"/>
                <Baseline points="408,1453 444,1450 489,1450 534,1450 579,1447 623,1444 668,1444 713,1441 758,1438 802,1438 847,1435 892,1432 937,1429 981,1429 1026,1426 1071,1423 1116,1423 1161,1423 1205,1420 1250,1420 1295,1417 1340,1411 1384,1408 1429,1408 1474,1405 1519,1405 1564,1402 1608,1399 1653,1396 1698,1393 1743,1390 1787,1390"/>
                <TextEquiv>
                    <Unicode>Beteiligung am Verkauf erst nach Absatz dieser Exemplare eintritt.</Unicode>
                </TextEquiv>
            </TextLine>
            <TextLine id="tr_1_tl_14" custom="readingOrder {index:13;}">
                <Coords points="472,1537 2367,1457 2508,1433 2510,1364 475,1478"/>
                <Baseline points="486,1516 498,1513 543,1516 587,1516 632,1516 677,1513 722,1510 767,1507 811,1507 856,1504 901,1501 946,1498 990,1498 1035,1495 1080,1492 1125,1492 1170,1489 1214,1486 1259,1486 1304,1486 1349,1483 1393,1480 1438,1477 1483,1471 1528,1471 1572,1471 1617,1468 1662,1468 1707,1465 1752,1462 1796,1459 1841,1456 1886,1456 1931,1453 1975,1450 2020,1450 2065,1447 2110,1444 2154,1441 2199,1441 2244,1435 2289,1435 2334,1435 2378,1432 2423,1429 2468,1426 2513,1420"/>
                <TextEquiv>
                    <Unicode>Eine Beteiligung des Autors am Reingewinn seines Buches läge an sich wohl im Interesse des</Unicode>
                </TextEquiv>
            </TextLine>
            <TextLine id="tr_1_tl_15" custom="readingOrder {index:14;}">
                <Coords points="393,1608 2484,1523 2513,1449 398,1505"/>
                <Baseline points="408,1584 414,1587 459,1587 504,1587 549,1587 593,1584 638,1581 683,1581 728,1578 773,1575 817,1575 862,1572 907,1569 952,1566 996,1566 1041,1564 1086,1564 1131,1561 1175,1558 1220,1558 1265,1555 1310,1552 1355,1552 1399,1549 1444,1546 1489,1543 1534,1540 1578,1540 1623,1537 1668,1537 1713,1531 1758,1531 1802,1531 1847,1528 1892,1522 1937,1522 1981,1519 2026,1516 2071,1516 2116,1513 2160,1513 2205,1510 2250,1504 2295,1504 2340,1501 2384,1498 2429,1495 2474,1495 2519,1492"/>
                <TextEquiv>
                    <Unicode>Verlegers, sie ist aber nicht ratsam, da es zu falschen Ergebniffen führt, wenn Ausgaben, die früher in</Unicode>
                </TextEquiv>
            </TextLine>
            <TextLine id="tr_1_tl_16" custom="readingOrder {index:15;}">
                <Coords points="401,1698 2433,1600 2518,1507 403,1603"/>
                <Baseline points="414,1659 417,1659 462,1659 507,1659 552,1656 596,1656 641,1653 686,1650 731,1647 776,1644 820,1641 865,1638 910,1638 955,1635 999,1635 1044,1632 1089,1632 1134,1626 1178,1629 1223,1626 1268,1623 1313,1623 1358,1620 1402,1617 1447,1614 1492,1611 1537,1611 1581,1608 1626,1605 1671,1602 1716,1599 1760,1599 1805,1596 1850,1593 1895,1590 1940,1590 1984,1587 2029,1587 2074,1584 2119,1581 2163,1581 2208,1578 2253,1575 2298,1572 2343,1569 2387,1566 2432,1564 2477,1564 2522,1561"/>
                <TextEquiv>
                    <Unicode>besserem Geld geleistet wurden, mit Einnahmen in entwertetem Geld rein zahlenmäßig verglichen werden</Unicode>
                </TextEquiv>
            </TextLine>
            <TextLine id="tr_1_tl_17" custom="readingOrder {index:16;}">
                <Coords points="403,1757 2396,1688 2521,1672 2524,1579 406,1696"/>
                <Baseline points="420,1731 423,1728 468,1731 513,1728 558,1725 602,1722 647,1719 692,1722 737,1719 782,1716 826,1713 871,1710 916,1707 961,1704 1005,1704 1050,1701 1095,1698 1140,1698 1184,1695 1229,1695 1274,1692 1319,1692 1364,1689 1408,1686 1453,1683 1498,1683 1543,1680 1587,1677 1632,1677 1677,1671 1722,1671 1766,1665 1811,1665 1856,1665 1901,1662 1946,1659 1990,1656 2035,1656 2080,1653 2125,1650 2169,1647 2214,1647 2259,1641 2304,1641 2348,1638 2393,1635 2438,1632 2483,1632 2528,1626"/>
                <TextEquiv>
                    <Unicode>außerdem gibt die Berechnung der im einzelnen nicht nachweisbaren allgemeinen Geschästsunkosten</Unicode>
                </TextEquiv>
            </TextLine>
            <TextLine id="tr_1_tl_18" custom="readingOrder {index:17;}">
                <Coords points="411,1823 1048,1786 1173,1813 1261,1775 1340,1794 1343,1720 414,1746"/>
                <Baseline points="426,1799 447,1796 492,1796 537,1796 582,1793 626,1790 671,1790 716,1787 761,1784 805,1781 850,1778 895,1775 940,1775 984,1772 1029,1772 1074,1769 1119,1766 1164,1766 1208,1763 1253,1760 1298,1758 1343,1758"/>
                <TextEquiv>
                    <Unicode>häufig Anlaß zu Meinungsverschiedenheiten.</Unicode>
                </TextEquiv>
            </TextLine>
            <TextLine id="tr_1_tl_19" custom="readingOrder {index:18;}">
                <Coords points="494,1884 2497,1807 2540,1672 496,1810"/>
                <Baseline points="507,1868 525,1865 570,1862 614,1859 659,1856 704,1856 749,1853 793,1850 838,1847 883,1847 928,1844 973,1844 1017,1841 1062,1841 1107,1838 1152,1835 1196,1832 1241,1832 1286,1829 1331,1829 1375,1826 1420,1823 1465,1820 1510,1820 1555,1817 1599,1814 1644,1811 1689,1808 1734,1805 1778,1802 1823,1802 1868,1799 1913,1799 1957,1796 2002,1793 2047,1790 2092,1790 2137,1787 2181,1787 2226,1781 2271,1781 2316,1778 2360,1775 2405,1772 2450,1769 2495,1766 2540,1766"/>
                <TextEquiv>
                    <Unicode>Für die Beurteilung der Frage, welcher Prozentsatz vom Ladenpreis oder vom Verkaufserlös für</Unicode>
                </TextEquiv>
            </TextLine>
            <TextLine id="tr_1_tl_20" custom="readingOrder {index:19;}">
                <Coords points="406,1972 2426,1874 2537,1802 411,1876"/>
                <Baseline points="423,1937 435,1937 480,1937 525,1931 570,1931 614,1928 659,1925 704,1925 749,1922 793,1919 838,1919 883,1916 928,1913 973,1913 1017,1910 1062,1910 1107,1907 1152,1904 1196,1901 1241,1898 1286,1898 1331,1895 1375,1895 1420,1892 1465,1889 1510,1889 1555,1886 1599,1883 1644,1880 1689,1877 1734,1874 1778,1871 1823,1871 1868,1868 1913,1868 1957,1862 2002,1862 2047,1859 2092,1859 2137,1856 2181,1853 2226,1853 2271,1850 2316,1847 2360,1844 2405,1841 2450,1838 2495,1838 2540,1832"/>
                <TextEquiv>
                    <Unicode>den Autor heute als angemessen gelten kann, ist es nötig, sich darüber klar zu werden, wie sich unter den</Unicode>
                </TextEquiv>
            </TextLine>
            <TextLine id="tr_1_tl_21" custom="readingOrder {index:20;}">
                <Coords points="409,2030 2349,1956 2537,1932 2540,1844 411,1969"/>
                <Baseline points="423,2011 435,2008 480,2008 525,2002 570,1999 614,1996 659,1993 704,1993 749,1987 793,1987 838,1984 883,1984 928,1981 973,1978 1017,1978 1062,1975 1107,1972 1152,1972 1196,1969 1241,1966 1286,1963 1331,1963 1375,1960 1420,1960 1465,1955 1510,1955 1555,1952 1599,1952 1644,1949 1689,1946 1734,1943 1778,1940 1823,1937 1868,1937 1913,1937 1957,1934 2002,1931 2047,1928 2092,1928 2137,1925 2181,1922 2226,1919 2271,1919 2316,1916 2360,1916 2405,1913 2450,1910 2495,1907 2540,1907"/>
                <TextEquiv>
                    <Unicode>gegenwärtigen Verhältnissen die Kalkulation des Verlegers gestaltet. Steht einwandfrei fest, daß</Unicode>
                </TextEquiv>
            </TextLine>
            <TextLine id="tr_1_tl_22" custom="readingOrder {index:21;}">
                <Coords points="414,2089 2338,2025 2537,2001 2540,1932 419,2025"/>
                <Baseline points="432,2071 441,2071 486,2071 531,2068 576,2065 620,2065 665,2062 710,2062 755,2059 799,2056 844,2053 889,2053 934,2050 978,2050 1023,2047 1068,2044 1113,2041 1158,2041 1202,2038 1247,2035 1292,2035 1337,2032 1381,2029 1426,2029 1471,2026 1516,2023 1561,2023 1605,2017 1650,2014 1695,2011 1740,2011 1784,2008 1829,2005 1874,2002 1919,2005 1963,2002 2008,1999 2053,1996 2098,1996 2143,1993 2187,1990 2232,1987 2277,1984 2322,1984 2366,1981 2411,1978 2456,1978 2501,1975 2545,1972"/>
                <TextEquiv>
                    <Unicode>die Kosten des Papiers Anfang März 1923 auf das 9= bis 10 000 fachs, die Druckkosten aus das</Unicode>
                </TextEquiv>
            </TextLine>
            <TextLine id="tr_1_tl_23" custom="readingOrder {index:22;}">
                <Coords points="425,2165 2532,2078 2534,1996 430,2099"/>
                <Baseline points="442,2142 480,2137 525,2140 570,2137 614,2137 659,2134 704,2131 749,2128 793,2125 838,2122 883,2122 928,2119 973,2116 1017,2116 1062,2113 1107,2110 1152,2107 1196,2107 1241,2104 1286,2101 1331,2101 1375,2098 1420,2095 1465,2092 1510,2089 1555,2086 1599,2086 1644,2083 1689,2083 1734,2080 1778,2080 1823,2077 1868,2074 1913,2074 1957,2071 2002,2068 2047,2068 2092,2065 2137,2062 2181,2062 2226,2059 2271,2053 2316,2053 2360,2050 2405,2050 2450,2047 2495,2044 2540,2038"/>
                <TextEquiv>
                    <Unicode> 5000fache und die Buchbinderkosten auf das 6000fache des Friedenssatzes gestiegen sind, während</Unicode>
                </TextEquiv>
            </TextLine>
            <TextLine id="tr_1_tl_24" custom="readingOrder {index:23;}">
                <Coords points="427,2213 2264,2163 2548,2139 2550,2073 430,2165"/>
                <Baseline points="441,2208 453,2208 498,2208 543,2205 587,2202 632,2202 677,2199 722,2199 767,2196 811,2190 856,2187 901,2187 946,2187 990,2184 1035,2184 1080,2181 1125,2178 1170,2178 1214,2172 1259,2172 1304,2169 1349,2166 1393,2166 1438,2160 1483,2160 1528,2157 1572,2154 1617,2152 1662,2152 1707,2149 1752,2149 1796,2146 1841,2143 1886,2140 1931,2140 1975,2137 2020,2137 2065,2134 2110,2131 2154,2131 2199,2128 2244,2128 2289,2122 2334,2122 2378,2119 2423,2116 2468,2116 2513,2110 2557,2107"/>
                <TextEquiv>
                    <Unicode>die durchschnittliche Verteuerung des Buches erst das 2000= bis 2500fache erreicht hat, so bedarf es</Unicode>
                </TextEquiv>
            </TextLine>
            <TextLine id="tr_1_tl_25" custom="readingOrder {index:24;}">
                <Coords points="427,2290 2521,2216 2542,2134 430,2219"/>
                <Baseline points="441,2277 444,2277 489,2277 534,2277 579,2277 623,2274 668,2271 713,2268 758,2265 802,2262 847,2259 892,2256 937,2256 981,2256 1026,2253 1071,2250 1116,2250 1161,2247 1205,2244 1250,2241 1295,2238 1340,2238 1384,2235 1429,2232 1474,2232 1519,2229 1564,2226 1608,2223 1653,2220 1698,2220 1743,2217 1787,2214 1832,2211 1877,2211 1922,2208 1966,2208 2011,2205 2056,2202 2101,2202 2146,2199 2190,2196 2235,2196 2280,2193 2325,2190 2369,2187 2414,2187 2459,2184 2504,2181 2548,2178"/>
                <TextEquiv>
                    <Unicode>keiner großen Beweisführung mehr, um darzutun, daß der deutsche Verlag die heutigen, kaufmännisch</Unicode>
                </TextEquiv>
            </TextLine>
            <TextLine id="tr_1_tl_26" custom="readingOrder {index:25;}">
                <Coords points="425,2386 2532,2285 2556,2211 427,2311"/>
                <Baseline points="441,2346 453,2346 498,2346 543,2346 587,2346 632,2343 677,2340 722,2337 767,2334 811,2331 856,2331 901,2328 946,2325 990,2325 1035,2322 1080,2319 1125,2316 1170,2316 1214,2313 1259,2310 1304,2310 1349,2310 1393,2304 1438,2301 1483,2301 1528,2298 1572,2298 1617,2298 1662,2295 1707,2289 1752,2286 1796,2286 1841,2286 1886,2283 1931,2280 1975,2277 2020,2271 2065,2271 2110,2268 2154,2268 2199,2265 2244,2262 2289,2262 2334,2259 2378,2259 2423,2256 2468,2250 2513,2250 2557,2247"/>
                <TextEquiv>
                    <Unicode>viel zu niedrig berechneten, vom Publikum aber teilweise schon als zu hoch empfundenen Preise nur</Unicode>
                </TextEquiv>
            </TextLine>
            <TextLine id="tr_1_tl_27" custom="readingOrder {index:26;}">
                <Coords points="1977,2378 2139,2362 2192,2375 2274,2354 2526,2359 2550,2349 2553,2277 1980,2301"/>
                <Baseline points="1993,2346 2038,2340 2083,2340 2128,2337 2172,2334 2217,2334 2262,2331 2307,2331 2351,2328 2396,2322 2441,2322 2486,2319 2531,2316 2557,2316"/>
                <TextEquiv>
                    <Unicode>in höherwertigem Geld her¬</Unicode>
                </TextEquiv>
            </TextLine>
            <TextLine id="tr_1_tl_28" custom="readingOrder {index:27;}">
                <Coords points="1866,2359 1884,2362 1905,2349 1911,2354 1924,2349 1927,2354 1948,2349 1988,2351 1988,2309 1972,2303 1956,2309 1948,2301 1940,2309 1924,2293 1895,2311 1868,2306"/>
                <Baseline points="1880,2357 1904,2343 1949,2343 1993,2346"/>
                <TextEquiv>
                    <Unicode>aber</Unicode>
                </TextEquiv>
            </TextLine>
            <TextLine id="tr_1_tl_29" custom="readingOrder {index:28;}">
                <Coords points="1863,2375 1889,2375 1900,2370 1913,2383 1935,2375 1953,2380 1969,2372 1985,2372 1990,2338 1964,2341 1945,2349 1916,2349 1897,2341 1882,2319 1868,2319"/>
                <Baseline points="1880,2357 1913,2366 1957,2363 1993,2346"/>
                <TextEquiv>
                    <Unicode>G.C.H.P.</Unicode>
                </TextEquiv>
            </TextLine>
            <TextLine id="tr_1_tl_30" custom="readingOrder {index:29;}">
                <Coords points="430,2436 1677,2380 1871,2426 1876,2322 435,2367"/>
                <Baseline points="447,2417 468,2417 513,2417 558,2414 602,2411 647,2408 692,2405 737,2405 782,2402 826,2402 871,2399 916,2399 961,2396 1005,2399 1050,2399 1050,2399 1074,2387 1119,2384 1164,2384 1208,2381 1253,2384 1298,2375 1343,2372 1387,2372 1432,2372 1477,2366 1522,2369 1566,2369 1611,2360 1656,2360 1701,2360 1746,2357 1790,2354 1835,2354 1880,2357"/>
                <TextEquiv>
                    <Unicode>aufrechterhalten kann, wenn er fortwährend von seinen alten, billiger</Unicode>
                </TextEquiv>
            </TextLine>
            <TextLine id="tr_1_tl_31" custom="readingOrder {index:30;}">
                <Coords points="1860,2452 2020,2428 2147,2441 2200,2410 2264,2439 2378,2415 2412,2436 2436,2415 2532,2423 2550,2420 2553,2349 1863,2378"/>
                <Baseline points="1874,2418 1922,2417 1966,2411 2011,2417 2056,2414 2101,2405 2146,2405 2190,2402 2235,2399 2280,2396 2325,2396 2369,2396 2414,2393 2459,2393 2504,2390 2548,2384 2554,2384"/>
                <TextEquiv>
                    <Unicode>sicher immer nur wieder ein neues</Unicode>
                </TextEquiv>
            </TextLine>
            <TextLine id="tr_1_tl_32" custom="readingOrder {index:31;}">
                <Coords points="2590,2433 2609,2433 2619,2418 2630,2412 2670,2426 2686,2420 2678,2317 2643,2319 2627,2306 2619,2309 2603,2298 2579,2301"/>
                <Baseline points="2602,2396 2647,2402 2689,2402"/>
                <TextEquiv>
                    <Unicode>0</Unicode>
                </TextEquiv>
            </TextLine>
            <TextLine id="tr_1_tl_33" custom="readingOrder {index:32;}">
                <Coords points="438,2497 1475,2468 1730,2436 1733,2383 441,2439"/>
                <Baseline points="453,2492 483,2486 528,2483 573,2483 617,2480 662,2477 707,2474 752,2474 796,2471 841,2468 886,2465 931,2462 976,2468 1020,2468 1065,2456 1110,2456 1155,2453 1199,2453 1244,2450 1289,2447 1334,2444 1378,2441 1423,2438 1468,2438 1513,2435 1558,2435 1602,2429 1647,2426 1692,2423 1738,2431"/>
                <TextEquiv>
                    <Unicode>gestellten Beständen opfert, so daß er für zwei bis drei verkau</Unicode>
                </TextEquiv>
            </TextLine>
            <TextLine id="tr_1_tl_34" custom="readingOrder {index:33;}">
                <Coords points="438,2561 2556,2489 2561,2423 441,2502"/>
                <Baseline points="453,2560 462,2560 507,2554 552,2551 596,2548 641,2545 686,2543 731,2543 776,2540 820,2540 865,2534 910,2534 955,2534 999,2531 1044,2528 1089,2525 1134,2522 1178,2519 1223,2516 1268,2513 1313,2513 1358,2510 1402,2510 1447,2507 1492,2504 1537,2504 1581,2498 1626,2498 1671,2495 1716,2492 1760,2489 1805,2489 1850,2489 1895,2486 1940,2483 1984,2480 2029,2480 2074,2477 2119,2477 2163,2474 2208,2471 2253,2471 2298,2468 2343,2465 2387,2465 2432,2465 2477,2462 2522,2456 2566,2453"/>
                <TextEquiv>
                    <Unicode>herstellen kann, und wenn er sich darüber hinaus mit einer viel geringeren Gewinnspanne als früher</Unicode>
                </TextEquiv>
            </TextLine>
            <TextLine id="tr_1_tl_35" custom="readingOrder {index:34;}">
                <Coords points="443,2625 2500,2566 2558,2492 446,2579"/>
                <Baseline points="459,2623 504,2620 549,2623 593,2617 638,2614 683,2614 728,2611 773,2608 817,2605 862,2602 907,2602 952,2596 996,2596 1041,2593 1086,2590 1131,2587 1175,2587 1220,2584 1265,2581 1310,2581 1355,2578 1399,2578 1444,2575 1489,2575 1534,2572 1578,2569 1623,2566 1668,2563 1713,2560 1758,2557 1802,2557 1847,2557 1892,2554 1937,2551 1981,2548 2026,2545 2071,2545 2116,2543 2160,2543 2205,2540 2250,2540 2295,2537 2340,2534 2384,2534 2429,2531 2474,2531 2519,2528 2563,2528"/>
                <TextEquiv>
                    <Unicode>begnügt. Angesichts dieser unbestreitbaren Tatsache erscheint es nicht nur als ein Gebot der Billigkeit</Unicode>
                </TextEquiv>
            </TextLine>
            <TextLine id="tr_1_tl_36" custom="readingOrder {index:35;}">
                <Coords points="451,2725 2444,2635 2558,2625 2561,2556 456,2633"/>
                <Baseline points="468,2695 507,2689 552,2689 596,2686 641,2683 686,2683 731,2677 776,2677 820,2674 865,2674 910,2668 955,2668 999,2665 1044,2662 1089,2659 1134,2656 1178,2656 1223,2653 1268,2653 1313,2650 1358,2647 1402,2650 1447,2647 1492,2647 1537,2644 1581,2638 1626,2632 1671,2632 1716,2629 1760,2626 1805,2626 1850,2629 1895,2629 1940,2623 1984,2617 2029,2617 2074,2614 2119,2611 2163,2611 2208,2608 2253,2608 2298,2608 2343,2605 2387,2602 2432,2599 2477,2596 2522,2596 2566,2599"/>
                <TextEquiv>
                    <Unicode>sondern auch als ein solches der Selbsterhaltung, daß auch der Autor sich mit einem niedrigeren Antell</Unicode>
                </TextEquiv>
            </TextLine>
            <TextLine id="tr_1_tl_37" custom="readingOrder {index:36;}">
                <Coords points="451,2773 2521,2699 2566,2630 454,2725"/>
                <Baseline points="465,2757 510,2760 555,2754 599,2754 644,2751 689,2748 734,2748 779,2745 823,2745 868,2742 913,2739 958,2737 1002,2734 1047,2731 1092,2731 1137,2728 1181,2725 1226,2722 1271,2722 1316,2719 1361,2716 1405,2716 1450,2713 1495,2710 1540,2707 1584,2704 1629,2701 1674,2701 1719,2698 1763,2698 1808,2695 1853,2695 1898,2695 1943,2689 1987,2686 2032,2686 2077,2683 2122,2680 2166,2683 2211,2680 2256,2680 2301,2674 2346,2674 2390,2668 2435,2668 2480,2665 2525,2665 2569,2665"/>
                <TextEquiv>
                    <Unicode>als er vielleicht früher gewohnt war, bescheidet. In demselben Maße, wie dies geschieht, wird auch der</Unicode>
                </TextEquiv>
            </TextLine>
            <TextLine id="tr_1_tl_38" custom="readingOrder {index:37;}">
                <Coords points="454,2837 2452,2776 2566,2696 456,2781"/>
                <Baseline points="468,2826 510,2823 555,2826 599,2823 644,2820 689,2820 734,2814 779,2814 823,2811 868,2808 913,2808 958,2805 1002,2802 1047,2799 1092,2796 1137,2796 1181,2793 1226,2793 1271,2790 1316,2787 1361,2784 1405,2784 1450,2781 1495,2781 1540,2778 1584,2778 1629,2772 1674,2769 1719,2766 1763,2766 1808,2763 1853,2763 1898,2760 1943,2757 1987,2754 2032,2754 2077,2751 2122,2751 2166,2748 2211,2748 2256,2745 2301,2742 2346,2739 2390,2737 2435,2737 2480,2734 2525,2734 2569,2728"/>
                <TextEquiv>
                    <Unicode>Verleger in der Lage und bereit sein, weiterhin Opfer für die Erhaltung des deutschen Geisteslebens zu</Unicode>
                </TextEquiv>
            </TextLine>
            <TextLine id="tr_1_tl_39" custom="readingOrder {index:38;}">
                <Coords points="448,2919 2561,2837 2566,2752 454,2842"/>
                <Baseline points="465,2892 510,2895 555,2892 599,2892 644,2889 689,2889 734,2886 779,2883 823,2877 868,2877 913,2874 958,2874 1002,2871 1047,2868 1092,2868 1137,2865 1181,2865 1226,2862 1271,2859 1316,2856 1361,2853 1405,2850 1450,2850 1495,2847 1540,2847 1584,2844 1629,2838 1674,2838 1719,2835 1763,2835 1808,2832 1853,2832 1898,2829 1943,2826 1987,2826 2032,2823 2077,2823 2122,2820 2166,2823 2211,2817 2256,2817 2301,2811 2346,2811 2390,2811 2435,2808 2480,2805 2525,2802 2569,2802"/>
                <TextEquiv>
                    <Unicode>bringen, stellt sich aber ein Autor, wie das leider manchmal vorkommt, auf den rechtlich wie praktisch gleich</Unicode>
                </TextEquiv>
            </TextLine>
            <TextLine id="tr_1_tl_40" custom="readingOrder {index:39;}">
                <Coords points="451,2964 2561,2909 2582,2832 451,2927"/>
                <Baseline points="465,2963 483,2963 528,2963 573,2960 617,2957 662,2954 707,2954 752,2951 796,2948 841,2948 886,2945 931,2942 976,2939 1020,2939 1065,2936 1110,2936 1155,2934 1199,2931 1244,2925 1289,2925 1334,2922 1378,2922 1423,2919 1468,2916 1513,2913 1558,2910 1602,2907 1647,2907 1692,2904 1737,2904 1781,2901 1826,2901 1871,2898 1916,2898 1960,2895 2005,2892 2050,2892 2095,2889 2140,2889 2184,2886 2229,2886 2274,2883 2319,2883 2363,2880 2408,2880 2453,2877 2498,2874 2543,2871 2587,2877"/>
                <TextEquiv>
                    <Unicode>unhaltbaren Standpunkt, daß er als „Arbeitnehmer" des Verlegers für seine Arbeit nach Maßgabe der</Unicode>
                </TextEquiv>
            </TextLine>
            <TextLine id="tr_1_tl_41" custom="readingOrder {index:40;}">
                <Coords points="459,3068 2495,3007 2564,2996 2566,2895 462,2970"/>
                <Baseline points="474,3035 513,3032 558,3032 602,3029 647,3026 692,3023 737,3020 782,3017 826,3014 871,3014 916,3011 961,3011 1005,3008 1050,3005 1095,3005 1140,3002 1184,2999 1229,2996 1274,2993 1319,2993 1364,2987 1408,2987 1453,2984 1498,2981 1543,2981 1587,2981 1632,2978 1677,2978 1722,2975 1766,2975 1811,2975 1856,2972 1901,2969 1946,2969 1990,2966 2035,2963 2080,2960 2125,2960 2169,2957 2214,2954 2259,2951 2304,2951 2348,2948 2393,2948 2438,2945 2483,2942 2528,2939 2572,2936"/>
                <TextEquiv>
                    <Unicode>aufgewendeten Milhe honoriert werden müßte, so wird jedes ersprießliche Zusammenarbeiten unmöglich</Unicode>
                </TextEquiv>
            </TextLine>
            <TextLine id="tr_1_tl_42" custom="readingOrder {index:41;}">
                <Coords points="1799,3094 1839,3081 1871,3092 1924,3068 1945,3084 1982,3084 2009,3062 2020,3073 2083,3057 2104,3068 2107,2993 2038,3020 1982,3004 1953,3020 1908,2993 1884,3015 1871,3004 1855,3015 1836,3007 1802,3023"/>
                <Baseline points="1814,3065 1859,3065 1904,3065 1919,3065 1943,3059 1987,3059 2032,3059 2077,3056 2110,3059"/>
                <TextEquiv>
                    <Unicode>C. D. De même n° 0</Unicode>
                </TextEquiv>
            </TextLine>
            <TextLine id="tr_1_tl_43" custom="readingOrder {index:42;}">
                <Coords points="1600,3187 2081,3150 2407,3166 2410,3070 2240,3054 2096,3092 2009,3065 1603,3110"/>
                <Baseline points="1614,3166 1656,3163 1701,3160 1746,3160 1790,3157 1835,3154 1880,3154 1925,3151 1969,3151 2014,3151 2059,3148 2104,3145 2149,3148 2193,3148 2238,3145 2283,3142 2328,3139 2372,3136 2417,3136"/>
                <TextEquiv>
                    <Unicode>Cotta'sche Buchhandlung Nachfolg</Unicode>
                </TextEquiv>
            </TextLine>
            <TextLine id="tr_1_tl_44" custom="readingOrder {index:43;}">
                <Coords points="563,3214 722,3235 942,3190 1279,3200 1284,3113 565,3139"/>
                <Baseline points="576,3205 617,3205 662,3205 707,3208 752,3208 796,3205 841,3199 886,3196 931,3196 976,3190 1020,3190 1065,3187 1110,3187 1155,3184 1199,3181 1244,3184 1289,3181"/>
                <TextEquiv>
                    <Unicode>Georg Bondi — Bruno Cas-</Unicode>
                </TextEquiv>
            </TextLine>
            <TextLine id="tr_1_tl_45" custom="readingOrder {index:44;}">
                <Coords points="1802,3296 1860,3309 1953,3275 2006,3299 2089,3267 2163,3285 2216,3264 2426,3264 2428,3169 2378,3150 2224,3150 2173,3174 2086,3150 1990,3174 1807,3166"/>
                <Baseline points="1820,3259 1823,3259 1868,3256 1913,3253 1957,3250 2002,3250 2047,3244 2092,3244 2137,3247 2181,3256 2226,3253 2271,3247 2283,3238 2298,3235 2343,3232 2387,3229 2432,3226"/>
                <TextEquiv>
                    <Unicode>Fischer, Verlag — Insel=</Unicode>
                </TextEquiv>
            </TextLine>
            <TextLine id="tr_1_tl_46" custom="readingOrder {index:45;}">
                <Coords points="1276,3304 1306,3301 1351,3312 1375,3307 1396,3288 1428,3299 1457,3280 1505,3299 1510,3206 1475,3206 1425,3171 1375,3177 1343,3200 1330,3190 1282,3192"/>
                <Baseline points="1295,3274 1334,3271 1378,3271 1423,3268 1468,3262 1513,3262"/>
                <TextEquiv>
                    <Unicode>en Diede.</Unicode>
                </TextEquiv>
            </TextLine>
            <TextLine id="tr_1_tl_47" custom="readingOrder {index:46;}">
                <Coords points="1619,3299 1645,3299 1659,3288 1688,3283 1696,3291 1704,3285 1741,3301 1754,3179 1728,3182 1680,3174 1632,3184"/>
                <Baseline points="1635,3280 1662,3277 1707,3274 1752,3265"/>
                <TextEquiv>
                    <Unicode>- e</Unicode>
                </TextEquiv>
            </TextLine>
            <TextLine id="tr_1_tl_48" custom="readingOrder {index:47;}">
                <Coords points="464,3325 610,3354 831,3312 966,3341 1067,3304 1160,3328 1231,3304 1237,3206 955,3187 722,3235 470,3192"/>
                <Baseline points="480,3310 522,3307 567,3307 611,3307 656,3307 701,3304 746,3301 790,3298 835,3298 880,3295 925,3292 970,3289 1014,3283 1059,3283 1104,3283 1149,3283 1193,3277 1238,3277"/>
                <TextEquiv>
                    <Unicode>Deutsche Verlags-Anstalt — Edle.</Unicode>
                </TextEquiv>
            </TextLine>
            <TextLine id="tr_1_tl_49" custom="readingOrder {index:48;}">
                <Coords points="613,3426 1290,3376 1539,3460 1998,3346 2444,3431 2449,3269 618,3341"/>
                <Baseline points="629,3393 662,3393 707,3393 752,3390 796,3387 841,3384 886,3384 931,3384 976,3381 1020,3378 1065,3375 1110,3372 1155,3372 1199,3369 1244,3366 1289,3363 1334,3360 1378,3360 1423,3357 1468,3357 1513,3354 1558,3354 1602,3351 1647,3348 1692,3348 1737,3348 1781,3348 1826,3348 1871,3345 1916,3342 1960,3339 2005,3339 2050,3336 2095,3333 2140,3333 2184,3333 2229,3333 2274,3330 2319,3327 2363,3327 2408,3327 2453,3327"/>
                <TextEquiv>
                    <Unicode>Alfred Kröner, Verlag — Ernst Kowohlt, Beclag, — Kurt Wolff. Verlag</Unicode>
                </TextEquiv>
            </TextLine>
        </TextRegion>
    </Page>
</PcGts>
