3082 3848
1505 587 1681 734 at 690
1826 535 2027 712 Coln
2068 533 2610 714 Stanguellens
836 585 1133 782 Harlung.
1944 670 2280 847 20. VIII.
836 887 1804 1105 Sehr geilte Herr Doktoren
863 1133 2564 1280 ist weiss nicht, ob der St. Küstler über eine
865 1251 2485 1360 koniödie der Verführung“ für Deutschland von
847 1328 2562 1470 verfügt habe - in den Blättern lese ist mir die
863 1417 2455 1559 W. einer Auffübung angezeigt. Sollte die erste
854 1511 2533 1642 Aufführung in Rückland erst Du erzeben sein.
874 1592 2631 1725 so bitte ich dem Ditter den Vorschlag zu übermit¬
867 1688 2492 1806 kla: die nur anzuvertreuen. H habe der
878 1786 2586 1920 grosse Personal, welches das Werk erfordet und
876 1898 2618 2018 über welches keine Berliner Bühne und Erbarkeit
891 2002 2562 2110 für die W. ederholungen verfügt — ich glaube
874 2070 2612 2230 mit der Dirkling als nahe und hoffe derhalb
871 2171 2612 2313 von der Vorstellung einen Eindruck, der Stücklers
880 2289 2529 2391 Verstellung von einem Werk im Werenblößen
889 2354 2505 2496 gericht werden; ist glaube ferner trok der Umfang
880 2457 2411 2614 des Realerabends die Stimmung in der
874 2540 2474 2690 Diklichkeit so halten zu können, den der
898 2636 2583 2795 Abend auf von der Aufhebung aus eine Regen¬
