3076 3848
1006 237 2334 489 Fischer / Verlag / A.=G. Berlin W5.
653 456 2616 605 Bankkonto: Deutsche Bank, Depositenkasse P in Berlin / Postscheckkonto; Berlin Nr. 1669a
1051 532 2197 665 Fernsprochenschlüsse: Amt Lützow Nr. 6162 bis 6164
1443 599 1826 702 Bülowstraße 90
2434 675 2571 817 G.H.F.P.
410 757 617 906 P/si.
1993 769 2726 933 1. Mai 24.
1784 866 1872 988 G.F.P.
2179 887 2732 1021 M.M.D.H.Hae N. N.
796 860 1723 1012 Herrn Dr. Arthur Schnitzler
662 1000 760 1085 G.H.P.
2273 966 2613 1094 G.C.H.F.P.
2115 982 2240 1140 Wien
617 1054 748 1170 G.H.F.P.
1012 1079 1775 1228 tout de cette ami avec
2136 1076 2698 1240 berichtet zu überxxx
498 1079 975 1279 Lieber Freund,
1024 1197 2613 1328 ne edlen nach xxx, xxx
577 1291 2747 1419 ich bestätige dankend den Empfang des ersten Aktes Ihres Stückes;
477 1395 2847 1489 auf Ihren Wunsch habe ich es sofort der Druckerei zum Satz übergeben.
556 1507 2759 1623 Wir werden den Satz etwas lockerer halten als in der Gesamtausgabe,
571 1607 2811 1744 wodurch sich der Begenumfang natürlich erhöht. Sobald durch die Mal-
435 1705 2780 1835 kulation der Ladenpreis des broschierten Exemplars festgestellt werden
462 1814 2814 1917 kann, werde ich Ihnen das Honorar für die ersten drei Auflagen überwei-
468 1914 2714 2063 sen. Wenn Sie wünschen, können Sie vorher eine a Kontozahlung darauf
453 1993 811 2124 bekommen.
2057 2030 2516 2164 V.A.V.W.H.Hg.M.
2516 2048 2644 2124 G.H.P.
565 2079 2753 2252 Wir überweisen Ihnen Ihr Guthaben von der Theaterabrechnung im Be-
468 2215 2841 2325 trage von 1 496 Goldmark in ötserr. Kronen auf die Boden Kredit-Anstalt.
1857 2297 1999 2364 500/
456 2300 2039 2486 Wir dürfen in Markwährung nur höchstens 450 Mark
2030 2312 2777 2477 pro Monat und zwar in
1902 2398 2039 2477 G.C.H.P
459 2437 2771 2574 drei Raten für ausländische Konten einzahlen. Jeder höhere Betrag wird
468 2522 2692 2656 vom Devisen-Kommissar abgelehnt; wir bekommen dagegen die Erlaubnis,
456 2622 2817 2759 Devisen in ausländischer Währung zu kaufen. Nun wird aber die ausdändi-
468 2717 2796 2866 sche Währung nur in ganz kleinen Raten repartiert, sodass es wochenlang
462 2829 2777 2957 dauern könnte, bis Sie einen verhältnismässig kleinen Devisenbetrag in
2477 2929 2735 3005 Güterbrift
450 2932 2838 3063 Händen haben. Gerade die Dank für auswärtigen Handelshat die Zahlung von
456 3027 2899 3160 Mark für ausländische Konten ohne Bewilligung des Devisen-Kommissars abge-
456 3139 2829 3270 lehnt und wenn das Deutsche Theater und die Rotterbühnen an die Bank für
453 3251 2835 3406 auswärtigen Handel zahlungen in deutscher Währung gemacht haben, so kann
474 3358 2811 3492 es wahrscheinlich nur so geschehen sein, dass sie in Raten von 450 Mark
