2938 4007
1178 260 1316 403 580
1670 549 2202 712 – diese firmen —
466 641 2746 832 allen österreichischen Firmen direkt. Sie haben auch früher immer direkt
486 752 2723 907 von uns bezogen, weil sie von uns billiger kaufen. Diese Vertretung hat
486 867 2688 1058 ja nur den Zweck, in eiligen Fällen, die Bücher gleich in Wien vorrätig
1484 964 2694 1070 daß wir mit größter Gewissenhaftigkeit
486 1010 1459 1124 zu finden. Seien Sie überzeugt,
492 1027 2763 1218 bemüht sind, der täglichen Schwierigkeiten Herr zu werden, und wenn heute
489 1150 2757 1350 nicht alles klappt, so hat doch jedermann im Publikum dafür Verständnis.
495 1264 2731 1441 Die Sotimenter können unmöglich alles auf Lager halten, das war auch in
495 1416 1396 1562 Friedenszeiten nicht anders
666 1481 2743 1610 Den Elan, den Sie vermissen, dürfen Sie nicht allein auf das Konto
512 1584 2777 1730 des Verlegers schieben. Der ganze Markt ist sprunghaft und unsicher. Der
512 1693 2763 1845 Verleger hat Mühe und Not, Bücher herzustellen, dieser Prozes wird techn-
515 1793 2743 1925 nisch und kapitalistisch immer schwiriger. Daher kommt es, daß im Buch-
518 1859 2817 2051 handel ein großer Teil wertvollster Bücher vergriffen sind. Gott sei Dank
521 2022 1765 2174 ist ja jetzt alles von Ihnen vorhanden.
709 2099 2686 2259 Ich wäre Ihnen sehr dankbar, wenn Sie mir die Namen derjenigen
535 2179 2734 2351 schreiben wollten, die sich bei Ihnen über das Nichtvorhandensein Ihrer
532 2297 2743 2485 Bücher beschwert haben. Ich vermute dahinter die organisierte Intrigue
543 2391 2809 2571 eines früheren Angestellten, der bei einer Konkurrensfirma angestellt ist
552 2485 2806 2691 Wenn ein Buch im Sortiment nicht vorrätig ist, so weiß jeder ernsthafte
992 2605 2757 2766 daß er sich direkt an den Verlag wenden kann. Es ist mir
546 2674 961 2806 Bücherkäufer
1027 2703 2603 2909 daß solche Bestellungen unerledigt geblieben sind.
549 2748 998 2900 nicht bekannt;
1670 2797 2797 2997 Mit besten Grüssen
2337 2906 2523 3020 th
2237 3009 2688 3203 fischer.
