3112 3912
2369 243 2646 441 lasse ge
1995 249 2270 453 Sülow
507 294 1831 555 S. Fischer / Verlag / Berlin W
1160 441 2173 566 amt Lützow Nr. 1662. 6162 und 9292 / Postscheckkonto: Berlin
1237 507 1947 657 HEATERABTEILUNG
1223 614 2015 795 erlin, den 20. Juni 1925
524 937 736 1090 Herrn
809 1053 1542 1240 Dr. Arthur Schnitzler
1701 1121 1907 1274 W 1 e
1718 1234 2106 1358 ̃ ̃ —  — —  = — —
543 1341 1435 1494 Sehr geehrter Herr Doktor,
1409 1384 2872 1576 gestern hatte ich hier den Besuch des Herrn
546 1525 2822 1715 Dr. Istl aus Madrid. Die Angelegenheit der Einakter ist unterdessen
555 1644 2827 1769 noch nicht weitergekommen. Der Interessent für "Lebendige Stunden
2454 1712 2822 1856 Denen Vertrag
560 1763 2465 1910 und "Grüner Kakadu" hat sich noch nicht entschlossen ein
2459 1811 2646 1885 G.C.H.P.
560 1879 2720 2015 perfekt zu machen. Dr. Istel macht den Vorschlag den spanischen
560 1944 2827 2094 Schriftsteller Louis Arquistan ausnahme weise, ohne Vorschusszahlung
558 2055 2827 2256 zu autorisieren den "Grünen Kakadu" zu übersetzen. Dr. Istl würde
569 2193 2822 2323 selbst die weitere Verwendung der Uebersetzung kontrollieren, wobei
566 2306 2805 2439 50 % für den Uebersetzer und 10% für Dr. Istl in Abzug kommen. Zu
569 2437 2595 2612 diesem Vorschlag bitte ich Sie um freundliche Stellungnahme.
1339 2544 2304 2686 Mit vorzüglicher Hochachtung
1636 2655 2151 2765 S. FISCHER, VerlaG
1639 2708 2122 2776 AKTRENGESELLSCHAFT
1630 2773 2168 2904 THEATERABTEILUNG
1743 2827 2162 2983 D Kirery
