3296 4151
2318 352 2543 528 — 807
1315 352 2199 554 pour le Raté
634 281 747 619 of
977 463 2469 716 S. Fischer / Verlag / A.=G. Berlin 757
1466 665 1992 776 Theaterabteilung
742 733 2722 844 Bankkonto: Deutsche Bank, Depositenkasse P in Berlin / Postscheckkonto; Berlin Nr. 16692
1188 807 2287 869 Fernsprechanschlüsse: Amt Lützow Nr. 6162 bis 6164
1139 847 2313 980 Telegramm - Adresse: Fischerverlag 6162, Berlinlützow
2503 884 2654 1011 B
1563 904 1906 1020 Bülowstraße 90
864 878 1083 1031 Ma/Ro.
2057 886 2483 1034 den 28. Mai 10
1080 1077 1276 1222 Herrn
1435 1077 2534 1262 Dr. Arthur Schnitzler,
2642 1139 2955 1236 W i e n.
2801 1216 2926 1313 ...
1185 1352 2134 1509 Sehr verehrter Herr Doktor!
1119 1452 3032 1656 Da Herr Fischer auf ein paar Tage verreist ist, werde ich
793 1580 3071 1762 Ihnen Ihr Schreiben vom 23.ds. in den meisten Punkten erst am Montag
801 1747 1443 1898 beantworten können.
1134 1841 3125 1932 Wegen der Radio-Angelegenheit hat uns Eirich seinerzeit mit-
2196 1906 2353 1960 mM
1966 1912 2131 1995 (2)
815 1918 3074 2068 geteilt, dass er nur von Fall zu Fall auf Ihren Wunsch mit dem Radio
818 2023 3020 2159 verhandelt und zwar mit Ihnen direkt, ohne uns Verständigungen zu-
821 2117 3066 2256 gehen zu lassen. Ich werde also in diesem Falle den Einzug des Hono-
818 2270 1392 2375 rars veranlassen.
1074 2341 1435 2443 A..'
1151 2341 2983 2475 Was das Stück von Herrn Donath betrifft, so habe ich es
1960 2412 2256 2472 mme
827 2415 3077 2574 wohl gelesen und den günstigen Eindruck davon erhalten, den ich nach
821 2526 3103 2688 Ihrer Empfehlung erwarten musste. Allerdings sind die Schwierigkeiten
2543 2591 3040 2671 mM rnHllM-
827 2648 2963 2773 der Aufführung bei der nicht ganz theatermässigen Behandlung des
838 2736 2995 2864 Thomas ziemlich grosse. Ich hatte seinerzeit das Stück auf seinen
832 2810 3052 2989 Wunsch, da ich ihm davon erzählt hatte, dem Regisseur Hartung über-
2580 2909 2725 2983 ouvrage dans le
841 2949 3003 3114 geben, der derlei Stoffe suchte. Hartung versprach, sich für eine
835 3015 3103 3196 Aufführung bei den Heidelberger-Festspielen einzusetzen. Da ich aber
832 3128 3037 3290 nun ein anderes Programm veröffentlicht gesehen habe, muss ich das
844 3248 1980 3404 Stück jetzt von ihm zurückfordern.
1125 3367 1296 3429 G.C.H.P.
1176 3347 3054 3489 Was "Gang zum Weihern betrifft, so glaube ich doch, dass
844 3466 3080 3617 wir Saltenburg dafür gewinnen sollten. Er ist seinem Prestige schon
847 3566 2083 3714 lange eine literarische Tat schuldig,
