3106 3991
878 350 2447 526 milixe.aol19C..
2458 477 2588 585 F.
2054 575 2637 702 C0i0.u 500 f. mn 4.
694 572 2019 710 um eine entsprechende kurze Mitteilung.
1767 642 2092 729 T.V. F. P.
1515 664 1661 726 G.H.F.P
1100 683 2751 780 Was die " Letzten Masken " für das Théatre Pitoéff
702 780 2778 921 in Genf anbetrifft, so lässt sich ein Urteil darüber, wie weit
989 878 1089 938 arvoia
702 916 2816 1043 Sie den Herren Vallentin und Remon auch jetzt noch verpflichtet
707 989 2813 1152 sind, ohne Einsicht in den Vertrag nicht fällen. Wir haben nach
702 1119 2873 1225 Genf geschrieben, indem wir auf die von Ihnen dargelegten Rechts-
699 1209 2778 1385 verhältnisse Bezug nahmen und empfehlen, für die in Genf beab-
694 1344 2813 1442 sichtigten Aufführungen evtl, die Uebersetzung der Herren Remon
694 1444 2816 1588 und Vallentin zu verwenden, wodurch allen Beteiligten die ganze
688 1602 2767 1715 Aufrollung einer so unklaren Rechtsfrage erspart werden würde.
1125 1699 2715 1824 Hinsichtlich " Professor Bernhardi" in England
1480 1743 2146 1840 mM. rn.
688 1797 2780 1902 haben wir noch nichts endgiltiges gehört, dagegen sind wir hin
694 1908 2780 2049 sichtlich "Liebelei" nach langwierigen Verhandlungen zu einem
572 1919 653 2060 P.S.
686 1965 794 2041 G.C.P.
691 2016 2661 2138 Abschluss gelangt. Das Stück soll nun demnächst am Birkere
2450 2019 2748 2117 Imingham
686 2138 2854 2266 Repertory Theatre aufgeführt werden. Die Aufführung war ursprüng-
770 2187 1290 2260 «.M~M~
688 2238 2843 2341 lich für Dezember beabsichtigt, doch erfuhren wir auf indirektem
507 2230 610 2369 G.H.P.
688 2344 2772 2453 Wege, dass eine Verschiebung notwendig geworden sei. Wir haben
523 2377 604 2472 e0
691 2458 2835 2569 uns deshalb nochmals nach England gewandt und hoffen, Ihnen dem-
507 2504 607 2566 O.0
686 2572 2065 2680 nächst weitere Nachricht geben zu können.
420 2545 520 2699 .5.
2098 2553 2599 2699 reu aeb gnot Iad.
1187 2667 2740 2813 Grosse Szene " ist von Reinhardt in Kopenhagen
585 2675 1182 2810 xxveg### teselb nov
1217 2743 1572 2813 «^^
688 2780 2867 2927 bereits mit grossem Erfolge gespielt worden, ohne das mit uns ein
642 2829 859 2911 dessus ds
686 2902 2791 3038 Vertrag abgeschlossen worden wäre. Wir haben daraufhin im Sinne
680 3005 2062 3144 Ihrer telegraphischen Anweisung Vertrag mit
2051 3016 2805 3154 mit 6 % an das Deutsche
547 3030 645 3141 G.P.
686 3095 2724 3249 Theater gesandt, dieses will aber nur 4 % bezahlen. Die Sache
829 3173 919 3230 A.F.P
1699 3182 1808 3249 G.C.F.S.
680 3228 2726 3352 schwebt noch. Jedenfalls werden wir Ihre Interessen mit aller
680 3282 813 3339 G.H.F.P
1875 3295 1973 3360 du 19
672 3328 2827 3442 Energie zu wahren suchen. Ihren Wunsch, " Grosse Szene " im Zu -
593 3398 1228 3526 suis? chon aaT, majoir, un rien nésulté
1734 3423 2721 3526 auch nicht istenden wiederholt zusammenwärtig und
593 3450 2707 3618 wennch wenn schwendlichen Freunden schmerzlich warf. er auch noch nachdem gab, und sich namden er wird meinten möglichst abzubischten.
