3079 4056
1232 916 1384 1082 714
465 1005 2406 1189 S·FISCHER/VERLAG^THEATERABTEILUNG·BERLIN
1774 1166 2403 1309 W 57. BÜLowSTR90
388 1217 1895 1447 Herrn Dr. Arthur Schnitzler, Wien
1812 1438 2587 1605 Den 11. Dez. 19 24
393 1565 1329 1746 Sehr verehrter Herr Doktor,
1338 1717 2705 1881 soweit wir feststellen können, ist durch
393 1766 2507 1975 uns ein Abschluss wegen der Bühnenvertriebsrechte von "Grüner
385 1901 2630 2079 Kakadu" in spanischer Sprache nicht erfolgt. Falls Sie also nicht
388 2010 2650 2153 selbst in der Folge darüber verfügt haben, wäre das Werk noch frei.
396 2136 2621 2297 - Wegen der Exemplare " Komödie der Verführung" ist Ihnen bereits
1671 2219 1818 2294 Monsieur Mlle
1260 2219 1579 2286 de la rivre de lʼadresse et leur des avec leurs
385 2240 2555 2372 geschrieben worden. - Abrechnung über die letzten Tantiemenein -
370 2320 1536 2492 gänge geht Ihnen heute zu. How E
1536 2377 2613 2507 aggio sind mit uns wegen des Ab-
376 2446 2673 2593 schlusses einer Generalvertretung in Verbindung getreten, doch haben
376 2553 2690 2710 sie auf das von uns gemachte Sonderangebot wegen Ihrer beiden Stücke
365 2682 2644 2831 nicht speziell geantwortet. Wir warten zunächst den Ausfall der von
362 2768 2558 2955 uns eingeholten Referenzen über diese Firma ab, ehe wir uns ent -
368 2854 2168 3032 schliessen, einen geschäftlichen Abschluss zu machen.
1395 2986 2693 3187 Mit vorzüglicher Hochachtung ergebenst
1619 3092 2145 3153 S. FISCHER. VERLAG
1660 3144 2107 3210 AKTIENGESELISCHAFT
1611 3187 2153 3276 THEATERABTEILUNG
1708 3253 2142 3394 Dkllearil
