3128 3847
511 183 2603 394 FISCHER, VERLAG, BERLIN, en Dr. Arthur Schnitzler v.. 7.8. Blatt 2
769 336 1043 475 Theaterabteilung
583 444 2631 624 reklamierten Betrag für „Anatol“ 1t. früherer Abrechnung in Höhe
594 569 2792 730 von Nr. 25.95 der immer noch nicht bei uns angelangt ist, der Sendung
597 685 2672 855 beizuschliessen. Wir werden Ihrem Wunsche gern entsprechen auch in
591 771 2825 968 Zukunft die Tantiemen (samt Spezialabrechnung) vom Prager Landestheater
608 924 1654 1057 direkt an Sie gelangen zu lassen.
1196 963 2686 1121 Wir warten nunmehr ab, wie das Theater sich auf
619 1104 2608 1288 unsere prinzipielle Mahnung hin verhält. Sollten noch weiterhin
616 1193 2753 1346 Schwierigkeiten entspehen, so werden wir die ganze Angelegenheit der
1215 1299 2703 1429 tschen Bühnenverleger, die hierfür die gegebene
624 1346 1227 1490 Vereinigung der deux
1213 1410 1557 1490 Mais elle lʼhonneur avec une selle
991 1418 1096 1476 arvoan
1585 1412 1698 1471 3n
624 1451 1462 1576 Instanz ist, unterbreiten.
1851 1493 2775 1607 Theater veranstalteten Abend
1221 1512 1865 1654 Wenn die vom Kleinen
1854 1587 1973 1648 № ye
638 1596 2767 1770 vorstellungen von „Liebelei " unreklamiert geblieben sind, so liegt
1443 1709 1654 1770 de la rivierement les ai-
635 1704 2769 1851 dies daran, dass das Theater wie wir Ihnen mitteilten das Stück zwar
963 1818 2661 1948 chmittage erworben hat, der Wortlaut des Vertrages ihm
635 1856 974 1987 führein
963 1929 1149 1984 o.w.
1718 1884 2700 2029 —ttungen nicht ausdrücklich
635 1995 2783 2095 abspricht. Das Theater könnte also einen Rechtsstreit vorausgesetzt,
644 2070 1745 2178 einen immerhin nicht ganz zweifelha.
1737 2084 2681 2228 chaften Anspruch auf das Recht zu
1596 2156 1748 2228 G.C.F.P.
1318 2164 1507 2223 G.C.R.S.
638 2189 2739 2312 Abendvorstellungen erheben. Aus diesem Grunde haben wir es auch bei
644 2273 2739 2442 den 7% Tantiemen belassen. Natürlich können wir den Vertrag jeder-
635 2389 2717 2522 zeit kündigen und dem Kleinen Theater erklären, dass es
635 2489 2722 2647 wenn es das Stück weiter behalten will künftighin 10% zu bezahlen
635 2600 2769 2756 hat. Wenn sie dieses vorgehen wünschen, so ersuchen wir um umgehende
633 2683 999 2864 Mitteilung
1257 2744 2717 2966 Wir hoffen, dass nunmehr Klarheit geschaffen
635 2867 1285 3066 ist und zeichnen mit
1640 2944 2400 3139 vorzüglicher Hochachtung
1768 3089 2350 3161 S. FISCHER,VERLAG
1768 3152 2350 3277 THEATERABTEILUNG
