4330 4055
580 861 764 1034 Bamam
494 1322 1979 1562 so guten Eindruck am dem
448 1467 1904 1680 fungen kleine hätten, so
444 1577 2053 1777 kann nun in das beste hoffen
459 1733 1247 1898 und mühmen.
756 1770 2053 2010 Emmodhin bedeutet es für
430 1920 2067 2139 uns Eltern doch immer ein Opfer
422 2016 2067 2234 eine so junge Tühter und beim
457 2113 2067 2354 hause zu geben, und noch dazu
411 2216 2080 2440 so weit fort. Hoffentlich weiden Sie
411 2317 2113 2576 das nicht zu schwer empfinden
424 2447 2124 2655 von dem Ante-Anglück, dem die
422 2609 2192 2802 junge, schöne Frau Liehtenstern zum
459 2695 2163 2925 Opfor gefallen, müßten wie nichts.
466 2800 2093 3007 Es tut uns Euchtbar leid über¬
518 2895 2119 3134 ich gestehe, daß ich schon in Cle¬
2361 1124 3417 1340 reine etwas entsetzt.
2392 1283 3848 1461 schnell die Familie Liehtenst
2361 1436 2892 1616 stets Eiche.
2625 1526 4024 1728 Mir sind auch sehr benuzt durch
2475 1658 4133 1838 den schnellen Tod von Alias, dessen
2442 1781 4153 1952 Vitelität, Jugendlichkeit und Tem¬
2440 1887 4043 2064 genommt noch auf ein Auges
2414 1977 4131 2172 Neben und Wirken schließen lie¬
2418 2097 4133 2278 ßen. Seine Gestalt und lebendige
2436 2194 4151 2390 Rechnlichkeit in ihrer Unrufheit
2451 2308 4162 2493 ist uns doch sehr mich geruchsen. Mir
2493 2401 4179 2572 können über dienstig hohe befrauus
2519 2528 4136 2715 det und besonders Eucher haben
2508 2616 4127 2811 mir oft Ein dieselben Dinge und
2532 2717 4105 2914 Menschen, Seite an Seite, getümpft
2576 2827 4234 3075 Er staob durch eine Mittelohn-Schrei¬
2794 3413 2917 3549 P.S.
