3296 4151
928 373 1144 586 1.
895 599 2775 736 etwa einer halben Million Mark im Laufe der Jahre erwachsen
900 728 2881 865 ist, den Autoren natürlich ein diesem Verhältnis entsprechender
903 855 2678 974 geringerer,aber immerhin ungemein beträchtlicher. Da die
905 926 2937 1063 genannten Bühnen zahlreiche Stück von Shaw, vor allem "Die heilige
905 1040 2889 1169 Johanna" gespielt haben, so sind wir wohl zu der Annahme berech-
903 1126 2742 1276 tigt, dass ein Teil dieser geleisteten Zwangsabgaben an die
2491 1220 2671 1286 G.H.F.P.
898 1271 2780 1390 Organisation sicherlich auf uns entfällt, ich schätze es auf
905 1339 2914 1489 ungefähr 106 und möchte Sie daher bitten in unser aller Interes-
908 1481 2886 1608 se sich an die Organisation zu wenden und die Beträge ausfindig
911 1545 2770 1697 zu machen, die uns aus den genannten Zahlungen gebühren, was
911 1674 2891 1801 der Organisation,wie der erwähnte Redner betonte, natürlich eine
908 1768 2917 1900 Riesenarbeit machen wird. Was sagen Sie zu diesen Schweinereien?
1027 1890 2813 1996 Bitte schicken Sie mir gelegentlich ein Buch von
903 1996 2856 2125 "Mesalliance". Ich habe von Direktor Klein gehört, dass das Büh-
908 2065 2747 2232 nenmanuscript, das er besitzt, keine Einteilung in drei Akte
913 2191 2952 2311 vorsieht, was natürlich geändert werden müsste, vor allem im Titel.
916 2272 2780 2445 Vielleicht ist das sogar der Grund, warum die Bühnen dieses
898 2389 2153 2546 sehr amisante Stück so vernachlässigen.
1365 2473 2278 2605 Mit den herzlichsten Grüssen
1595 2595 2184 2767 Ihr sehr ergebener
812 2615 900 2744 as
1040 2706 1529 2848 erende même mais
1035 2805 1451 2940 G.C.H.F.P.D.
1461 2871 2029 3016 of D, Jan Tagelden.
1286 2980 2313 3125 vnd xxx. die xxx " xxx
1159 3084 2688 3239 xxx seliger (!) ausleidat. xxx
878 3158 2785 3328 nev gnul xxxasdedek esse neuun. Vloine xxxs eik.uffelxxx
855 3254 2795 3487 agt olb zil mezialxx nach nach xxxnxxx bem Hxxgeb
850 3401 2673 3607 Nov mebrion nie remenl nehosised meh dorstow. Fissler xxx
