2918 3976
1950 326 2108 471 Blatt
95 351 1724 515 FISCHER,VERLAG, BERLIN, Schnitzler v. 18. 3.
356 473 649 599 Theaterabteilung
262 540 2161 699 d 13.ennös menegale Jnoin eiJnamts0 renie xxxIaasedemstov
162 649 2197 810 bereits soviel Tantiemen erspielt hätte, dass die Marantie
1011 752 1209 813 G.H.F.P.P
691 771 877 824 G.C.H.P.
139 769 2234 919 0hnedies hinfällig wäre. Da überdies durch das Polizeiverbot
217 849 2370 1042 die ganze Angelegenheit, zunächst wenigstens, rein theoretischen
214 986 2211 1117 Charakter hat, so scheint es uns bei xxx affektloser Be-
1159 1083 1303 1147 habe
100 1081 2339 1259 trachtung keinesrechten Säm/die Gültigkeit xxxes früheren Ver-
231 1200 2339 1367 trages nicht zu bestreiten. Herr Fischer ist gleichfalls dieser
231 1306 1785 1445 Ansicht xxx
189 1328 2264 1565 Was nun den "Reigen" tschechisch anbetrifft, so
1607 1487 2080 1568 (vraiM~tO/OttOiH
231 1546 2203 1677 ist die Situation auch heute noch nicht geklärt. Weder der
178 1621 2364 1802 von unserem Vertreter angeblich abgeschlossene ertrag noch die
259 1746 2370 1938 Garantiesumme sind bisher bei uns eingetroffen. Wir haben damer
256 1838 2376 1997 schon vor einigen Tagen Herrn Demetz geschrieben, dass wir uns,
259 1936 2337 2139 falls nicht bis zu einem bestimmten Tage Vertrag und Garantie-
270 2061 2225 2228 summe in unserem Besitz seien, als frei betrachten werden.
643 2161 2403 2328 Herrn Sladek haben wir vor einiger Zeit einen Rahmen-
1969 2247 2161 2314 G.C.H.F.P
769 2270 1674 2359 lʼun ai- ja lʼannée ai fêté et le même mais
292 2312 2275 2470 vertrag übersendet, sind aber bisher von ihm noch nicht von
287 2370 2356 2593 dessen grundsätzlicher Annahme verständigt worden. Mit den Ge-
295 2493 2412 2665 sichtspunkten die Sladek, die künftigen Aufführungen des "Reigen
295 2596 2378 2771 betreffend, Ihnen gegenüber geäussert hat, stimmen wir durchaus
301 2696 2415 2891 überein. Nur erlauben wir uns darauf aufmerksam zu machen, dass
304 2830 2448 2983 bei Sladek die Tendenz besteht uns seine Tournee noch um einiges
312 2916 2342 3108 Wanschenswerter erscheinen zu lassen als sie tatsächlich ist,
312 3030 2337 3194 und dies nicht gerade aus sehr objektiven und künstlerischen
323 3158 2473 3320 Gründen. Wir beabsichtigen, falle die Sache weiter Form annehmen
326 3233 2312 3420 sollte, für jede grosse Stadt Mk. 5000.— und für kleinere
340 3359 2409 3517 durchschnittlich Mk. 3000.– Garantie von ihm zu verlangen und
345 3484 1420 3626 bitten um Ihre Meinung hierüber.
1816 3495 2451 3687 aus, dass er auf die
1423 3584 1596 3754 schl.
769 3584 1306 3760 Herr Dr. Cesare
