2903 3991
2110 297 2576 478 Blatt III
1407 312 2089 451 Herrn Dr. Schnitzler
392 297 1267 463 S. FISCHER,VERLAG, BERLIN,
691 421 967 561 Theaterabteilung
439 745 2647 881 des Reigen werden andauernd verfolgt. Selbstverständlich berechnen
742 869 822 932 a ees
436 852 2644 1053 wir die Provision Ihrer ausländischen Gelder jeweils nach dem Kurs
430 976 1169 1148 des Einzahlungstages.
1309 1053 2597 1249 Samst macht uns nach wie vor das Leben
445 1184 2715 1324 schwer. Jener Herr Tuerschmann, der Sie gelegentlich um Ihre Ansicht
439 1318 2680 1427 wegen eine Art von Vorlesetournee des Reigen fragte, die Sie mitür-
445 1407 2597 1540 lich nicht haben wollten, ist derjenige, der die Aufführungen in
448 1516 2647 1659 Chemnitz eigentlich veranstaltet hat. Er verfügt in der Hauptsache
451 1605 2588 1757 über das Personal des Kleinen Theaters in Leipzig und hierin er-
448 1727 2837 1846 blickten wir eine gewisse Garantie wenigstens für passable Aufführungen.
442 1807 2697 1947 Es scheint nun aber, als ob Herr Tuerschmann sich von Samst trennen
451 1926 2656 2071 wolle und wie soll man es da verantworten Herrn Samst in verschie-
967 2024 2600 2160 it dem "Reigen" gastieren zu lassen? Samst selbst
451 2048 976 2217 denen Städten m
967 2134 1335 2184 Ce nouvelle de mouveau.
1507 2140 1602 2208 G.C.H.P.
457 2148 2730 2273 hat ja nur ein kleines Schmierenpersonal, das, wie wir hören, in der
445 2240 2763 2389 Hauptsache aus den Mitgliedern seiner Familie besteht, und wir halten
460 2377 2781 2493 es für unmöglich, ihm unter solbhen Umständen ein Stück anzuvertrauen,
457 2454 2727 2617 da ja auch unter günstigeren Verhältnissen voll von Gefahren steckt.
460 2573 2724 2683 Wir haben Herrn Samst daher geschrieben, er möge zusehen wie er sich
457 2680 2712 2819 mit Tuerschmann auseinandersetet. Weiter glauben wir aber nicht gut
466 2784 2766 2926 gehen zu können, zumal uns der direkte Verkehr mit Samst aus bestimm-
466 2911 2113 3074 ten neu eingetretenen Gründen sehr erschwert ist.
1451 3065 2416 3229 Mit vorzüglicher Hochachtung
