3015 3720
2512 352 2703 516 funden
1521 481 1897 613 Witler in
1114 504 1211 589 in the
1480 510 2717 718 ir im Interesse der Sicherheit darauf
715 536 1249 727 Ostverständlich in
501 695 2808 809 bedacht sein, bei Abschlüssen a Kontozahlungen der Tantiemen zu bekom-
484 791 2711 944 men. Darüber hat Ihnen ja Herr Greiner schon geschrieben. Wir dürfen
498 917 2747 1020 die Bedingungen aber doch nicht so erschweren, dass Ihre Stücke lahn
457 1011 2817 1149 gelegt werden. Ich bin der Meinung, man muss jederzeit mit den gegebe-
466 1111 2750 1240 hen Verhältnissen rechnen; natürlich mit möglichster Wahrnehmung der
487 1216 2814 1343 eigenen Interessen. Was würden Sie sagen, wenn wir von den Sortimentern
495 1293 2811 1442 Vorauszahlungen verlangen würden, weil sie sehr unsicher geworden sind
498 1436 2817 1539 und schlecht zahlen. Ein gewisses Risiko ist bei jedem Geschäft und bei
490 1539 2708 1644 jedem Abschluss vorhanden und wir sind dazu noch darauf angewiesen,
478 1598 2829 1768 vielen Sortimentern Kredite zu geben und können es nur in solchen Fül¬
484 1712 2670 1879 len verweigern, wo die Sortimenter tatsächlich nicht benahlthaben.
516 1847 2688 1979 Wir reisen in den ersten Augusttagen auf Wunsch des Arztes doch
492 1923 2676 2067 in die Schweiz und zwar nach Flims (Hotel Waldhaus) in Graubünden.
2025 2014 2119 2075 8.
498 2034 2832 2184 Sollten Sie auf Ihrer schweizer Reise in unsere Nähe kommen, so würden
492 2160 1841 2316 wir uns sehr freuen, Sie zu sehen.
1316 2239 2064 2415 Mit herzlichen Grüssen
1451 2389 1976 2565 S. FISCHER, VerLAG
1483 2536 1935 2612 AKTIEGESELISCHAFT
1718 2582 1853 2714 li
