2909 3975
1249 375 1434 496 irr
355 433 2484 675 S. Fischer/Verlag/Berlin W 57/Bülowstraße 9o
548 620 2270 753 Bankkonto: Deutsche Bank. Depositenkasse P in Berlin / Postscheckkonto; Berlin Nr. 16692
840 669 1994 814 Fernoprechanschlüsse: Amt Lützow Nr. 1662, 6162 und 9292
314 828 496 943 F/St.
2164 790 2622 966 4. Juni 1921
889 992 1789 1197 Herrn Dr. Arthur Schnitzler
2014 1105 2230 1295 Wien
589 1235 1065 1350 Lieber Freund,
563 1347 2550 1503 ich komme heute noch einmal auf die Frage der Buchausgabe vom
476 1497 2545 1595 „ Reigen „ zurück. Ich würde in jedem anderen Fall aus Royalität
534 1578 840 1642 G.C.F.P.
470 1616 2579 1734 gegen einen Kollegen die lnitative für diese Angelegenheit nicht
476 1696 2666 1794 ergreifen, im Falle Harz kann ich es aber mit gutem Gewissen verant-
470 1800 2651 1910 worten, und vielleicht gilt dasselbe auch für Sie; Harz könnte sich
462 1916 2755 2019 nicht beklagen, dass seine Dienste für diese Sache nicht entlohnt sind.
589 1999 2648 2118 Sie fragen mich wegen des Papiers für den Neudruck vergriffener
459 2118 2697 2213 Bücher. Papierschwierigkeiten gibt es heute überhaupt nicht mehr. Wir
470 2227 2620 2343 haben dafür eine viel grössere Schwierigkeit eingetauscht, nämlich
470 2302 2660 2421 die der ungeheuren Steigerung der Herstellungskosten, die einen Neu-
467 2412 2611 2556 druck von vornherein bei kleineren Auflagen fast unmöglich machen.
462 2501 2672 2631 Das gilt besonders für dramatische Werke, von denen wie ja höchstens
464 2602 2729 2744 2 - 3000 Exemplare auf einmal drucken können. Von Ihren Büchern fehlen
470 2718 2709 2859 augenblicklich: Freitild / Frau des Keisen / Marianetten und Komödie
1965 2796 2640 2862 ran des weisen
470 2836 2793 2937 der Worte. Von diesen Büchern möchte ich „
467 2917 2764 3058 während ich um die Erlaubnis bitten möchte, die andern drei Bücher, die
476 3021 2755 3127 erfahrungsgemäss am schwächsten verkauft wurden, noch ein wenig zurück-
473 3113 2709 3234 stellen zu dürfen, bis sich übersehen lässt, ob Aussicht auf eine Re-
467 3208 2617 3347 duktion der Herstellungskosten besteht. Zu den Schwierigkeiten der
473 3312 2770 3436 produktion stellt sich ja auch noch die Schwierigkeit des Absatzes; wür-
462 3396 2576 3551 de beides in ein gewisses Gleichgewicht kommen, dann wären ja die
470 3517 2790 3719 hohen Herstellungskosten an sich kein Hindernis selbst schwächer gehende
162 3514 297 3687 0000. 1. 21.
