3081 3864
1095 552 2163 693 ISCHER/VERLAG
806 653 2330 763 Lünkkonto: Deutsche Bank, Depositenkasse P Berlin / Postscheckkonto: Berlin 1669.
1009 742 2053 839 BERLIN W 57 / BULowSTRASSE 90
1205 799 1879 905 Ferneuf: Lützow 1662, 6162 und 929###
1928 806 2408 945 den 17. Mai 24
930 979 1753 1110 Herrn Dr. Arthur Schnitzler
1850 981 2351 1101 VIEN XVIII
1846 1083 2059 1140 renghstämmt
1787 1118 2433 1218 Sternwartestrasse71
1180 1182 2034 1324 Sehr geehrter Herr Doktor!
1157 1323 2357 1459 Auf Ihre freundlichen Zeilen von 14.
994 1410 2324 1501 gestatten wir uns zu erwidern, dass der
1013 1472 1471 1552 Akt. des neues
1577 1452 2419 1546 münkes Ende vorigen Monats
996 1524 2410 1603 nach Erledigung der nötigen Vorarbeiten der
990 1575 2324 1653 Druckerei zum Satz übergeben worden ist.
994 1624 2355 1710 Die ersten Korrekturen sind am Montag der
996 1681 2425 1759 eben ablaufenden Woche hier eingegangen und
987 1744 2427 1808 sofort weitergegeben worden. Die erste Sendung
990 1786 2368 1875 dung enthielt nur 2 Expl. ausser dem Manu -
996 1842 2309 1926 skript, die übrigen 10 Expl. sind dann am
983 1877 2425 1958 Mittwoch nachgesandt worden, da wir von der
987 1932 2379 2011 Druckerei der Eile der Arbeit wegen Voraus-
985 1992 2357 2082 sendung der ersten fertigen Abzüge geforden
1252 2047 2417 2114 - Der zwischen der Weggabe des Manu¬
981 2036 1226 2110 hatten.
983 2097 2416 2194 skriptes und dem Eingang der Korrekturen lie
981 2144 2351 2224 gende Zeitraum ist in Anbetracht der techn-
973 2205 2304 2286 nischen Notwendigkeiten unserer Ansicht
2332 2211 2425 2275 ac!
975 2247 2288 2317 kein allzu grosser, unso schneller geht
977 2298 2324 2378 dann auch die Lieferung der Fortsetzungen
975 2349 2277 2429 der Korrekturen, wie Sie aus den letzten
970 2398 2061 2503 Korrektursendungen gesehen haben.
1140 2457 2127 2573 Wir begrüssen Sie, sehr geehrt
1357 2554 1744 2647 Herr Doktor
1778 2556 2319 2649 mit vorzüglicher
1749 2586 2165 2706 Hochachtung.
1129 2685 2097 2806 ppa. S. FISCHER/VERLAG A.-G.
1233 2765 1518 2913 Mblar
1808 2786 2241 2937 nimann
863 2856 1140 2987 any order.
734 2953 1095 3076 re Shrecker
