2933 3850
1054 186 1202 337 515
195 254 2397 540 S. Fischer/Verlag/Berlin M 57/Bülowstraße 90.
159 260 340 449 7x
1831 508 2412 670 Postscheckkonto Nr. 16892
980 528 1677 685 Theaterabteilung
221 585 862 715 Amt Lützow 1662, 6162, 9292
1411 623 2084 833 Am 1. September 1921.
484 1013 688 1151 Herrn
750 1039 1828 1275 Dr. Arthur Schnitzler
1854 1160 2392 1296 W i e n. XVIII
337 1453 1252 1659 Sehr geehrter Herr Doktor,
1219 1470 2572 1645 wir haben aus Ihrem Schreiben vom 19. 8.
366 1624 2631 1819 die Details über Ihre Abmachungen mit Karczag zur Kenntnis genommen,
369 1715 2477 1934 erlauben uns aber darauf aufmerksam zu machen, dass,wie wir
372 1828 2634 2058 Ihnen jüngst mitteilten, wir Raggio auch einen Vertrag über "Reigen"
393 1898 2595 2138 zugesandt haben. Sollte dieser Abschluss zustande kommen, so werden
399 2025 2687 2241 sich hoffentlich keine Unzuträglichkeiten mit Karozag ergeben, der, wie
396 2135 2769 2371 Sie schreiben, für einige Zeit die italienischen Rechte auch für "Reigen"
402 2256 2675 2454 besitzt. Wir glauben Ihrem Briefe entnehmen zu sollen, dass wir also
407 2359 2489 2563 Eirich die Subvertretung für die deutschen Aufführungen in den
419 2456 2781 2672 Sucessionsstaaten, soweit wir diese Geschäfte nicht direkt von hieraus
422 2569 2725 2784 betreiben, für Ihre Werke übertragen können. Der Betrieb wird dadurch
431 2681 2637 2893 sehr vereinfacht und durch seine Vereinheitlichung unserer Ansicht
428 2837 1394 3000 nach auch wirksamer gemacht.
1320 2840 2831 3088 Wegen "Reisen" in Holland geht Innen gleichse
455 3012 2436 3224 zeitig ein Schreiben von Seiten unserer Auslandabteilung zu.
1482 3115 2424 3330 Mit vorzüglicher Hochachtung
1884 3221 2451 3339 8. FISCHER. VEDI ac¬
1890 3280 2427 3422 THEATERABTEII O.
2324 3342 2575 3573 Gem.
