3112 4039
1347 371 1603 536 be
889 443 2377 630 S. Fischer/Verlag / A.-G. Berlin W 57.
642 672 2615 756 Bankkonto: Deutsche Bank, Depositenkasse P in Berlin / Postscheckkonto; Berlin Nr. 1669a
1057 741 2199 834 Fernsprechanschlüsse: Amt Lützow Nr. 6162 bis 6164
2256 741 2600 868 Bertia Nr. 166
1437 792 1817 868 Bülowstraße 90
503 813 2428 958 ORISI###
630 937 901 1063 amte ist
1009 940 1808 1075 auffsanogmoll enten mottels.
1811 925 2684 1100 Berlin, den 24. 10. 1927
880 946 1051 1072 ./Re.
380 1054 2419 1151 anefaebam Taxes xxxaw 'tat taugav/ una deiforiw Rös nov emeldnæ!
910 1118 1054 1238 G.C.H.F.P
1084 1124 2482 1298 Herrn Dr. Arthur Schnitzler,
470 1259 2482 1422 tgnän oe, filiztod abnadniH. aet ennagd ett nun asWwien XVIII
407 1338 1916 1485 Jaf Jegen rob ni.ds falvetsk nov bau xxx
2280 1383 2407 1443 a ee
1928 1383 2485 1500 Sternwartestr. 71
437 1467 2416 1570 neb röt Od.3 md bn.-nemleidIaH neb töl Oö.i.m& ennag2 exeam
386 1576 2425 1690 lassmacht Lädtter xxx Lieber Freund!
401 1648 2817 1792 Ich würde es doch für richtig halten, dass Sie Zschmag
371 1750 1792 1886 von Ihrer Absicht verständigen
1771 1765 2750 1907 "Fräulein Elea" in einen Band
464 1868 2886 1982 dass megen der "Gesammelten Werke" aufzunehmen. Fügen Sie hinzu, dass dieser
563 1970 2735 2106 Band, wie alle künftigen Bände der "Gesammelten Werke", auch
536 2061 2823 2229 einzeln verkauft werden wird. Ich bin nämlich der Meinung, dass
681 2187 2627 2320 Zsolnay glauben kann, dieser Band würde nur im Rahmen der
783 2256 2904 2395 "desammelten Werke" im Zusammenhang mit den andern Bänden verkauft
678 2353 771 2458 and
828 2377 2925 2534 werden. Es ist also wichtig, dass darüber Klarheit geschaffen wird.
687 2482 2844 2618 Bisher haben wir die "Gesammelten Nerke" einzeln nicht
660 2600 789 2675 de V. A.
816 2597 2844 2708 abgegeben. Es scheint mir aber unbedingt wichtig, das in Zukunft
810 2708 2814 2829 zu tun, denn der Absatz der Gesamtausgaben ist so schwach, dass
819 2811 2889 2925 wir zu dem Modus übergehen müssen, die Bände einzeln zu verkaufen,
813 2904 2844 3043 wie das auch bei den Gesammelten Werken von Mann, Wassermann und
798 3016 2856 3142 Hesse schon seit längerer Zeit geschieht. Das kann sich natürlich
801 3103 2130 3226 nur auf die "Erzählenden Werke" beziehen.
850 3205 1121 3290 G. P.
1142 3211 2859 3347 Was nun den Roman anbelangt, so würde ich bitten, dass
2482 3341 2573 3407 G.F.P.
2657 3335 2808 3401 G.C.H.F.M.
801 3326 2826 3452 wir bei meinem Vorschlage bleiben, zuerst 20 Auflagen zu drucken
1139 3416 1527 3501 eingegangen
1952 3434 2130 3501 G.F.P.
801 3422 2985 3606 und im Falle des vorherigen Erscheinens in der "Berliner Illustrirten
1220 3531 1416 3600 et des
1985 3546 2181 3618 chtigen
813 3531 2705 3748 15 Auflagen. Es ist mit der Vorauszahlung einer garantierten
