3091 4105
1032 163 1267 298 000
1718 416 2348 637 G.C.F.T.K.
892 470 1609 648 G.C.D.H.F.K.
637 611 2632 757 TmJ0! iM ailsd :oiaoA.v.iS.b«i*e3 r.9 m.n«n.AusA.Aasii s/laull.otnoiiwii
1084 674 2217 771 förd eid toiß.wostn.Jmk xxxldosxxxxxxv.s¬
909 662 2956 860 Sie haben mir noch nicht geantwortet, ob Sie damit einverstanden
734 803 2959 961 sind, dass wir "Spiel im Morgengrauen" doch noch in den Ergänzungsband
1362 923 1451 998 autre
731 923 3014 1078 aufnehmen. Wir machen diesen Band dadurch immerhin leichter verkäuflich,
734 1032 2991 1219 ohne der Einzelausgabe von "Spiel im Morgengrauen" damit zu schaden. X
929 1113 2879 1282 Wegen Harz bin ich am Ende meiner Weisheit angelangt. Ich bin
1913 1230 1996 1279 Darmes
734 1230 2951 1425 nicht Ihrer Meinung, dass Harz das Lager dieses Buches verpfändet hat,
737 1351 2888 1474 Wenn ein Buch jahrelang fest liegt und der Absatz ein minimaler ist,
743 1434 2847 1606 so hat das Pfandrecht auf ein solches Buch keinen realen Boden.
743 1574 2945 1726 Die neue Ausgabe vom "Reigen" mit erheblichen Kosten für Ablösung der
751 1689 2853 1821 alten vorhandenen Exemplare zu belasten, wäre kaum tragbar, da die
748 1792 2979 1956 neue Ausgabe billig sein muss, um neue Käufer anzuziehen. Hat Harz das
751 1904 2919 2019 Urheberrecht nur bis zur 100. Auflage, dann können wir ohne weiteres
763 1979 2888 2125 eine Neuauflage veranstalten, aber wir haben dann eben mit der Kon-
754 2116 2890 2242 kurrenz von Harz zu rechnen, er kann die Bücher zu einem Spottpreis
2816 2171 2899 2225 G.C.H.P
350 2142 680 2288 Hwelt
760 2217 2905 2343 in den Handel bringen, und wir sitzen dann mit unserer Ausgabe fest,
373 2260 680 2383 daß er er, und
978 2323 2893 2443 Ich frage mich aber, was will Harz mit den Exemplaren bis in
2555 2380 2741 2440 ouvriemt
387 2357 657 2460 geschrieben
766 2423 2913 2561 alle Ewigkeit machen. Ich stelle mir immer wieder vor, dass Harz die
370 2429 642 2518 stige von ihre
373 2492 717 2601 erthlss sein:
757 2509 2845 2687 Exemplare nicht in die Oeffentlichkeit bringen will, weil ihm die
771 2604 2931 2790 Verbreitung verboten ist. Auf eine andere Art kann ich mir die Sache
766 2770 1262 2925 nicht erklären.
978 2813 2942 2962 Herr Albrecht Nitsche aus Braunschweig ist uns nicht bekannt.
763 2931 3074 3094 Lassen Sie sich doch darüber informieren, in welchem Verlag die geplante
771 3071 1961 3206 literaturgeschichte erscheinen soll,
989 3143 2888 3312 Professor Eduard Engel kann von jeder Staatsbibliothek Ihre
774 3298 1864 3421 Bücher zur Einsichtnahme bekommen.
1402 3418 1520 3533 G.H.P.
1956 3369 2704 3521 Mit herzlichen Grüssen
2027 3407 3054 3613 Uhr f friebe
711 3567 2779 3713 X Meine Mitarbeiter sind dagegen und
883 3696 2222 3828 fie sollen entscheiden
