2926 3912
488 479 2615 694 Schnitzler einverstanden, wenn keineswegs Reigen eröffnet 10% tige
414 648 2762 804 Tantiene 2000 Gulden Garantie vor Beginn bei Holland Bank auf Schnitzlers
405 761 2740 927 Namen einzahlbar. Fischer Verlag.“ Es ergiebt sich also ein ganz wesent-
408 881 2756 1031 licher Unterschied zwischen den Bedingungen Dr. Schnitzlers, der nur eine
918 954 1491 1022 .redoa!.8 ja!'se
411 985 2700 1135 Kaudion ohne Zahlenangabe fordert und Jhre Bedingung, die von einer Ca-
399 1099 2608 1237 rantie von 2000 Gulden sprechen. Jch kann mich (juristisch und auch
411 1163 921 1218 « ̃  —.
396 1203 2707 1323 moralisch selbstverständlich nur an das Telegramm Schnitzlers halten, da
393 1301 2728 1473 ich auf Grund dieser Bedingungen mit Holland abgeschlossen habe und Herr
160 1399 2630 1571 ###an Wagsdyk unter denselben Voraussetzungen seine Zusage gegeben hat.
460 1488 2599 1614 h stelle fest, dass die geforderte Kaution auf einer erstklassigen
135 1504 365 1654 oie as
390 1599 641 1688 holländ.
626 1608 2624 1746 lischen Bank von Herrn von Waasdyk - nicht nur in Höhe von 2000
356 1633 638 1740 ensilen.
172 1608 362 1765 Tiedé
402 1685 770 1795 Gulden— sond
758 1700 2716 1835 ndern in unbegrenzter Höhe für jede aus den Tantiemenestch er-
153 1731 770 1847 'T-w rende - leo finy
405 1820 2618 1939 gebenden Summe korgekt und pflichtgemäss gestellt worden ist! Ich bin
144 1832 832 1955 neräw rekösri.3 aszei
387 1921 939 2044 ausserordentlich
961 1921 2719 2062 verstaunt, dass Sie annehmen können, Herr Dr. Schnitzler
163 1927 562 2078 ad iaioe. Te
390 2025 675 2163 könnte ver¬
697 2025 2642 2163 in uns eine „Garantie“ verlangt haben, welche unter allen Um-
246 2053 374 2182 -3&4
325 2154 2615 2286 ständen,auch wenn die Höhe durch die Tannieren nicht erfeicht werden
157 2167 313 2292 G.C.F.P
494 2237 703 2381 verre
697 2256 2707 2357 fallen sei. Dies würde ja schon juristisch vollkommen umhaltbar
203 2268 356 2372 bael.
384 2354 552 2480 sein.
565 2354 2633 2473 da die Kartellbestimmung, wie Ihnen gut bekannt ist, eine solche
175 2378 292 2516 -or
371 2449 2664 2584 Abmachung ausdrücklich verbieten und für angültig ärklährt. Ich bebauere
295 2489 565 2593 aIeigade
371 2569 2728 2679 ausserordentlich, dass mich Jhr Vergehen zwingt, mich auf diesen formalen
399 2621 663 2688 .x&lJ.J.
242 2553 381 2700 or all
381 2654 816 2756 Standpunkt zu
215 2661 2038 2796 kann es mebrassen ni stellend aber ich kann es nicht mit me
2412 2685 2722 2808 men verant-
371 2759 819 2857 worten, durch
282 2768 2016 2909 —te xxx diesen Rattenkönig von Missverständni
2498 2777 2691 2900 ich in
356 2869 850 2967 keiner Weise S9
841 2872 1501 3014 schuld habe vielleicht
267 2912 850 3007 asf dol. xxxreg i
368 2977 964 3072 und einer vornehmen
951 2989 1476 3124 Firma, die völl
246 3001 967 3121 -revnto his de Sienne.
353 3093 1356 3219 Hunderttausende zu schädigen.
196 3084 706 3225 -ans de oumerge
1071 3198 1218 3311 in
150 3192 902 3323 abaedt.etrefgasse sehr
347 3293 868 3419 Schnitzler sende
350 3357 657 3425 seb orijf!
196 3327 292 3437 -ed
344 3397 626 3486 Dinge mit
193 3437 509 3584 BrodmeH mit
2249 3520 2679 3707 2 handpunkt
1228 3612 1946 3790 Lugt in Scheeveningen,
1979 3655 2562 3787 ernielt ich heute.
