2909 3928
477 423 2524 669 P. Fischer/Verlag/ Berlin M. 57/Bülowstraße 90
615 573 2296 699 Bankkonto: Deutsche Bank. Depositenkasse P in Berlin / Postscheckkonto; Berlin Nr. 1669.
882 648 2035 783 Fernsprechanschlüsse: Amt Lützow Nr. 1662, 6162 und 9292
1360 834 1450 948 3.
423 897 2572 1089 reagiert. Briefe von Giordani und Cutti liegen uns nicht vor.- Die
414 1014 2680 1194 Briefe in der Angelegenheit „Neigen „ (rumänisch) geben wir Ihnen in
411 1149 1035 1309 der Anlage zurück.
510 1179 2722 1378 In der Angelegenheit „Reigen“ (in Deutschland herzustellende eng-
423 1333 2746 1510 liche Ausgabe) werden wir uns mit dem Interessenten neuerlich in Bezie-
420 1438 2689 1591 hung setzen und mit ihm gemeinsam die durch die bereits veranstaltete
429 1546 2548 1711 Reigenausgabe geschaffene Urheberrechtslage klarzustellen suchen.
528 1618 2752 1819 Wir haben zur Kenntnis genommen, dass Sie für Ihre küftigen dramati-
438 1750 2752 1921 schen Arbeiten der Lasky-Compagnie für Amerika vertraglich ein Options-
435 1843 2800 1996 recht zugestanden haben. Wir nehmen an, dass sich dieses nur auf Buchaus-
438 1957 2563 2113 gaben bezieht, oder sind die Aufführungsrechte mit einbegriffen?
531 2041 2755 2188 soviel über die laufenden Einzelheiten in Ihren Aulendsangelegenhei-
450 2167 2821 2308 ten. Im Allgemeinen erlauben wir uns mitzuteilen, dass wir und nach reif-
444 2245 2830 2413 licher Ueberlegung grundsätzlich entschlossen haben, Auslandsaufträge nur
444 2368 2704 2542 noch dann anzunehmen, wenn uns in jedem einzelnen Fall die Sicherheit
447 2464 2770 2617 gegeben ist, dass wir in der betreffenden Angelegenheit mindestens drei
447 2527 2854 2740 Monate allein und ohne Störung durch irgend welche anderweitigen Zwischen-
462 2671 2875 2824 verhandlungen verfügen können. Wir wissen, dass Sie Ihrerseits kein Freund-
468 2782 2872 2908 derartiger Bindungen sind und haben gerade deshalb unseren Entschluss auch
459 2887 2710 3001 keineswegs leichtfertig gefasst. Es erweist sich von Tag zu Tag mehr,
480 3001 2719 3127 dass unsere gegenwärtige Arbeitsmethode infolge der Unsicherheit, die
477 3070 2860 3226 sie immer wieder in Rechnung stellen muss, die Verfolgung klarer geschäft
471 3175 2818 3316 licher Ziele behindert und in ihrem Endeffekt daher in keinen Verhältnis
492 3271 2824 3418 zu der aufgewendeten Mühewaltung stehti ganz abgesehen davon, dass durch
501 3358 2875 3559 unser notgedrungen schwankendes verhältigen Verstimmungen nach allen Seiter
1906 3466 2671 3632 nicht in Ihrem Interesse
747 3484 1843 3656 eugt werden. Dies liegt gewiss auch
