2968 3831
1963 246 2498 433 Reindfung
2504 337 2750 507 Ehrenl.
889 351 2470 569 Fischer / Verlag / A.=G. Berlin
535 541 2504 688 Benkkonto: Deutsche Bank, Depositenkasse P in Berlin / Postscheckkonto: Berlin Nr. 16692.
952 612 2105 731 Fernsprechanschlüsse? Amt Lützow Nr. 6162 bis 6164.
1340 683 1700 796 Bülowstrasse og
1479 785 2427 1020 Berlin, den 27. August1925.
518 847 779 1023 Ei. /Gr.
858 980 1054 1096 Herrn
1102 1096 1864 1249 Dr. Arthur Schnitzler
1952 1212 2226 1360 Wien
1830 1314 2427 1464 Sternwartestr. 71
538 1402 1700 1569 Sehr verehrter Herr Dr. Schnitzler!
864 1527 2787 1683 Da Herr Dr. Maril zurzeit auf Urlaub in Italien ist, beant¬
541 1603 2821 1762 worte ich Ihnen Ihren Brief vom 24. cr. Die Adresse des Rundfunks ist:
793 1722 2425 1875 Berllner-Bundfunde A.-G, Vaxhaus, Potsdamerstr. 4.
1901 1807 2045 1867 G.C.F.P.
1275 1810 1869 1892 lʼannée lʼhonneur à liret vos même
861 1807 2623 1988 Für „Medardus" werden wir also M 500.- verlangen. Das
538 1903 2813 2059 „Every man Theater“ verweisen wir an Ihren englischen vertreter Brown.
867 2017 2748 2195 Was den Abdruck einer Ihrer Novellen anbelangt, so ist es
538 2133 2688 2289 wohl das einfachste, wenn ich die Angelegenheit mit Herrn Fischer
538 2272 2694 2422 persönlich bespreche, der nächste Woche wieder in Berlin ist. Ich
541 2354 1504 2518 schreibe Ihnen dann umgehend.
864 2413 2790 2597 Heute lege ich Ihnen einen Brief aus Dessau hat, in dem ein
538 2549 2816 2705 Studienrat ähnliche Wünsche hat. Sein Sie doch bitte so liebenswürdig,
544 2648 1872 2801 Ihre prinzipielle Ansicht dazu zu sagen.
867 2765 2765 2892 Ich hoffe, dass es Ihnen gesundheitlich sehr gut geht. Sie
547 2847 2357 3036 haben doch sicher prächtiges Wetter am Carersee gehabt.
1532 2963 2476 3147 Mit besten Grüssen und allen
1733 3107 2209 3266 guten Wünschen
1929 3192 2637 3405 ant cinq
