3048 3911
1387 183 1480 315 5
1294 300 1477 459 1652
621 435 2641 615 Fischer/Verlag/Berlin W 57/Bülowstraße 90.
480 426 582 591 S.
642 567 2419 723 Bankkonto: Deutsche Bank. Depositenkasse P in Berlin / Postscheckkonto. Berlin Nr. 1669.
600 621 1684 738 Fernsprechanschlüsse: Amt Lützow N.Y.
2323 660 2437 762 V.V.S.
1756 702 2101 822 6162-6164
537 696 864 807 am 24. Februar.
1288 726 1423 819 G.H.F.P.
2035 759 2125 810 G.F.P
2155 720 2563 837 ai aodos et
363 687 540 900 F/S1
2041 804 2419 891 31. Jan. 24
1807 807 2344 936 xxxu aefle! xxx
1663 834 1771 927 G.H.F.P.
2413 852 2503 975 P.S
252 834 435 1008 -ce le
609 876 843 999 G.C.F.P
2026 903 2149 1029 P.S.
2215 909 2536 1044 G.C.H.F.P.
597 981 1035 1116 Lieber Freund
1023 990 1261 1119 G.C.P.
1660 1005 2593 1161 M.M. a. nouvels.V. nedorib
567 1107 2722 1231 im Anschluss an meinen gestrigen Brief möchte ich zunächst einen
483 1200 2812 1333 sinnstörenden Fehler in meinem Brief berichtigen. Auf Seite 2 Absatz 2
486 1300 2770 1498 steht: Wir haben einheitlich die Verrechnung in schweizer Franken
486 1402 2650 1549 vorgenommen, mit Ausnahme der Erlösabrechnung für Oesterreich und
480 1537 2776 1651 Tschechei bis September 1923.» Es heisst dann: " Nichtsdestoweniger
477 1642 2827 1756 kann die Auszahlung für Oesterreich und Tschechei in der Währung dieser
480 1726 2890 1867 Länder erfolgen.» Das ist ja selbstverständlich und in unserer gestrigen
468 1849 2698 1969 Abrechnung auch so geschehen. Diese letztere Bemerkung bezieht sich
471 1933 2668 2065 demnach auf die Ausrechnung Oktober - Dezember für Oesterreich und
477 2044 2827 2206 Tschechei, weil es scheinbar widersinnig ist, die Valuten dieser Länder
477 2137 2791 2290 in schweizer Franken zu verrechnen. Da wir aber von dem Grundsatz aus-
471 2269 2692 2407 gingen bis Ende September Oesterreich und Tschechei wie Deutschland
2062 2365 2257 2428 3n
474 2344 2800 2533 vom Erlös abzurechnen und durch unsere Vorauszahlung ab 1. Oktober nach
462 2461 2728 2587 Exemplaren von der Erlösabrechnung wieder abgingen, so haben wir, um
465 2551 2671 2716 eine einheitliche Grundlage für die ausländische verrechnung zu ge-
465 2686 2824 2860 winnen, notwendigerweise auch Oesterreich und Tschechel nach Exemplaren
453 2785 2674 2905 in schweizer Franken gerechnet, weil diese Währung ja das Fundament
660 2872 1456 2929 t~tM~t~ j~rj~r~v~t ^t~n~v j^n~rll~
456 2902 2677 3028 für das gesamte Ausland ab 1. Oktober bedeutet. Aus demselben Grunde
444 2962 2719 3196 haben wir das gesamte übrige Ausland von April ab nach Exemplaren in
1077 3070 1216 3124 cette selle
432 3067 852 3184 schweizer Fr
945 3112 1459 3244 gerechnet.
654 3169 762 3226 a
408 3187 1720 3319 Damit erübrigt sich auch Ihr Wunsch
1768 3175 2743 3328 Ihnen für jedes nach dem Aus¬
444 3286 2665 3427 land verkaufte Exemplar das Datum und den Umrechnungskurs in den je¬
444 3388 1480 3493 weiligen ausländischen Valuten
1585 3409 2638 3577 zustellen. Das wäre ja praktisch
