3217 3991
1345 211 1547 357 1 = 10
620 354 2749 580 S. Fischer/Verlag/Berlin M 57/Bülowstrasse 9o
848 528 2510 625 Lukkonto: Deutsche Bank. Depositenkasse P in Berlin / Postschsekkonto: Berlin Nr. 16692
1059 582 2235 719 Fernsprechenschlüsse: Amt Lütsow Nr. 1662. 6162 und 9292
1516 699 1607 896 3.
711 888 2701 1016 liche Verkaufsstellen zu errichten, so wären die Spesen kaum
717 1008 2935 1131 geringer. Allerdings, das Sortiment ist der Krebsschaden der ganzen
711 1111 2895 1256 Sache; aber das bezieht sich vielleicht auf den gesamten Zwischen-
717 1231 3006 1345 handel im allgemeinen und das liegt im System der heutigen Wirtschafts
717 1313 2898 1450 form, die wir für uns allein nicht ändern können. Sehr schlimm ist
719 1430 2935 1567 es in dieser Beziehung mit den oesterreichischen, besonders mit den
719 1539 2932 1647 wiener Sortimentern; die nehmen einen Zuschlag von 33 1/3 % und sie
1896 1590 2373 1670 . - 't r vos rêtres.
976 1607 1365 1682 (Mm~M~ rt~t~r~
728 1650 2944 1762 verteuern auch durch die Valuta-Differenz unsere Bücher so kolossal,
719 1727 2901 1850 dass der Absatz in Oesterreich eines schönen Tages überhaupt voll¬
1522 1813 1619 1870 fait une sorte
719 1810 2875 1961 kommen aufhören muss. Dabei müssen die Verleger die allerknappste
1359 1910 1870 1990 grünen Euch
711 1939 2924 2050 Kalkulation auf dem Panier aufstellen, die Resultate bleiben in der
717 2018 2963 2164 Regel hinter dem Voranschlag zurück, weil die Betriebskosten ständig
725 2136 2906 2270 wachsen und auch Verluste nicht in die Kalkulation eingesetzt wer-
725 2244 2909 2364 den können. Herr Friese ist mir etwa 100 000 Mark schuldig. Es ist
728 2310 2981 2470 für mich ein riskantes und kostspieliges Geschäf mit ihm zu arbeiten.
725 2464 2935 2550 Dabei disponiert er schlecht, hält von einzelnen Büchern eine über-
719 2538 2918 2689 grosse Anzahl Exemplare auf Lager, vonanderen hat er keinen Vorrat,
719 2667 2866 2772 sodass sein ganzes Auslieferungslager seinen Zweck nicht erfüllt.
722 2766 2924 2875 Die meisten Wiener Sortimenter sind uns seit Monaten grosse Beträge
1496 2826 1702 2895 G.C.H.S.
728 2835 2969 3009 schuldig, sie spe###ulieren auf eine günstigere Valuta, und das Resul¬
2678 2929 3003 3012 können,
725 2992 2952 3106 tat ist, dass sie immer mehr in eine grössere Verschuldung geraten.
856 3046 2835 3206 Sie halten mit Ihrer Erklärung wegen des tantiemenfreien Zu-
1590 3152 2010 3226 - - -. -.
734 3146 2781 3295 schlages noch immer zurück. Wäre es Ihnen lieber, wenn wir den
717 3260 2784 3403 Verlagszuschlag in den Ladenpreis einrechnen und Ihnen von dem
