3099 3929
1442 204 1553 337 873
1414 317 1559 431 1669
808 343 2304 536 S. Fischer / Verlag / A.=G. Berlin W 57
570 550 2542 706 Bankkonto: Deutsche Bank, Depositenkasse P in Berlin / Postscheckkonto; Berlin Nr. 1669.
972 612 2131 742 Fernsprechanschlüsse: Amt Lützow Nr. 6162 bis 6164
1360 683 1737 827 Bülowstraße 90
436 697 612 833 /si.
2052 708 2480 907 26. April 24
2097 927 2471 1068 .zendedke
434 946 615 1119 G.C.H.F.P
1734 1003 2341 1168 Zaubassung und xxx
774 1003 1697 1153 Herrn Dr. Arthur Schnitzler
218 1051 465 1238 G.C.H.F.P.
808 1116 1207 1247 al xxx
1261 1119 2327 1284 Wien
1099 1207 2463 1394 dagassimassen eib sie.xxx. gebgew Dsichtung
601 1207 1088 1363 Lieber Freund,
1595 1309 2321 1459 S.A.H.F. Gef. H. N.P.
703 1335 2559 1570 ich bestätige Ihnen, dass Sie eine Tantieme von 20 % vom
570 1502 2616 1621 Ladenpreis des broschierten Exemplars gerechnet, nicht nur für
570 1593 2684 1731 Ihr neues Buch, sondern nun ein für allemal auch für Ihre bisher
567 1706 2684 1884 erschienenen und erscheinenden Bücher bekommen werden. Eine Aus-
564 1819 2652 1986 nahme davon würde ich bitten nur hinsichtlich der in der Wohl-
561 1904 2681 2100 feilen Sammlung" erschienenen Bücher gelten zu lassen. Für diese
779 1998 1465 2071 lʼhonneur dʼautre beaucoup de lʼannée
558 2057 2706 2168 Sammlung können wir ein höheres Honorar als 10 % vom broschierten
706 2097 850 2154 G.C.F.P
558 2148 2582 2287 Exemplar nicht gelten lassen. Im Falle eines Neudrucks hätten
555 2205 2644 2386 Sie sich zu entscheiden, ob sie diese Bücher in der Wohlfeilen
550 2307 2754 2474 sammlungs belassen wollen, oder ob sie zu einem angemessenen Laden-
538 2420 2499 2601 preis ausserhalb der Sammlung neu aufgelegt werden müssten.
1071 2531 2060 2599 «tM~t~iM~i.t~M~.M~-M~
635 2539 2763 2675 Im übrigen habe ich in meinem Brief vom 15. April Ihre Forderung
541 2630 2726 2794 für das neue Stück nicht etwa abgelehnt, sondern darauf verwiesen,
541 2737 2698 2888 dass das Höchst-Honorar, auf das Sie immer wieder hinwiesen, 20 %
541 2848 2692 3018 vom Ladenpreis des broschierten Exemplars berechnet, beträgt. Auf
541 2927 2820 3128 die Ueberraschung, dass sie den gleichen Satz vom gebundenen Exemplar
530 3029 2596 3213 bekommen könnten, war ich nicht gefasst, denn erlauben Sie mir
524 3148 2737 3304 Ihnen zu sagen, dass ein Verleger, der Ihnen einen solchen Prozent-
527 3233 2684 3429 satz anbietet, entweder ein Dilettant sein muss, oder dass er be-
524 3349 2576 3528 sondere Absichten verfolgt, die einer geschäftlichen Grundlage
720 3483 2505 3690 "Bertha Garlan" und die grichische
842 3613 1318 3760 Kreinzelin
