3193 3879
1499 126 1606 233 415
1132 190 2410 339 ISCHER / VerLAG
641 290 2706 488 Bankkonto: Deutsche Bank, Depositenkasse P. Berlin / Postscheckkonto. Berlin 16692
1083 405 2252 531 BERLIN W57 / BULowSTRASSE 90
1267 488 2045 623 Fernruf: Lützow 1662, 6162 und 9292
2289 526 2637 704 2/XI. 1918
885 784 1764 971 Herrn Dr. Arthur Schnitzler
1982 922 2152 1046 Wien
638 1089 1109 1247 Lieber Freund,
750 1172 2944 1339 wir drucken vom "Casanova" 15000 Exemplare in Wien und 25300 Exemplares
655 1339 2829 1433 in Leipzig. Ich musste mich infolge der eingetretenen Verhältnisse in
658 1419 2847 1551 Oesterreich rasch entschliessen, auch in Leipzig zu drucken, damit wir
661 1522 2907 1652 bei eintretenden Transportschwierigkeiten nicht in Verlegenheit geraten.
649 1646 2962 1781 Das ist auch der Grund, weshalb ich anstatt 30 000 Exempl. 40 000 drucken
661 1724 2907 1881 musste, weil ich mich für alle Fälle von den Wiener Beständen hier unab-
664 1859 1281 1979 hängig machen muss.
787 1890 2927 2080 Nun entsteht die Frage, ob wir den "Casanova" wie projektiert, Mitte
2005 2025 2169 2077 ou leur että
666 2048 2809 2169 November herausgeben sollen, falls die gegenwärtigen Verhältnisse zu
672 2126 2795 2264 einer Entspannung nicht geführt haben. Unsere Situation ist begreif-
675 2252 2872 2378 licher Weise nicht dazu angetan, ein Buch, das auf weite Kreise wirken
669 2338 2870 2488 soll, zu fördern. Es wird wohl am besten sein, wenn wir uns darüber in
678 2462 2022 2594 etwa 8-10 Tagen telegraphisch verständigen.
778 2516 2847 2700 Ich lege eine Gutschriftnota für Ihre Gesammelten Werke bei; den
664 2674 2804 2772 Betrag von M. 34 500.- halte ich zu Ihrer Verfügung. Es wird ferner
681 2758 2806 2898 demnächst das Honorar für die ersten 20 000 Exemplare von "Casanovas"
669 2858 2939 3005 Heimfahrt" mit M. 22500.- fällig sein. Ich habe Ihnen durch Beer-Hofmann
681 2979 2835 3125 sagen lassen, dass ich, falls Sie es für ratsam halten, ein Markkonto
675 3048 2743 3188 hier für Sie bei der Deutschen Bank errichten könnte, da möglicher
