3096 3785
1627 330 2153 537 M 57 / Bül
1103 535 2121 651 : Amt Lützow Nr. 1662. 6162 und 9292 / Postscheckkonto: Be¬
1214 583 1914 762 THEATERABTEILUN
2030 680 2298 859 25.8.24
560 680 731 879 a/Ml.
506 938 714 1081 Herrn
1103 961 2124 1231 Dr. Arthur Schnitzler
2045 1157 2412 1354 Wien
1550 1331 1684 1519 G.H.F.P
1322 1371 1419 1470 G.H.F.P
532 1382 1416 1584 Sehr geehrter Herr Doktor!
853 1502 2810 1652 Direktor Barnay hatte uns schon vorgestern Ihr zustimmendes
546 1624 2776 1769 Telegramm eingesandt, worauf wir ihm den Vertrag zu den von Ihnen ge-
555 1729 2721 1874 wünschten Bedingungen eingesandt haben. Den Gegenvertrag erhält er
555 1820 2787 1956 erst nach Eingang der Kaution. Mit Kalckar, Dänemark besteht ein Ver-
557 1931 2790 2079 trag, wonach wir ihm die Stücke, die für Dänemark geeignet sind, einzu-
557 2013 2795 2195 senden haben. Er hat sich innerhalb eines Monats zu entscheiden, ob er
1288 2121 1408 2187 G.C.F.P.
557 2096 2747 2312 den Vertrieb übernimmt. Wenn es ihm nicht gelingt, sechs Monate nach
563 2195 2801 2366 der deutschen Uraufführung einen Abschluss herbeizuführen, so ist das
569 2326 2852 2468 Stück frei. Der Vertrag wird jeweils auf ein weiteres Jahr verlängert,
574 2397 2812 2585 wenn er nicht bis 1. Oktober gekündigt wird. Wir bitten Sie also, wenn
626 2457 810 2531 G.C.F.P.
586 2528 2812 2679 Sie glauben, dass man Ihr neues Stück jemand anderem geben sollte, uns
580 2642 2693 2790 rechtzeitig zu verständigen, damit wir mit Kalckar diese Ausnahme
589 2733 2821 2903 vereinbaren. Wegen u. Komödie der Verführungen warten wir Ihre weiteren
1772 2841 2537 2986 Mit ergebensten Grüssen
597 2875 1029 2997 Weisungen ab.
2019 2960 2440 3034 FISCHER,VERLAG
2062 3023 2406 3088 ENGEBELISCHAFT
2067 3066 2397 3171 TERABTEILUR
1979 3148 2357 3304 DrKllaril
