3829 4023
1981 308 2135 438 918
918 442 1705 554 DIE NEUE RUNDSCHAU
2362 493 2709 594 S. FISCHER VE
2384 570 2658 659 DERLIN W 57. R.D
560 1048 1002 1180 Leyerich
1034 1077 1800 1204 Hans gereg¬
679 1158 1977 1279 Worlin gebt Jure sein erre: j'e
2810 1176 2974 1342 917
622 1227 1983 1375 Wir teinten wie aus sie gedachte
699 1330 1975 1515 Niele Grünse lieben Herr Wochen,
2230 1304 3055 1496 Schloss Hotel Underlin
2467 1425 2804 1545 Pontresina
543 1454 2019 1685 damit anfängt, daß es nun gerade
3244 1462 3700 1618 19.7.22
545 1608 2034 1764 30 Jahre seien, seitdem er dem Verlage
764 1693 963 1764 q
503 1677 2023 1890 angehöre, und in dem er von Hoffinn
505 1782 1987 1975 gan, Blumen einem, im Herbst zu
434 1855 1800 2044 beendenden Essaz-Bund spricht
600 1963 2030 2153 Mus meiden Sie, lieber Herr Dibtor,
489 2048 2032 2255 mit dem Reht des Sommers untun¬
414 2145 1999 2328 hen. Hier ist es schön und erhelchem
397 2251 2009 2403 wie immer, wir hatten bisher heuliches
418 2319 2007 2506 Wetter; mich Frau Dora M. null he¬
434 2423 1981 2603 nauf kommen, allerdings eist Auf¬
387 2504 1983 2676 August, wo und, der kurzen Schul¬
339 2571 1967 2776 können mögen, schon fort müssen
385 2676 1985 2859 Wissen Sie eigentlich, daß wir im
371 2776 1969 2944 - April ein Zweites füheltustenhen
383 2869 1973 3017 bekennen, weswegen unsere Binder¬
357 2962 1950 3106 mich vorläufig noch in Berlin sind
521 3023 1961 3201 Sehr herzliche Gueste eines
428 3118 1957 3329 zu ihnen Ihre Hethinz Fischler.
2362 1867 3439 2088 hiebeo Herr Doktor!
2200 2098 3577 2277 Unsere Gedanken sind
2204 2224 3672 2415 jetzt so viel in Wien, umb
2255 2336 3528 2518 lässig beschäftigt mit der
2244 2429 3725 2618 Tinzodie im Hause Hofmausthel¬
2261 2563 3654 2709 um der Hn auch Sie, einer
2238 2630 3684 2832 der ültesten Fremmde — erschät¬
2230 2739 3682 2944 tert sind mir nur alle es sind
2246 2818 3654 3037 Wir wollten Ihnen schon vor
2240 2920 3654 3112 hier Grüße von hier schicken
2216 3025 3558 3208 über nur müssten nicht, wo
2220 3120 3706 3384 Sie seien, wo unsern Gedanken
