3085 3849
524 732 2613 873 zu geben. Es ist ganz unmöglich, es anders zu machen, denn die Er-
504 827 2582 936 rechnung der zu den jeweiligen Preisstufen verkauften Exemplare,
328 833 418 951 G.F.P.
527 936 2734 1060 ist eine mühselige Arbeit. Ich möchte nur hoffen, dass sich die Preis-
524 1037 2786 1178 bewegung beruhigt, und dass wir bei dem jetzt angelangten relativ hohen
516 1138 2778 1268 Preisen stehen bleiben können, sonst sehe ich doch schon in der Tatsache
530 1222 2769 1377 der fortwährenden Preiserhöhung eine grosse Gefahr für den weiteren Ab-
527 1348 720 1487 satz.
717 1429 2677 1556 Es ist schade, dass ich Ihnen den Aufsatz von Diedrichs augen-
536 1559 2697 1677 blicklich nicht schicken kann. Sie würden darin auch lesen, dass ein
533 1674 2795 1755 Teil der Verleger dazu übergegangen ist, jeweils eine Auflage voraus zu
1818 1729 2536 1804 wurdeberuf seiner schöne wiederholt zurückung
524 1749 2778 1902 honorieren, den Autor dagegen für den voraushonorierten Teil an Preis-
533 1884 2720 1985 zuschlägen nicht zu beteiligen. Es entspricht das logischer Weise der
524 1985 2743 2086 Tatsache, dass der voraushonorierte Teil mit relativ gutem Gelde hono¬
545 2069 2821 2219 riert ist, sodass der Autor an dem Preiszuschlag, der der Geldentwertung
2098 2135 2282 2227 aber
533 2149 2743 2291 folgt, rechtlich keinen Anspruch hätte. Sie würden schlecht wegkommen,
536 2259 2743 2377 wenn wir das zwischen uns so abmachen wollten, denn Sie werden finden,
2403 2357 2590 2414 ist.
539 2360 2743 2487 dass Ihr Anteil an den Preiserhöhungen ein sehr erheblicher ###
533 2489 2723 2625 und wie ich gleich hinzufügen will, auch sein muss, damit Sie vor der
545 2573 1541 2723 Geldentwertung bewahrt bleiben.
882 2680 2754 2801 Sie sind im Irrtum, wenn Sie annehmen, dass der Veleger das
542 2775 2818 2922 Recht hätte, die Vertragsbedingungen einseitig abzuändern. Das ist zwien
547 2922 2763 3037 schen uns immer nur mit Ihrer Zustimmung geschehen. Selbstverständlich
539 3014 2850 3129 hat der Autor auch das Recht über diejenigen Werke, die der Verleger xxx
533 3106 2769 3236 nicht neu drucken will, frei zu verfügen. Die wirtschaftlichen Verhält¬
539 3198 2806 3302 nisse sind so verworren, dass Autor und Verleger darauf angewiesen sind
498 3302 2775 3452 sich auf eine loygle Weise von Fall zu Fall  zu einigen. Aber vergessen
527 3409 2752 3541 Sie bitte nicht, dass der Autor es doch in so ferne viel leichter hat,
