2918 3976
600 415 2152 594 2.8.
2111 566 2300 670 «*
490 571 609 661 Bn
478 568 2306 745 juritäväwälliiä.
1589 710 1795 789 G:C:H:P:S:
980 719 1140 800 1o0.3 50
374 719 2387 861 jetzigen Aufführung von "Abschiedssouper " und der späteren
380 858 2384 974 des ganzen Zykluses, eine längere Pause von Nöten sei. Wenn
371 980 2303 1099 wir in diesem Falle eine gewisse Einwirkung auch auf Ihre
374 1044 2361 1230 Berliner Angelegenheiten nicht abgelehnt haben, so geschah
386 1204 2430 1322 dies, wie wir glaubten, durchaus in Ihrem Interesse. Es dürfte
1404 1262 1859 1331 F.A.J.H.D.F.
386 1296 2616 1421 Ihnen ja nicht unbekannt sein, mit welchen Mitteln Persönlichkeiten
389 1406 2523 1520 von der Art Rotters oder Roberts sich in einem solchen Falle
389 1491 2453 1647 gegenseitig dem Rang abzulaufen suchen, sodass eine Instanz die
389 1636 2410 1740 lediglich ihren Vorteil im Auge hat uns nicht überflüssig er
223 1624 368 1737 G.H.F.P.
397 1746 2427 1862 scheint. Wir unsererseits verzichten gern auf die Fortführung
226 1749 368 1850 fo3 et
252 1856 2462 1958 dieser Sache und verständigen heute die Direktion Rotter, sich
377 1946 2392 2074 wegen des Weiteren mit Ihnen direkt in Verbindung zu setzen.
290 2033 2404 2178 Bei dieser Gelegenheit erlauben wir uns anzu
368 2146 2430 2288 fragen, wie es sich nun eigentlich mit der reichsdeutschen Ur¬
296 2282 2375 2404 aufführung von "Schwestern" an den Berliner Kammerspielen
1201 2366 1311 2430 G.C.H.P
258 2407 2398 2506 verhält. Es ist Ihnen sehr verehrter Herr Doktor ja bekannt,
273 2491 2558 2610 dass die übrigen Bühnen, die das Stück erworben haben, durch die
392 2598 2485 2735 immerwährenden Hinausschiebungen in Berlin, dauernd an der Auf
296 2726 2561 2828 führung behindert sind. Da wir überdies den Eindruck haben, dass
235 2804 2497 2944 einzelne dieser Bühnen diese Frage gerne dazu benützen möchten,
397 2938 2500 3065 sich evtl. ihrer Aufführungsverpflichtung zu entziehen, so wäre
287 3060 2538 3173 es um so dringlicher, hier einmal Ordnung zu schaffen. Wir haben
267 3135 2506 3262 s. Zt. Ziegel in Hamburg das Vraufführungsrecht gegeben, falls
316 3231 2529 3405 das Stück in Berlin bis zu einem gewissen Zeitpunkte nicht auf
406 3381 2549 3486 geführt sein sollte. Ziegel bittet aber um Aufschub, da er jetzt
2079 3445 2282 3515 gebrannt
339 3460 2674 3634 Heigen aufführt und eine neues Werk von Ihnen erst wieder nach einer
2160 3550 2450 3654 mit abnabischkeit
377 3552 1714 3666 einubl. mväkno gaisernbco I.rfJ.J. hw.drei agort m. und nach rien doch zu him.
406 3619 577 3744 gewi
