3068 3832
712 189 2521 451 cher / Verlag / Berlin W 57/ Bülowstrasse 9
904 407 2140 564 aanschlt###se: Amt Lützow Nr. 1662. 6162 und 9292 / Postscheckkonto: Berlin No.
1114 494 1899 619 THEATERABTEILUNG
829 570 1971 744 Berlin, den 26. Januar 1923
486 567 770 756 Vot edler
1102 741 1285 980 G.C.F.P.
393 887 599 1058 Herrn
739 930 1436 1157 Arthur Schnitzler,
1550 1038 1811 1201 Wien
401 1224 1303 1465 Sehr geehrter Herr Doktor,
1308 1294 2707 1524 in Dänemark ist eine neue Bemühung um den
416 1503 2643 1649 "Reigen" im Gange. Ein dortiges Theaterbureau wünscht sich gegen
404 1617 2573 1776 Zahlung einer Garantie und Tantiemen von jeder von ihm erzielten
404 1750 2660 1913 Aufführung für eine Zeit den Vertrieb für Dänemark und Norwegen zu
413 1846 2713 2029 sichern. Ich frage ergebenst an, ob Sie ein derartiges Recht aus den
419 1968 2678 2178 Händen geben wollen und habe nicht im Unklaren gelassen, dass falls
413 2099 2585 2285 überhaupt das Angebot in Frage käme, ausreichende künstlerische
424 2274 2620 2402 Garantien geleistet werden müssten. Hierzu ist das Bureau bereit.
424 2332 2733 2593 Gegenwärtig haben wir ja wie Sie wissen noch eine gewisse Rücksicht
430 2477 2739 2681 aus Kalokar zu nehmen, der sich in dieser Sache bereits mehrfach be
427 2655 2719 2823 müht hat. Falls Sie im Prinziep Interesse an der neuen Sache nehmen,
442 2756 2704 2960 würde ich dann das weitere in freundschaftlicher Auseinandersetzung
439 2896 2611 3082 mit Kalckar von hier aus veranlassen. Ehe joh mich jedoch an ihn
439 2960 2777 3178 wende, muss ich natürlich wissen ob ein Interesse Ihrerseits besteht
454 3131 2780 3285 und welche Bedingungen Sie an die Hergabe des dänischen Aufführungs-
448 3283 2271 3442 rechts knüpfen. Meinem Dafürhalten nach dürfte eine
2474 3242 2646 3448 o von
465 3379 1971 3643 1000 Kronen bei 6 bis Tantiche erreichbar sein.
