3143 3912
1466 599 1602 715 38y
1094 674 2428 811 Fischer. Verlag. Berlin
962 862 2419 985 ###stützow 1662 u. 6162 Theaterabteilung postscheckkonto Nr. 16692
1354 924 2039 1035 Berlin W 57, Bülowstraße Nr. 90
1337 1013 2063 1163 Den 21. September 191 7
921 1030 1073 1118 G. FA
1113 1177 1980 1312 Herrn Dr. Arthur Schnitzler
1941 1350 2201 1465 Wien
992 1489 1813 1615 Sehr geehrter Herr Doktor,
1796 1585 2417 1732 heute empfingen wir
992 1722 2417 1809 Ihre Karte worin Sie den Wunsch äussern, dass
985 1809 2123 1924 kein Exemplar von „Fink und Fliederb
2116 1809 2447 1954 “usch” onne
1965 1882 2125 1928 ( w
992 1915 2477 2039 Ihren Auftrag oder Ihren Einverständnise an die
990 2024 2479 2155 Bühnen gesandt werden soll. Da nun aber bei den
986 2112 2475 2246 Bühnen inzwischen die Existenz Ihres neuen Wer-
986 2214 2449 2349 kes bekannt geworden ist, haben wir die letzte
985 2342 2442 2419 Zeit bereits zahlreiche Anfragen erhalten, die
990 2402 2421 2551 wir insofern dilatorisch behandelten, als wir
990 2500 2498 2664 den betreffenden Bühnen die gewünschten Exempla-
985 2609 2500 2762 re erst nach Fertigstellung des Buches zusagten.
985 2711 2440 2867 Nun sind aber edte ersten gehefteten Exemplare
986 2829 2475 2965 bereits in unserem Besitz. Wir müssen daher den
977 2946 2472 3080 Bühnen gegenüber irgendwie Stellung nehmen. Aus
979 3055 2483 3183 praktischen Gründen wird es undurchführbar sein
730 3345 1753 3500 den Versuch zu unternehmen, die
