3091 4105
793 404 2234 607 S. FISCHER :» VerlAG A.G. :: BERLIN W. 57
2591 439 2696 677 2.
430 482 1380 683 Dr. A. Schnitzler 3/7. 28
488 805 2707 953 4 Novellenbände vier Titel erfinden. Das schliesst natürlich nicht
491 956 2757 1060 aus, dass wir die 6 Bände in einer festen Papp-Enveloppe als Gesamt-
479 1072 2646 1177 Ausgabe auch führen. Da die Bände der Gesamtausgabe sich von den
476 1159 2670 1272 Einzelbänden in keiner Weise unterscheiden, so hat der Käufer die
482 1249 2760 1368 Wahl, entweder alle 6 Bände auf einmal zu kaufen, oder sie sukzessiv
494 1383 2716 1482 einzeln zu erwerben. Ich hoffe, Sie werden sich der Notwendigkeit,
494 1476 2504 1580 das Werk auf diese Art herauszubringen, nicht verschliessen.
584 1580 2713 1694 Es entsteht dabei nur die eine Frage, ob wir den Ergänzungsband,
491 1694 2731 1789 der "Fräulein Else wenthält, einzeln abgeben dürfen. Wenn ich nicht
491 1801 2829 1914 irre, haben Sie mir gesagt, dass Zsolnay in diesem Punkt keine Schwie-
485 1885 1269 2036 rigkeiten machen würde.
1339 2019 2106 2161 Mit herzlichen Grüssen
1357 2147 2013 2263 S. FISCHER. Verl.AG A.-G.
1630 2202 1920 2289 Fhr
1589 2260 2179 2426 S fische
523 2571 985 2737 1 Verzeichnis
