3133 4041
1156 401 2044 572 S. FISCHER/VERLAG
411 441 623 578 5. Blatt
474 541 2877 794 preis für Sie herauskommen, wenn der Verleger-Teuerungszuschlag erhoben wird.
663 696 2901 882 Wir erheben seit kurzer Zeit einen Valuta-Aufschlag auf die ins Ausland
505 785 602 909 .4.
477 809 2874 1007 mit besserer Valuta gelieferten Bücher. Für diese Aufschläge werden Sie die
487 891 2929 1122 volle Tantieme Ende des Jahres nach Massgabe des Absatzes verrechnet bekommen.
672 1025 2877 1213 Die Erhöhung der Betriebakosten hat uns gezwungen, die Ladenpreise der
502 1134 2795 1308 vorrätigen Bücher zu erhöhen (sie sind jetzt noch immer billiger wie die
520 1232 2825 1445 Bücher anderer Verleger). Auch diese Zuschläge werden Ihnen nach Massgabe
529 1350 2016 1530 des Absatzes Ende des Jahres verrechnet werden.
690 1420 2874 1627 Ich kann nur immer wieder versichern, dass besonders für meine alten
541 1533 2914 1703 angestammten Autoren alles geschieht, um unter Betriebs- und Materialschwie-
541 1639 2880 1800 rigkeiten die Produktion nicht leiden zu lassen. Indessen wo gäbe es einen
541 1740 2917 1916 Betrieb, der von sich sagen könnte, dass er von der aus den Fugen geratenen
550 1828 2871 2056 Gesamtwirtschaft unberührt bleibt. Sie müssen sich selbst sagen, dass ich
560 1943 3005 2123 das grösste Interesse daran haben muss, die Produktion auf der Höhe zu halten,
560 2016 2771 2217 denn der Betrieb, der im letzten Jahr einen Geschäftsunkosten-Etat von
560 2120 2895 2317 600 000 Mark zu decken hatte, ist darauf mehr wie je angewiesen. Sie sind
572 2235 2907 2418 von Haus aus etwas ungeduldig und skeptisch und es wird immer wieder einen
563 2372 1922 2552 Herrn Wunderlich geben, der Sie beunruhigt.
754 2403 3014 2622 Die Honorarabrechnung über die neugedruckten Auflagen von "Dämmerseelen"
572 2518 2977 2764 und "Masken und Wunder" liegt bei, über den Betrag von M.3800.- bitte ich zu
581 2746 885 2871 verfügen.
1074 2731 1794 2874 Mit herzlichen Grüssen
1901 2901 2539 3059 fischer
751 3096 2987 3288 Soeben kann ich zum Kapitel "Wiener übenteuer" das Folgende hinzufügen:
593 3224 2914 3397 Mit wird eine Forderung der österreichischen Staatsbank vorgelegt, wonach
611 3327 2831 3507 ich für die im Betrage von 183 000 Kronen in Oesterreich angefertigten
599 3406 2983 3646 Bücher einen Valuta-Ausgleich von 123 000 Mark an Oesterreich nachzuzahlen
