3130 3799
633 144 2635 320 CHER,VERLAG, BERLIN, Arthur Schnitzler, Wien von 80:4:Blau 2
831 283 1046 413 Unterabteilung.
1349 458 2208 574 aterapteilung xxx
1221 469 1326 580 26
515 537 2678 662 nicht herauskommt, auch auf die Provinzaufführungen überhaupt ver
534 650 2669 775 zichten vorlen. Man müsste dann versuchen, sich mit den genannten
537 758 2740 874 Direktoren über eine Lösung der Verträge auseinanderzusetzen. Einen
529 865 2762 975 dritten Ausweg, Hamburg und Frankfurt die gleichzeitige Uraufführung
1442 933 1793 1012 dans les mêmes ou trois rueux.
532 961 2799 1074 zu übertragen, werden Sie ja wohl kaum gehen wollen (obwohl sich auch
1439 1029 1863 1091 Mais elle lʼa beaucoup de nouveau même
517 1035 2723 1162 hierfür Gründe anführen liessen ). Jedenfalls ersuchen wir höflich,
520 1145 2723 1261 uns Ihre Stellungnahme in dieser Angelegenheit mitteilen zu wollen,
532 1233 2143 1419 damit wir Direktor Ziegel benachrichtigen können.
1496 1397 2697 1518 Mit vorzüglicher Hochachtung
1736 1490 2327 1581 S. FISCHER,ayerLAG
1745 1569 2321 1674 THEATERASTEILUNG
998 2415 1094 2519 G.F.P.
1106 2497 1207 2613 G.C.F.P.
919 2494 1024 2582 G.C.F.P.
970 2587 1270 2703 nicht aus
