3193 3832
2430 174 2586 312 bele
2422 325 2638 450 wurde
1524 310 2370 562 Verlag. Berlin
1061 330 1483 564 Fischer.
726 538 2549 687 Amt Lützow 1662 u. 6162 Theaterabteilung Postscheckkonto Nr. 16692
1202 630 2058 760 Berlin W 57, Bülowstraße Nr. 90
2234 603 2687 783 medosroldosn
1363 721 2185 835 " J. R. 7. J. Nr. 1/2. Mg. d. M
653 731 1321 903 Das IsoH at " arojaewde
1308 799 1912 879 Den 19l
601 804 2687 1014 mebratamÄ ai usetuf maiisnoitenveinl mab tim tebelw anu tiw nehrew
2008 908 2679 1061 nestes glaubaldreV ni
643 1007 845 1171 Herrn
1654 1095 1912 1194 Von der Fett
1001 1103 1225 1217 V.W.S.
1077 1095 1751 1290 Dr. Arthur Schnitzler
1881 1191 2175 1397 W i e n
606 1350 1438 1574 Sehr geehrter Herr Doktor,
1459 1420 2697 1634 wir erhielten Ihre Karte und werden nun
622 1579 2666 1738 mehr mit der Londoner Theateragentur über “Liepelei “ abschlxx
632 1680 2687 1818 sen. Die Aufführung soll in Hirmingham Reperto- das heatre stattfin-
622 1805 2684 1941 den. Inzwischen hat uns die Agentur ihre genauen Bedingungen mit
624 1894 2596 2024 geteilt, unter denen sie auch mit Abaw und anderen Autoren ab
622 1998 2622 2182 schliesst: 5/ Rantieme bei einer Einahme bis zu 50 Pfd. und 7½
650 2128 2638 2245 bei einer Einnahme über 50 Pfd. pro Vorstellung. Diese Tantiene
622 2221 2677 2349 wird zwischen Ihnen und dem Uebersetzer Herrn Valentin William
624 2289 2562 2461 geteilt. Zwar sind diese Bedingungen nicht allzu günstig, wir
627 2406 2677 2570 möchten aber trotzdem auf dieser Grundlage schliessen, da erstens
632 2495 2690 2630 durch die Valuta ein grösserer Gewinn zu erzielen ist und zweiten
632 2632 2643 2750 die Geschäftsverbindung mit der Agentur für die Propaganda Ihrer
643 2716 2534 2861 Werke auf den englisch an Hühnen sehr wesentlich ist. Mit der
643 2828 2625 2955 Agentur möchten wir nicht endgiltig abschliessen, ohne auch hier
632 2924 2661 3069 über Ihr Einverständnis zu haben. Da die Angelegenheit sehr eilt
645 3023 1977 3210 wären wir Ihnen für telegraphischen Besche
864 3124 1116 3205 englirte
643 3135 1904 3280 frühere Aufführung von "Liebelei" ist
723 3231 1795 3418 Werden aber der Angelegenheit an der
585 3418 1067 3514 Die oben genannten Bedingung.
1527 3402 1909 3592 daß wir über das in
585 3441 1407 3629 entscheidende Antwort erhalten haben, so nehmen
