3295 4183
2171 509 2336 666 Herr
1643 549 1790 675 Der
1224 514 1463 694 cher
2472 623 2568 775 0
753 740 2535 854 Amt Lötzow 1662 u. 6162 Theaterabteilung postscheckkonto Nr. 160
1093 819 2282 906 Bankkonto: Deutsche Bank Depositenkasse p in Berlin
1145 876 2293 1017 Berlin W, Bülowstraße 90, den 27.1.191 26
639 1134 832 1330 Herrn
933 1284 2211 1452 Dr. Arthur Schnitsler
2492 1278 2579 1406 P.P.
2255 1384 2560 1507 Wien
2445 1488 2660 1578 renghrts
2222 1477 2394 1564 renghten
626 1531 1561 1716 Sehr geehrter Herr Dekter,
1534 1643 2812 1806 zu Ihrem Schreiben an Herrn Fischer:
631 1768 2810 1920 Die eingesandte Notiz stammt von uns selbst und bezieht sich auf
631 1893 2783 2040 die Ihnen längst mitgeteilte Angelegenheit in Buenes Aires, zu
631 1983 2818 2113 der Sie Ihre Ermächtigung gaben. Die Aufführung selbst hat noch
634 2100 2717 2247 nicht stattgefunden, sondern wird veraussichtlich in der Herb.
647 2209 2657 2342 saisen erfolgen. Unser Vertrauensmann drüben ist Ossewetzky.
634 2320 2592 2456 Was die Bewegung zum Schutz der Anterentantiemen betrifft,
642 2434 2628 2562 wickeln sich unsere Geschäfte so glatt ab, dass wir eigentlässig
1700 2524 1986 2598 wurden
642 2524 2600 2671 diesen Schutz nur dann benötigten, wenn er eine röllige Ga-
642 2625 2611 2804 für richtige Abrechnung bieten xxx. Von Ihren Stücken be-
631 2788 2380 2924 weise fehlt keine einzige Zahlung, akademie solche
642 2872 1673 3030 der Hamburger Kammerspiele, als
639 2992 1553 3139 überfällig ist und sicherli
