2918 3976
1049 269 2031 377 „ —„ „ —. —. 1/2  — —. 4  —.
210 304 2329 541 S. FISCHER,VERLAG, BERLIN, Dr. Schnitsler den 21. 2. Blatt 2
506 450 795 558 Theaterabteilung
272 590 2379 716 gewissen Pause aufführen möchte. Uebrigens haben wir für Nürn-
272 693 2452 848 berg keine ausdrückliche Uraufführungsbeschränkung, sodass, falle
1488 783 1590 845 e V. A.
1081 780 1438 856 eiseneiege
704 795 982 865 nd deshalb
266 786 2417 929 Berlin oder Hamburg noch weiter zögern, Nürnberg erst noch ver-
1616 874 2028 1008 G.C.H.F.P.
1125 891 1371 962 Johannes
979 903 1078 979 G.F.P.
596 912 906 985 G.C.F.F:S.
275 950 1452 1087 anlasst werden mässte zuzuwarten.
719 994 2531 1169 Was Direktor Iban anbetrifft, so sind wir unsererseits
289 1131 2464 1277 gleichfalls für Ablehnung und entnehmen aus Ihrem Schreiben, dass
281 1225 2376 1374 Sie in solchen Fällen gegen eine selbständige Entscheidung des
295 1347 2329 1499 Verlages keinen Einwand haben, wenigstens, soweit es sich um
289 1490 1374 1619 negative Entscheidungen handelt.
731 1561 2487 1707 Herrn Eisenschütz schreiben wir, dass er über seinen
307 1663 2329 1824 Schweitzer Tourneeplan nur mit Ihnen zu verhandeln habe. Mit
304 1794 2455 1929 Hern Giordani werden wir uns in Verbindung setzen. Die Bezahlung
313 1888 2017 2008 von 41.06 Gulden an Herrn Mijnssen wird veranlasst.
745 1970 2592 2110 Namens der Auslandsabteilung teilen wir Ihnen ergebenst
316 2072 2662 2227 mit, dass die Zahlung für "Grüner Kakadu " und " Anatol" ( Spanien)
2101 2171 2271 2236 Ihnen
316 2212 2583 2350 heute hier eingetroffen ist. Die Aufführungsrechte sind vorbehalten,
319 2318 2429 2487 doch bewirbt sich der Uebersetzer um diese. Hierüber werden wir
330 2449 1514 2607 Ihnen demnächst weiteres berichten.
1251 2563 2209 2744 Mit vorzüglicher Hochachtung
1467 2686 2043 2791 S. FISCHER. VERLAG
1473 2771 2040 2873 THEATERABTEII UNG
1847 2885 2087 3127 feo
2113 3300 2344 3533 verte:
