3219 4008
1244 197 1419 338 409
818 266 2300 460 S. FISCHER/VERLAG
532 344 2613 599 Bankkonto: Deutsche Bank, Depositenkasse P Berlin.  Postscheckkonto. Berlin 1669a
984 468 2150 635 BERLIN W 57, BÜLÖWSTRASSE 90
2214 510 2569 707 20/6. 1918
1189 565 1970 729 Ferneuf: Lützow 1662, ö162 und 9292
851 967 1724 1139 Herrn Dr. Arthur Schnitzler
1763 1048 1934 1164 Wien
654 1314 1131 1449 Lieber Freund,
779 1361 2685 1593 von Ihren Werken befinden sich folgende Neuauflagen im Druck;
687 1458 2644 1677 „Der Weg ins Freie", „Liebelei“, "Kakadu", "Komödie der Worte“
698 1574 2635 1785 Im Laufe des nächsten Monats sind alle diese Neudrucke fertig.
690 1674 2918 1909 Mit Ausnahme von "Sterben" und "Dämmerseelen" wird also nichts fehlen,
707 1776 2885 2006 aber auch diese beiden Werke verden im Sommer gedruckt werden. Da ich
718 1848 2863 2109 am 28. in Wien zu sein hoffe, wird sich ja auch über die Möglichkeit
729 1943 2871 2184 des Neudrucks der Gesammelten Werke sehr bald Klarheit ergeben. Sie
734 2073 2913 2292 haben also nach meiner Meinung nicht die geringste Veranlassung, unge-
740 2189 2832 2400 duldig zu sein. Wenn Sie, sehr ungerechter Weise, darauf hinweisen,
748 2270 2913 2494 dass ich vom "Ketzer" die 40.- 50. Auflage drucke, so kann ich darauf
2029 2364 2893 2538 leber erst garnicht gedruckt
759 2417 2042 2599 aufmerksam machen, dass ein neues Buch lj
2031 2483 2134 2550 G.C.
765 2505 2796 2710 werden darf, wenn es in seinem weiteren Lauf gehemmt werden muss.
773 2574 2877 2796 Das wird mit Ihrer Casanova-Novelle genau so gehalten werden, dafür
779 2666 2888 2907 wird das notwendige Papier unbedingt da sein müssen, könnte ich das
787 2777 3007 3023 nicht, so würde ich die Verantwortung nicht übernehmen, sie zu drucken.
917 2874 2985 3123 Das Rundschau-Honorar überweisen wir gleichzeitig Ihrem Bankkonto.
1269 3076 1876 3229 Mit besten Grüssen
2198 3071 2328 3162 Ihr
2009 3156 2666 3422 F.fischer
