3091 4105
1046 146 1259 303 soe
1498 323 1616 494 87
878 410 2379 645 S. Fischer/Verlag / A.-G. Berlin W 57.
634 614 2623 718 Bankkonto; Deutsche Bank, Depositenkasse P in Berlin / Postscheckkonto: Berlin Nr. 1669a
1049 693 2199 769 Fernsprechanschlüsse: Amt Lützow Nr. 6162 bis 6164
1422 755 1829 853 Bülowstraße 90
1057 819 2208 976 Telegramm.Adresse: Fischerverlag 6162 Berlinlützow
508 746 718 987 1/6
1703 813 2463 999 Berlin, den 11. 6. 1928
763 886 993 1072 F./Re.
1046 971 1268 1100 B.H.F
278 1060 373 1172 X
418 1072 645 1215 G.H.F.P
1091 1066 2482 1192 Herrn Dr. Arthur Schnitzler,
2174 1172 2659 1324 W i e n XVIII
1355 1187 1933 1369 Mets Schrift
1069 1296 1156 1408 G.F.P.
2112 1296 2684 1422 Sternwartestr. 71
1506 1299 1938 1481 Ruy
1952 1374 2093 1492 G.C.F.P.
858 1386 1184 1509 vite araada
1854 1498 2070 1607 G.C.F.P.
1111 1481 1630 1624 Lieber Freund,
1187 1574 2844 1708 ich bestätige noch einmal, dass wir die sechsbändige
788 1666 2892 1832 Ausgabe der „Erzählenden Schriften“ gesammelt, wie bisher, mit 20%
785 1787 2791 1905 vom Ladenpreis des broschierten Exemplars gerechnet, honorieren
797 1899 2931 2039 werden, und zwar je 1000 Exemplare voraus. Die Einbandepanne für die
811 2022 2886 2123 "Gesammelten Werke" wird Rm. 2.— - für den Leinenband betragen. Für
799 2109 2791 2247 diejenigen Exemplare der "Gesammelten Werke", die wir mit einem
741 2233 2970 2353 höheren Rabatt als 40% verkaufen, bitte ich Sie, sich mit dem Honorar
802 2334 2791 2449 von 15% vom Ladenpreis des broschierten Exemplars gerechnet, zu
2435 2449 2530 2524 L.L.S.
805 2460 1111 2564 begnügen.
1198 2452 2903 2642 Für die drei Bände, die wir einzeln verkaufen, beträgt
805 2651 2951 2774 das Honorar ebenfalls 20, vom Ladenpreis des broschierten Exemplars
805 2740 3057 2906 gerechnet. Eine Ausnahme davon macht nur." Therese", die wir, wie bisher,
797 2844 1638 3004 mit 25% weiter honorieren.
1203 2982 2886 3116 Sie wissen, dass das Honorar von 25% nur möglich war,
811 3069 2732 3223 weil wir gleich 20000 Exemplare mit einem Mal gedruckt haben.
1195 3164 2841 3321 Die Einbandspanne beträgt in der Regel Rm. 1.50 für
856 3203 1122 3332 G.C.H.F.S
808 3268 2956 3416 den Halbleinenband und Rm. 2:-  bis Rm 2.50 für den Ganzleinenband.
811 3400 2914 3534 Die Gesamtausgabe wird broschiert überhaupt nicht hergestellt, sie
805 3520 2213 3624 dient nur als Grundlage für die Kalkulation.
1588 3596 1753 3745 verte
2575 3571 2763 3781 B.w.
