2918 3976
279 324 2188 506 fischer/Verlag/Berlin M 57/Bülowstraße 9o.
379 481 1994 562 konto: Deutsche Bank. Depositenkasse P in Berlin / Postscheckkonto; Berlin Nr. 16892
661 537 1715 692 prechanschlüsse: Amt Lützow Nr. 1662, 6162 und 9292
448 824 1225 1024 Kerrn Dr. Arthur Schnitzler
1151 988 1375 1112 Wien
205 1151 573 1303 aber Freund,
271 1237 2263 1461 von Ihren Büchern fehlen zur Zeit: "Frau des Weisen", "Freiwild",
160 1355 2277 1557 "Griechische Tänzerin", "Marionetten", - Bücher, die erfahrungsgemäss
138 1477 2199 1668 schwach gehen und die bei den enorm hohen Herstellungskosten noch
141 1613 1093 1781 zurückgestellt werden mussten.
285 1665 2324 1870 An die Vervollständigung der Gesamtausgabe im Falle des Neudrucks
149 1765 2371 1953 habe ich ebenfalls schon gedacht, die wird zur Zeit durchgeführt werden.
664 1911 1497 2072 Mit herzlichen Grüssen
1414 2003 1533 2160 Ihr
1538 2194 1851 2387 he
733 3452 929 3795 Fokton
