<?xml version="1.0" encoding="UTF-8" standalone="yes"?>
<PcGts xmlns="http://schema.primaresearch.org/PAGE/gts/pagecontent/2013-07-15" xmlns:xsi="http://www.w3.org/2001/XMLSchema-instance" xsi:schemaLocation="http://schema.primaresearch.org/PAGE/gts/pagecontent/2013-07-15 http://schema.primaresearch.org/PAGE/gts/pagecontent/2013-07-15/pagecontent.xsd">
    <Metadata>
        <Creator>prov=READ-COOP:name=TrHtr:version=2.1.0:model_id=51170:date=27_07_2023_22:29</Creator>
        <Created>2023-05-02T08:10:49.223+02:00</Created>
        <LastChange>2023-07-27T22:29:31.189+02:00</LastChange>
        <TranskribusMetadata docId="1416743" pageId="54953624" pageNr="157" tsid="131305797" status="IN_PROGRESS" userId="64420" imgUrl="https://files.transkribus.eu/Get?id=JMDZPTPAZSHCLXMDOXQEHLSR&amp;fileType=view" xmlUrl="https://files.transkribus.eu/Get?id=EIYUJOSVMBOZCUPQHXVTJHSJ" imageId="44457349"/>
    </Metadata>
    <Page imageFilename="1416743_0157.jpg" imageWidth="3240" imageHeight="3432">
        <ReadingOrder>
            <OrderedGroup id="ro_1711826223412" caption="Regions reading order">
                <RegionRefIndexed index="0" regionRef="tr_2"/>
                <RegionRefIndexed index="1" regionRef="tr_1"/>
            </OrderedGroup>
        </ReadingOrder>
        <TextRegion id="tr_2" custom="readingOrder {index:0;}">
            <Coords points="823,-29 2679,-29 2679,1075 823,1075"/>
            <TextLine id="tr_2_tl_1" custom="readingOrder {index:0;}">
                <Coords points="1385,71 1479,49 1510,66 1633,60 1716,34 1764,57 1802,37 1833,57 1924,26 1976,37 1979,0 1390,0"/>
                <Baseline points="1402,38 1447,41 1492,41 1536,38 1581,35 1626,29 1671,29 1716,29 1760,32 1805,26 1850,26 1895,26 1939,23 1984,20"/>
                <TextEquiv>
                    <Unicode>Depositenkasse P Berlin</Unicode>
                </TextEquiv>
            </TextLine>
            <TextLine id="tr_2_tl_2" custom="readingOrder {index:1;}">
                <Coords points="1376,143 1425,157 1519,128 1610,140 1639,117 1670,131 1707,114 1830,140 1959,100 1961,66 1876,34 1836,60 1799,34 1776,57 1653,43 1605,74 1465,54 1379,69"/>
                <Baseline points="1393,113 1426,110 1471,110 1516,107 1560,110 1605,107 1650,107 1695,107 1739,107 1784,104 1829,104 1874,101 1918,98 1963,104"/>
                <TextEquiv>
                    <Unicode>W 57 / BULOMS</Unicode>
                </TextEquiv>
            </TextLine>
            <TextLine id="tr_2_tl_3" custom="readingOrder {index:2;}">
                <Coords points="1388,234 1442,246 1499,206 1533,228 1562,208 1687,217 1719,194 1782,228 1884,211 1919,226 1921,137 1884,120 1830,140 1744,134 1710,111 1664,134 1510,128 1388,154"/>
                <Baseline points="1402,185 1435,185 1480,185 1525,185 1569,182 1614,182 1659,176 1704,176 1748,176 1793,176 1838,173 1883,170 1927,170"/>
                <TextEquiv>
                    <Unicode>Herrnruf: Lützow 1662, 6162</Unicode>
                </TextEquiv>
            </TextLine>
            <TextLine id="tr_2_tl_4" custom="readingOrder {index:3;}">
                <Coords points="1108,660 1276,637 1385,671 1545,637 1596,668 1833,671 1839,465 1536,500 1453,454 1336,474 1268,445 1211,488 1113,480"/>
                <Baseline points="1125,593 1169,593 1214,593 1259,590 1304,590 1348,590 1395,594 1395,594 1441,587 1486,587 1530,584 1575,581 1620,578 1665,578 1710,578 1754,578 1799,575 1844,575"/>
                <TextEquiv>
                    <Unicode>Herrn Dr. Arthur Schnitt,</Unicode>
                </TextEquiv>
            </TextLine>
            <TextLine id="tr_2_tl_5" custom="readingOrder {index:4;}">
                <Coords points="1105,782 1165,777 1176,768 1216,788 1276,765 1273,645 1231,662 1185,642 1162,665 1142,662 1128,677 1102,679"/>
                <Baseline points="1119,743 1145,743 1190,749 1235,740 1280,754"/>
                <TextEquiv>
                    <Unicode>G.C.F.P.</Unicode>
                </TextEquiv>
            </TextLine>
            <TextLine id="tr_2_tl_6" custom="readingOrder {index:5;}">
                <Coords points="1345,851 1388,851 1396,859 1433,842 1467,868 1510,874 1525,888 1559,882 1542,737 1513,742 1490,762 1428,742 1376,777 1336,785"/>
                <Baseline points="1354,814 1378,817 1423,832 1468,835 1513,835 1559,839"/>
                <TextEquiv>
                    <Unicode>G.H.F.P.</Unicode>
                </TextEquiv>
            </TextLine>
            <TextLine id="tr_2_tl_7" custom="readingOrder {index:6;}">
                <Coords points="1596,854 1619,859 1633,848 1676,842 1696,851 1707,845 1739,862 1753,851 1767,856 1810,845 1813,757 1790,759 1776,771 1730,742 1699,765 1656,745 1622,757 1599,754"/>
                <Baseline points="1611,832 1650,835 1695,829 1739,838 1739,838 1784,832 1820,829"/>
                <TextEquiv>
                    <Unicode>G.H.F.P.</Unicode>
                </TextEquiv>
            </TextLine>
            <TextLine id="tr_2_tl_8" custom="readingOrder {index:7;}">
                <Coords points="1002,919 1136,976 1196,954 1262,974 1339,956 1379,968 1402,945 1530,951 1530,876 1439,845 1336,862 1270,842 1228,862 1145,845 1099,865 1036,834 1005,845"/>
                <Baseline points="1017,901 1044,904 1089,901 1134,901 1178,901 1223,898 1268,898 1313,895 1357,895 1402,898 1447,895 1492,898 1536,895"/>
                <TextEquiv>
                    <Unicode>Lieber Freund,</Unicode>
                </TextEquiv>
            </TextLine>
            <TextLine id="tr_2_tl_9" custom="readingOrder {index:8;}">
                <Coords points="1516,968 1533,965 1547,976 1639,971 1667,988 1696,988 1699,862 1679,865 1664,856 1656,865 1630,868 1607,848 1587,851 1539,888 1516,888"/>
                <Baseline points="1533,937 1578,937 1623,937 1668,934 1704,940"/>
                <TextEquiv>
                    <Unicode>G.F.P.</Unicode>
                </TextEquiv>
            </TextLine>
            <TextLine id="tr_2_tl_10" custom="readingOrder {index:9;}">
                <Coords points="865,968 882,968 902,991 919,996 936,985 959,991 968,985 991,996 996,991 1034,996 1036,922 991,911 976,919 959,916 902,882 888,862 871,862"/>
                <Baseline points="880,954 907,952 952,943 996,946 1041,946"/>
                <TextEquiv>
                    <Unicode>G.C.F.P.</Unicode>
                </TextEquiv>
            </TextLine>
            <TextLine id="tr_2_tl_11" custom="readingOrder {index:10;}">
                <Coords points="808,1068 1399,1113 1590,1051 2564,1053 2669,1036 2672,968 811,996"/>
                <Baseline points="823,1059 844,1062 889,1062 934,1065 978,1062 1023,1062 1068,1059 1113,1059 1157,1059 1202,1059 1247,1056 1292,1056 1336,1053 1381,1053 1426,1050 1471,1050 1516,1047 1560,1044 1605,1047 1650,1044 1695,1044 1739,1044 1784,1041 1829,1041 1874,1038 1918,1038 1963,1035 2008,1035 2053,1032 2097,1029 2142,1032 2187,1032 2232,1026 2277,1026 2321,1026 2366,1023 2411,1026 2456,1023 2500,1020 2545,1020 2590,1017 2635,1017 2679,1014"/>
                <TextEquiv>
                    <Unicode>Ihre beiden Depeschen habe ich bekommen und zunächst aus</Unicode>
                </TextEquiv>
            </TextLine>
        </TextRegion>
        <TextRegion id="tr_1" custom="readingOrder {index:1;}">
            <Coords points="728,1072 3079,1072 3079,2839 728,2839"/>
            <TextLine id="tr_1_tl_1" custom="readingOrder {index:0;}">
                <Coords points="708,1196 2749,1173 2752,1082 2350,1034 711,1093"/>
                <Baseline points="728,1160 743,1163 787,1169 832,1172 877,1169 922,1169 966,1169 1011,1166 1056,1166 1101,1163 1145,1166 1190,1163 1235,1163 1280,1163 1325,1160 1369,1157 1414,1157 1459,1157 1504,1154 1548,1151 1593,1151 1638,1148 1683,1148 1727,1145 1772,1145 1817,1145 1862,1143 1906,1140 1951,1140 1996,1140 2041,1137 2086,1137 2130,1137 2175,1137 2220,1137 2265,1134 2309,1134 2354,1131 2399,1128 2444,1128 2488,1128 2533,1125 2578,1125 2623,1125 2668,1125 2712,1128 2757,1122"/>
                <TextEquiv>
                    <Unicode>unternommen. Da Zensurschwierigkeiten jetzt nicht bestehen,</Unicode>
                </TextEquiv>
            </TextLine>
            <TextLine id="tr_1_tl_2" custom="readingOrder {index:1;}">
                <Coords points="717,1282 1085,1328 1730,1256 2544,1282 2564,1142 2315,1202 2004,1156 717,1216"/>
                <Baseline points="731,1271 734,1271 778,1277 823,1277 868,1277 913,1274 957,1274 1002,1271 1047,1271 1092,1271 1137,1268 1181,1268 1226,1268 1271,1268 1316,1268 1360,1268 1405,1265 1450,1259 1495,1259 1539,1256 1584,1256 1629,1256 1674,1253 1718,1253 1763,1250 1808,1250 1853,1250 1898,1247 1942,1244 1987,1244 2032,1244 2077,1241 2121,1241 2166,1241 2211,1241 2256,1241 2300,1241 2345,1235 2390,1235 2435,1232 2479,1229 2524,1226 2569,1229"/>
                <TextEquiv>
                    <Unicode>sehr gern bereit, gegebenenfalls den "Reigen" zu druc</Unicode>
                </TextEquiv>
            </TextLine>
            <TextLine id="tr_1_tl_3" custom="readingOrder {index:2;}">
                <Coords points="2727,1270 2749,1273 2758,1265 2769,1270 2778,1262 2798,1262 2806,1270 2838,1262 2838,1153 2818,1151 2795,1173 2758,1148 2727,1153"/>
                <Baseline points="2742,1229 2787,1229 2832,1229 2844,1229"/>
                <TextEquiv>
                    <Unicode>G.F.P.</Unicode>
                </TextEquiv>
            </TextLine>
            <TextLine id="tr_1_tl_4" custom="readingOrder {index:3;}">
                <Coords points="825,1425 2038,1350 2812,1388 2815,1262 828,1296"/>
                <Baseline points="841,1381 850,1384 895,1378 940,1375 984,1375 1029,1372 1074,1372 1119,1372 1163,1369 1208,1369 1253,1369 1298,1366 1342,1366 1387,1366 1432,1366 1477,1366 1522,1366 1566,1363 1611,1360 1656,1357 1701,1354 1745,1354 1790,1351 1835,1351 1880,1351 1924,1348 1969,1345 2014,1342 2059,1345 2103,1345 2148,1345 2193,1342 2238,1342 2283,1339 2327,1339 2372,1339 2417,1336 2462,1334 2506,1331 2551,1331 2596,1331 2641,1325 2685,1328 2730,1328 2775,1325 2820,1328"/>
                <TextEquiv>
                    <Unicode>Im Vertrauen gesagt, mit Rosenbaum bin ich nicht zufrieden</Unicode>
                </TextEquiv>
            </TextLine>
            <TextLine id="tr_1_tl_5" custom="readingOrder {index:4;}">
                <Coords points="748,1513 2869,1490 2926,1362 754,1405"/>
                <Baseline points="766,1483 784,1483 829,1483 874,1483 919,1480 963,1477 1008,1477 1053,1474 1098,1474 1143,1474 1187,1474 1232,1471 1277,1471 1322,1468 1366,1468 1411,1468 1456,1468 1501,1465 1545,1462 1590,1459 1635,1462 1680,1459 1724,1459 1769,1456 1814,1456 1859,1453 1904,1450 1948,1450 1993,1450 2038,1447 2083,1447 2127,1444 2172,1444 2217,1444 2262,1447 2306,1441 2351,1441 2396,1438 2441,1438 2485,1438 2530,1438 2575,1438 2620,1435 2665,1432 2709,1429 2754,1429 2799,1426 2844,1426 2888,1426 2933,1423"/>
                <TextEquiv>
                    <Unicode>ist das eingetroffen, was ich befürchtet habe; er zeigt sich als</Unicode>
                </TextEquiv>
            </TextLine>
            <TextLine id="tr_1_tl_6" custom="readingOrder {index:5;}">
                <Coords points="2986,1467 3001,1470 3009,1465 3018,1476 3023,1470 3049,1490 3066,1493 3081,1382 3066,1382 3055,1373 3049,1379 3041,1370 3026,1370 3018,1362 3001,1365"/>
                <Baseline points="3005,1456 3035,1453 3079,1447"/>
                <TextEquiv>
                    <Unicode>P.</Unicode>
                </TextEquiv>
            </TextLine>
            <TextLine id="tr_1_tl_7" custom="readingOrder {index:6;}">
                <Coords points="762,1602 2901,1587 3058,1485 765,1522"/>
                <Baseline points="778,1590 823,1584 868,1584 913,1581 957,1581 1002,1578 1047,1578 1092,1575 1137,1575 1181,1575 1226,1572 1271,1572 1316,1572 1360,1569 1405,1569 1450,1566 1495,1566 1539,1566 1584,1566 1629,1566 1674,1563 1718,1560 1763,1560 1808,1557 1853,1557 1898,1554 1942,1557 1987,1554 2032,1551 2077,1551 2121,1548 2166,1548 2211,1548 2256,1545 2300,1545 2345,1545 2390,1545 2435,1545 2479,1542 2524,1539 2569,1539 2614,1539 2659,1539 2703,1536 2748,1533 2793,1533 2838,1530 2882,1527 2927,1527 2972,1525 3017,1525 3061,1519"/>
                <TextEquiv>
                    <Unicode>Beamter von mässigen Gaben, unfähig meinen Verlag geistig zu repräsen.</Unicode>
                </TextEquiv>
            </TextLine>
            <TextLine id="tr_1_tl_8" custom="readingOrder {index:7;}">
                <Coords points="762,1690 2381,1713 3015,1664 3018,1559 762,1639"/>
                <Baseline points="778,1689 784,1686 829,1689 874,1686 919,1686 963,1686 1008,1686 1053,1683 1098,1680 1143,1680 1187,1680 1232,1677 1277,1677 1322,1674 1366,1674 1411,1671 1456,1671 1501,1668 1545,1668 1590,1665 1635,1665 1680,1665 1724,1665 1769,1662 1814,1662 1859,1662 1904,1659 1948,1656 1993,1656 2038,1656 2083,1656 2127,1656 2172,1653 2217,1650 2262,1650 2306,1647 2351,1647 2396,1644 2441,1644 2485,1641 2530,1641 2575,1641 2620,1638 2665,1638 2709,1635 2754,1638 2799,1635 2844,1635 2888,1632 2933,1629 2978,1626 3023,1626"/>
                <TextEquiv>
                    <Unicode>tieren. Sein Verhältnis zur Kunst ist ungefähr das des beamteten Phi-</Unicode>
                </TextEquiv>
            </TextLine>
            <TextLine id="tr_1_tl_9" custom="readingOrder {index:8;}">
                <Coords points="759,1824 2795,1802 2832,1690 762,1690"/>
                <Baseline points="775,1793 778,1793 823,1793 868,1793 913,1793 957,1787 1002,1787 1047,1787 1092,1784 1137,1784 1181,1784 1226,1781 1271,1778 1316,1778 1360,1778 1405,1778 1450,1775 1495,1775 1539,1772 1584,1772 1629,1772 1674,1769 1718,1769 1763,1766 1808,1766 1853,1763 1898,1763 1942,1760 1987,1760 2032,1760 2077,1757 2121,1760 2166,1757 2211,1754 2256,1754 2300,1754 2345,1754 2390,1751 2435,1748 2479,1745 2524,1745 2569,1745 2614,1742 2659,1742 2703,1739 2748,1742 2793,1739 2838,1736"/>
                <TextEquiv>
                    <Unicode>logen, während wir in Wien, wenn dort überhaupt etwas werden so</Unicode>
                </TextEquiv>
            </TextLine>
            <TextLine id="tr_1_tl_10" custom="readingOrder {index:9;}">
                <Coords points="768,1924 2635,1893 2638,1802 771,1819"/>
                <Baseline points="784,1898 808,1895 853,1898 898,1895 943,1895 987,1895 1032,1892 1077,1889 1122,1889 1166,1889 1211,1886 1256,1883 1301,1883 1345,1883 1390,1880 1435,1877 1480,1877 1525,1877 1569,1877 1614,1877 1659,1874 1704,1874 1748,1871 1793,1871 1838,1868 1883,1868 1927,1865 1972,1865 2017,1865 2062,1862 2106,1862 2151,1862 2196,1859 2241,1859 2286,1859 2330,1856 2375,1856 2420,1853 2465,1853 2509,1850 2554,1847 2599,1847 2644,1844"/>
                <TextEquiv>
                    <Unicode>einen geistig und seelisch modern empfindenen, lebendigen</Unicode>
                </TextEquiv>
            </TextLine>
            <TextLine id="tr_1_tl_11" custom="readingOrder {index:10;}">
                <Coords points="768,2004 2384,1998 2441,1904 2301,1864 1790,1924 1510,1881 771,1921"/>
                <Baseline points="784,1999 787,1999 832,1999 877,1999 922,1996 966,1996 1011,1996 1056,1993 1101,1993 1145,1993 1190,1993 1235,1990 1280,1987 1325,1987 1369,1984 1414,1984 1459,1984 1504,1981 1548,1978 1593,1978 1638,1975 1683,1975 1727,1975 1772,1972 1817,1972 1862,1972 1906,1972 1951,1969 1996,1969 2041,1966 2086,1966 2130,1963 2175,1963 2220,1963 2265,1960 2309,1960 2354,1957 2399,1954 2444,1951"/>
                <TextEquiv>
                    <Unicode>haben müssten. Gewiss Rosenbaum ist Pedant und erle</Unicode>
                </TextEquiv>
            </TextLine>
            <TextLine id="tr_1_tl_12" custom="readingOrder {index:11;}">
                <Coords points="765,2127 1242,2101 1359,2147 1445,2093 1742,2138 1961,2081 2044,2118 2178,2090 2181,2016 1644,1998 1499,2044 1379,1990 1105,2047 768,2036"/>
                <Baseline points="781,2103 796,2103 841,2103 886,2100 931,2100 975,2097 1020,2097 1065,2097 1110,2095 1154,2095 1199,2095 1244,2095 1289,2095 1334,2092 1378,2092 1423,2092 1468,2089 1513,2086 1557,2086 1602,2083 1647,2080 1692,2080 1736,2080 1781,2080 1826,2080 1871,2077 1915,2074 1960,2071 2005,2068 2050,2068 2095,2065 2139,2065 2184,2065"/>
                <TextEquiv>
                    <Unicode>alle ihm aufgetragenen Arbeiten, für die er</Unicode>
                </TextEquiv>
            </TextLine>
            <TextLine id="tr_1_tl_13" custom="readingOrder {index:12;}">
                <Coords points="774,2241 1947,2224 1976,2107 1850,2087 1742,2141 1447,2090 1382,2136 1236,2101 1176,2147 1076,2110 777,2164"/>
                <Baseline points="790,2208 820,2208 865,2208 910,2205 954,2205 999,2205 1044,2202 1089,2202 1134,2199 1178,2202 1223,2199 1268,2196 1313,2196 1357,2196 1402,2193 1447,2190 1492,2190 1536,2187 1581,2190 1626,2187 1671,2187 1716,2187 1760,2181 1805,2178 1850,2178 1895,2175 1939,2175 1984,2172"/>
                <TextEquiv>
                    <Unicode>aus bekommen muss, aber das sind ver-</Unicode>
                </TextEquiv>
            </TextLine>
            <TextLine id="tr_1_tl_14" custom="readingOrder {index:13;}">
                <Coords points="762,2330 1231,2307 1433,2347 1716,2298 1796,2341 1824,2235 1599,2204 1510,2241 1465,2210 974,2258 939,2227 762,2238"/>
                <Baseline points="778,2309 799,2309 844,2309 889,2309 934,2309 978,2306 1023,2306 1068,2303 1113,2303 1157,2303 1202,2303 1247,2303 1292,2300 1336,2300 1381,2297 1426,2294 1471,2294 1516,2291 1560,2291 1605,2288 1650,2288 1695,2286 1739,2286 1784,2283 1829,2283"/>
                <TextEquiv>
                    <Unicode>Bisher hat sich sein ganzes Wirk</Unicode>
                </TextEquiv>
            </TextLine>
            <TextLine id="tr_1_tl_15" custom="readingOrder {index:14;}">
                <Coords points="768,2450 1008,2447 1091,2410 1479,2455 1559,2412 1696,2438 1839,2404 1841,2313 1505,2313 1396,2355 1299,2330 1176,2358 1034,2313 948,2347 771,2335"/>
                <Baseline points="784,2417 814,2414 859,2414 904,2414 949,2414 993,2414 1038,2411 1083,2408 1128,2408 1172,2408 1217,2408 1262,2405 1307,2405 1351,2402 1396,2402 1441,2399 1486,2399 1530,2396 1575,2396 1620,2393 1665,2393 1710,2390 1754,2387 1799,2384 1844,2384"/>
                <TextEquiv>
                    <Unicode>über die vier in Arbeit befindli¬</Unicode>
                </TextEquiv>
            </TextLine>
            <TextLine id="tr_1_tl_16" custom="readingOrder {index:15;}">
                <Coords points="771,2558 871,2572 922,2524 1031,2547 1093,2518 1248,2561 1456,2518 1525,2555 1576,2532 1579,2438 1470,2452 1370,2424 1222,2452 1199,2430 1059,2470 999,2441 942,2467 774,2452"/>
                <Baseline points="790,2524 823,2521 868,2521 913,2518 957,2518 1002,2515 1047,2515 1092,2515 1137,2512 1181,2509 1226,2509 1271,2506 1316,2506 1360,2503 1405,2500 1450,2500 1495,2500 1539,2500 1584,2497"/>
                <TextEquiv>
                    <Unicode>auch verstimmt über eine</Unicode>
                </TextEquiv>
            </TextLine>
            <TextLine id="tr_1_tl_17" custom="readingOrder {index:16;}">
                <Coords points="779,2644 1008,2655 1056,2687 1093,2664 1153,2681 1196,2647 1219,2658 1282,2627 1348,2632 1350,2544 1322,2535 1213,2572 988,2527 902,2570 837,2575 782,2547"/>
                <Baseline points="796,2626 820,2626 865,2623 910,2623 954,2623 999,2620 1044,2620 1089,2620 1134,2617 1178,2617 1223,2614 1268,2611 1313,2611 1357,2608"/>
                <TextEquiv>
                    <Unicode>Rosenbaum zum 1.</Unicode>
                </TextEquiv>
            </TextLine>
            <TextLine id="tr_1_tl_18" custom="readingOrder {index:17;}">
                <Coords points="782,2738 976,2738 1028,2758 1099,2738 1153,2775 1211,2752 1256,2766 1310,2738 1353,2752 1356,2675 1313,2687 1199,2647 1153,2681 1002,2672 976,2652 916,2681 782,2667"/>
                <Baseline points="799,2724 826,2727 871,2727 916,2724 960,2724 1005,2724 1050,2721 1095,2721 1140,2721 1184,2718 1229,2715 1274,2718 1319,2715 1363,2715"/>
                <TextEquiv>
                    <Unicode>die Besorgungen,</Unicode>
                </TextEquiv>
            </TextLine>
            <TextLine id="tr_1_tl_19" custom="readingOrder {index:18;}">
                <Coords points="805,2861 839,2858 856,2872 888,2869 899,2881 925,2881 939,2895 982,2875 1005,2881 1011,2755 974,2738 948,2749 911,2749 902,2741 856,2775 808,2766"/>
                <Baseline points="820,2829 835,2829 880,2829 925,2826 969,2823 1014,2826"/>
                <TextEquiv>
                    <Unicode>ein and</Unicode>
                </TextEquiv>
            </TextLine>
        </TextRegion>
    </Page>
</PcGts>
