3064 3927
866 959 1297 1183 geehrte Herren
1334 1038 2742 1247 in der Hauptsache ist es der grosse und nach¬
1117 1128 1228 1220 G.F.P.
676 1175 2697 1347 haltige Erfolg von Shawe „Heiliger Johanna“, der uns allerdings
684 1276 2768 1458 verhindert hat, Schnitzlers "Kömödie der Verführung" schon jetzt in
729 1400 2757 1548 nsern Spielplan aufzunehmen. xxx aber hat sich die lo-
676 1506 2747 1651 kale Situation hier derart gestaltet, dass wir das Stück zurzeit
681 1632 2718 1764 nur mit schweren Bedenken vorbereiten und keine Garantie bieten
681 1743 2731 1886 können, dass nicht dieses Werk, dessen grosse Qualitäten wir ja
687 1836 2676 2028 seinerzeit durch die spontan erfolgte Annahme anerkannt haben,
692 1928 2781 2113 dessen besondere Artung jedoch momentan einflussreichen Tendenzen
689 2039 2813 2211 wesentlich widerstrebt, durch eine jetzt erfolgende Aufführung hier
695 2139 2731 2311 einer deutlichen, unseren und des Verfassers Interessen durchaus
708 2261 2676 2446 abträglichen Ablehnung ausgesetzt würde. -Wir sind daher nach
705 2351 2794 2501 reiflicher Ueberlegung zu dem Entschluss gekommen, Sie vorderhand
716 2438 2736 2628 um Ihre Einwilligung in einen Tausch zu bitten, dergestalt, dass
729 2551 2668 2750 wir für die nächste Spielzeit Schmitzlers stärkstes Werk, den
2301 2654 2763 2800 pflichtung ent¬
734 2713 1643 2871 „Eisamen Weg“ erwerben und da
2470 2771 2773 2900 Wenn sich
2293 2800 2406 2924 len
1519 2818 1820 2948 der Verf.
716 2821 1487 2969 hoben werden, "Die Komöd:
2536 2887 2691 3030 Werk
835 2932 1392 3077 Verhältnisse gek.
2596 2990 2784 3122 denken
1170 3022 1299 3156 dreie
