3130 4008
999 874 2456 1062 haus "Liebelei" mit 8 % abgeschlossen haben,
1008 1006 2399 1137 liegt daran, dass bereits sämtliche Bühnen,
1008 1139 2434 1236 die das Stück in Hmb. gespielt haben, diesen
1018 1193 2488 1349 Prezentsatz bezahlten. - Da Sie aber sichtlich
1018 1344 2456 1457 den Wunsch haben, dass auch in solchen Fällen
1023 1409 2509 1541 und bei diesem vielgespielten Stück, das in den
1010 1519 2496 1676 meisten grösseren Städten Deutschlands bereits
1019 1627 2447 1771 einen Turnus über fast sämtlichen Bühnen der
1018 1730 2481 1879 betreffenden Stadtgemacht hat, unter die 10 %
1014 1851 2490 1989 nicht hinabgegangen wird, so werden wir in Zu-
1019 1951 2471 2067 kunft, ohne Rücksicht auf etwaige besondere
1027 2056 2425 2186 Verhältnisse, auch „Liebelei“ nur noch zu
1025 2156 2384 2289 10 % abgeben. Dass Sie „Grosse Scene“ und
1025 2248 2464 2387 " Grünner Kakadu" zu einem höheren Prezentsatz
1029 2361 2492 2499 als sonst bei Einaktern üblich, abzugeben wün-
1019 2458 2518 2602 schen, liesse sich bisher aus den Kerrespenden-
1033 2553 2440 2699 zen nicht feststellen. Wir werden der Sachen
1023 2671 2507 2796 weiter nachgehen. - Was Prag anbetrifft, so hal
1664 2747 2503 2805 hugh mit andern Auteren ab-
1832 2788 1985 2825 G.C.F.S.
1033 2773 2503 2928 ten sich sämtlichen vertrage mit diesem Theater
1029 2900 1784 3044 in der Höhe von 5-7 %.
1215 2993 2503 3129 Wir ersuchen uns die Einlage nach Durch-
