3065 3848
482 284 2584 524 P. Fischer/Verlag/Berlin M. 57/Bülowstraße 90.
871 449 2263 581 rechanschlüsse: Amt Lützow Nr. 1662. 6162 und 9292 / Postscheckkonto: Berlin Nr 1669
742 497 841 584 Ferna
1135 515 1898 632 THEATERABTEILUNG
1111 569 2096 793 Berlin, den 13. Februar 1923
434 829 638 1048 Herrn
733 973 1473 1177 Dr. Arthur Schnitzler
1614 1093 1883 1269 Wien
449 1287 1341 1479 Sehrverehrter Herr Doktor,
1572 1311 1805 1443 G.C.F.P.P
1386 1377 2724 1545 die Angelegenheit Nygaard (Liebelei in
437 1500 2691 1674 Norwegen) ist erledigt. Nygaard hat beriets auf den ersten Anhieb
461 1611 2730 1778 seine Ansprüche fallen gelassen. Der norwegische Direktor hat somit
455 1703 2859 1910 nunmehr endgiltig mit uns bezw. Kalokar abgeschlossen: 400 Kr. Garantie
461 1838 2611 2069 7 % Tantieme, Der entsprechende Betrag nach Abzug von Kalokars
464 2015 2766 2170 und unserer Provision, wird Ihnen in den allernächsten Tagen seitens
473 2147 2754 2296 der sidgenössischen Bank in Zürich gemeldet werden. Die Ausstellung
476 2245 2347 2461 einer Legitimation für den Verlag erübrigt sich somit.
1069 2365 1946 2596 Mit verbindlichen Grüssen
1512 2518 2144 2664 Ihr sehr ergebener
2167 2440 2437 2724 Eurpein
