3219 4008
1130 308 2012 455 S. FISCHER / VerLAG
425 378 607 512 2. Blatt
2230 392 2369 544 1
566 664 2733 836 Ausgabe muss also bei uns hergestellt werden. Meid hat die Novelle
569 817 2761 977 noch nicht gelesen, ich will hoffen, dass ich ihn zu der Arbeit be-
574 893 2703 1070 komme, denn er ist ausserdem auch noch sehr in Anspruch genommen.
768 1032 2799 1143 Die neue Auflage von «Der Weg ins Freie» ist bei uns im Druck,
2036 1086 2118 1163 2n
580 1116 2763 1274 auch dieses Buch muss neu kalkuliert werden, bevor die Honorierung
585 1261 1056 1369 erfolgen kann.
1070 1318 1824 1489 Mit herzlichen Grüssen
2369 1440 2458 1514 ..
1824 1429 1949 1527 Ihr
1576 1555 2232 1767 J. Fische
