2933 3850
1180 255 2239 445 Dd oiUwéf p ai nes
952 298 1033 443 P7
417 269 865 512 ###
845 382 2233 515 votre dtodcnto* ri I sesdreisogo (I.Iaad odoaC) I.o.i.iK
793 454 1973 605 Gere F.adt../. xxx
498 454 761 602 G.C.H.F.P
879 558 1244 712 xxx. xxx
359 607 2652 850 Bücher in England und Amerika gibt uns einen sehr brauchbaren allge-
367 726 2560 931 meinen Ueberblick und gewisse Richtlinien für unser weiteres Vor-
376 821 2606 1064 gehen. Eine juristisch einwandfreie Entscheidung aber, ob über ein
373 955 2580 1221 gerade in Frage stehendes Buch frei verfügt werden kann, gibt sie
393 1041 2557 1270 nicht in allen Fällen, sodass es gelegentlich unvermeidlich sein
405 1212 2045 1365 wird, noch weitere Auskunft bei Ihnen einzuholen.
674 1244 2661 1461 Was die amerikanische Gesamtausgabe anbetrifft, so sind wir
1903 1383 2065 1446 G.C.F.P.P
1469 1397 1738 1475 G.C.H.F.P.
414 1359 2580 1588 nach wie vor bemüht, die Bedingungen auf eine annehmbare Höhe zu
428 1490 2757 1701 steigern. In den nächsten Wochen muss die Sache sich endgültig klären.
703 1600 2641 1805 Die Angelegenheit Raggio ist auf gutem Wege, und wir glau-
1472 1715 1686 1805 aieres
440 1698 2511 1929 ben, Ihnen in kurzem den erfolgten Abschluss melden zu können.
443 1793 2754 2036 Dieses bezieht sich nicht nur auf „Anatol“, sondern auch auf "Reigen",
448 1941 2496 2132 den wir, wie Ihnen bekannt ist, seinerzeit nebenher in unsere
454 2025 2609 2239 Korrespondenz mit Herrn Raggio mit einbezogen haben. Herr Raggic
471 2123 2707 2343 scheint nun - wie erschreibt übrigens mit Ihrer Billigung - auch in
471 2250 2748 2450 dieser Richtung entschlossen, sodass ihm ein Vertrag unter den glei-
477 2349 2412 2566 chen Bedingungen wie für "Anatol" zugesandt werden konnte.
778 2450 2667 2655 Die Theaterabteilung vermisst noch Ihren Bescheid in der
495 2540 2739 2788 Angelegenheit "Reigen" (Holland). Da wir gedrängt werden, wäre eine
486 2736 1602 2901 baldige Aeusserung wünschenswert.
1941 2855 2354 3000 Hochachtung
1383 2869 1871 3031 Mit vorzüglich
1678 2956 1805 3011 FIS
1669 2982 1961 3133 JBLANDSAB
