3207 3976
1143 316 2028 506 S. FISCHER / VerLAG
714 560 2855 742 werde ich in solchem Fall aus technischen Gründen Bücher österreichi-
703 676 2726 835 scher Autoren in Deutschland, und als Kompensation wieder Bücher
717 805 2223 907 deutscher Autoren in Oesterreich drucken müssen.
841 879 2824 1022 Zifferer fordert, wie ich gestern schrieb, meine Anwesenheit in
720 970 2882 1143 Wien und stellt Papierlieferungen in Aussicht. Da die Passbeschaffung
728 1088 2805 1220 jetzt sehr langwierig ist, so werde ich vor Ostern nicht mehr nach
731 1225 1327 1366 Wien kommen können.
1390 1272 2824 1423 Versorgung weiterhin Schwierigkeiten machen, so
822 1338 1338 1448 Sollte die Papier
1236 1390 1344 1456 comme le dit
1896 1376 2374 1445 m m m m r jt t :t : rt :t r: r: m r: t
739 1407 2830 1539 bitte ich Sie zu bedenken, dass die Neudrucke bei mir fast garnicht
745 1492 2800 1638 ins Stocken gekommen sind und dass bisher die Einzelausgaben Ihrer
739 1605 2849 1734 Werke bis auf ganz verschwindende Ausnahmen vorhanden sind oder neu
745 1701 2786 1879 gedruckt werden. Wenn wir also schlimmstenfalls die Gesamtausgabe
739 1802 2835 1967 nicht drucken können, so bleibt ja Ihr Werk deshalb doch in Einzel-
745 1951 1352 2063 ausgaben vorhanden.
915 2003 2945 2149 "Der Weg ins Freie“ hat einen Umfang von 29 Bogen und kann in die
986 2118 1602 2184 (i~iH~iM~i~t~i.v~.t~.
750 2121 2830 2245 3 Mark 50 Serie (die übrigens jetzt 4,50 kostet) nicht aufgenommen
761 2231 2893 2368 werden. Ich muss auch die beiden Romane von Hauptmann und Wassermann
761 2333 2893 2459 die einen ähnlichen Umfang haben, aus dieser Serie herausnehmen. Die
756 2407 2962 2572 Bücher dieses Umfangs werden etwa 8 - 10 Mark kosten, wenn die Papier-
761 2539 2951 2693 preise nicht wesentlich heruntergehen. Wird es nicht möglich sein, die
764 2621 2885 2769 -Gesammelten Werke zu drucken, so hoffe ich doch, den "Weg ins Freie"
775 2764 1709 2885 dann allein drucken zu können.
962 2805 2984 2970 Für Ihre "Casanova"-Novelle wird voraussichtlich genug Papier da
1206 2932 1681 3014 nurmmeisteri,
775 2910 2921 3088 sein. Ich muss mein Papier für die notwendigsten Neuauflagen und Neu-
1121 2959 1203 3017 comme au comité
772 3022 2907 3184 ausgaben einteilen, das ist ja der Grund, weshalb ich Gesamtaussaben
778 3149 2816 3278 nur drucken kann, wenn mir Extrazuweisungen dafür gemacht werden.
964 3245 2855 3396 Sie haben wegen der "Grossen Szene" depeschiert, dass es dem
