3207 3993
1163 292 2036 448 S. FISCHER / VerLAG
533 346 635 459 Blatz
584 692 2833 831 Fronttheater in Colmar bewilligt werden soll. Wir haben auf eine Anfrage
579 811 2819 942 des Fronttheaters gewartet, da sie nicht eingetroffen ist, so haben wir
587 913 2419 1064 annehmen müssen, dass auf die Aufführung verzichtet wurde.
925 1038 1648 1163 Mit herzlichen Grüssen
2141 1115 2272 1203 Ihr
2076 1183 2751 1393 Fischer
771 1421 2825 1665 N. B. Von Ihrer Depesche bezüglich "Schwestern" habe ich Kenntnis
618 1685 927 1804 genommen.
780 1713 2797 1878 Sehr gern will ich von Ihrer Novelle etwa 100 Luxusexemplare auf
2241 1795 2547 1863 m m m m r
1688 1812 2173 1897 cunmmeaamme että
615 1829 2853 1971 Büttenpapier drucken, die Sie dann selbst signieren müssten. Vielleicht
630 1931 2763 2073 wäre auch von einem guten Graphiker eine Radierung dazu zu bekommen.
627 2036 2836 2201 Eine solche Liebhaberausgabe kann wohl 100 - 125 Mark gebunden kosten.
641 2119 2919 2289 Wir müssen dann eben eine Subskriptionsliste versenden, um festzustellen,
641 2249 2816 2394 ob sich die erforderliche Anzahl Abnehmer dafür findet. Ich mache das
644 2363 2249 2502 auch mit dem Buche von Wassermann und Beer-Hofmann.
