3220 3975
1190 298 2073 468 S. FISCHER / VerLAG
468 394 668 531 2. Blatt
2526 456 2613 579 G.C.P
573 617 2836 808 ich würde sie einhalten, ohne grosse Hoffnungen an seine Entwicklungs
573 781 2833 934 fähigkeit zu knüpfen. Das war der Grund, weshalb ich bei Zifferer die
576 886 2866 1068 Frage angeschnitten habe, ob etwa für Rosenbaum nicht der Sekretariats
579 954 2601 1145 posten am Burgtheater für beide Telle die bessere Lösung wäre.
579 1086 2839 1235 So wie die Dinge jetzt liegen, muss ich beispielsweise nächsten Monat
588 1139 2875 1342 einen meiner Prokuristen nach Wien schicken, um die ersten technischen
591 1277 2848 1426 Anordnungen in die Wege zu leiten. Ich habe Zweifel und Befürchtungen
594 1393 2971 1572 ob mit der Wiener Druckerei die Sache klappen wird und ob die Verpackungs
594 1452 2908 1646 und Versendungsmassnahmen sachkundig und zuverlässig ausgeführt werden.
596 1578 2851 1766 Ich glaube nieht, ob ich das Rosenbaum überlassen kann. In jedem Fall
602 1712 2929 1870 möchte ich Sie aber bitten, dass Rosenbaum von meinen Zweifeln zunächst
605 1795 2866 1954 nichts erfährt, denn wenn er sich auf die Stellung bei mir stützt, so
602 1885 2890 2085 will ich ihn nicht entmutigen, ohne selbst die entscheidende Erfahrung
605 2043 1402 2198 an ihm gemacht zu haben.
838 2082 2884 2258 Es wird mir überhaupt ein bisschen bange, wenn ich an die sehr
614 2192 3009 2365 Schwierigen Verhältnisse und an die bedeutende Verteuerung der Produktion
614 2308 2959 2455 in Oesterreichndenke, denn Prinzhorn hat mich etwas überteuert, und ich
614 2410 2857 2574 bin auch ganz in den Händen der Druckerei, wenn nicht ein tüchtiger,
1426 2529 1536 2592 G.C.H.F.P
623 2517 2991 2675 geschäftsgewandter Mann in Wien sitzt, der auch andere Quellen gegebenen
617 2657 1575 2812 Falls zu erschliessen vermag.
2738 2675 2920 2798 autre
853 2762 1602 2908 Mit herzlichen Grüssen
1921 2789 2052 2944 Ihr
1983 2804 2708 3048 F. Fischer
683 2982 2851 3197 Der Weg ins Freie» isz inzwischen fertig geworden, wir-haben 5000
641 3132 2857 3325 Exemplare gedruckt. Die Honorargutschrift wird Ihnen von Berlin aus
638 3317 931 3457 zugehen.
