3297 4152
1135 404 1874 574 Fischer / Verlag / A.=
1445 613 1978 709 Theaterabteilung
745 637 2687 778 Bankkonto: Deutsche Bank, Depositenkasse P in Berlin / Postscheckkonto; Berlin Nr. 16692
1162 753 2272 811 Fernsprechanschlüsse: Amt Lützow Nr. 6162 bis 6164
1110 794 2297 879 Telegramm-Adresse: Fischerverlag 6162, Berlinlützow
813 775 1033 918 Ma/Ro.
1547 846 1888 959 Bülowstratze 90
2061 852 2613 995 den 25. Juni 1927.
1055 1044 1261 1159 Herrn
1360 1052 1717 1239 Br. Arthur
1761 1069 2467 1228 Schnitzler,
2671 1085 2912 1253 1 en 4
1176 1297 2080 1473 Sehr verehrter Herr Doktor!
1039 1429 2962 1613 Herr Donath hat mir auf mein Ersuchen noch einige Exempla-
805 1596 3014 1761 re seines Stückes übermittelt, die ich an dafür in Betracht kommen-
805 1684 1745 1830 de Direktoren versandt habe.
1033 1805 2987 1923 Hartung hat auch ähnliche Einwendungen gegen die Aufführung
811 1901 2951 2058 des "Gang zum Weihern" an seinem Theater erhoben wie das Burgthea-
808 1992 2989 2116 ter, nämlich dass für den kammerspielartigen Charakter des Stückes
2731 2096 2879 2165 G.C.H.F.P.
2574 2102 2660 2168 V.W.
811 2096 2945 2247 ein kleineres Haus eher in Frage käme. Dieses ist auch der Grund,
2764 2212 2860 2272 G.F.P
808 2209 2951 2322 weshalb ich es gern im Renaissande-Theater, das tatsächlich eines
813 2311 2943 2467 der schönsten des Gontinent sein dürfte, aufgeführt sehen möchte.
2390 2407 2695 2481 Gesundt
805 2407 2951 2517 Aber solange Tagger dort hamst, wird es wohl kaum zu verantworten
1970 2508 2423 2613 in Deutschland
1360 2508 1638 2627 geklärt
808 2517 995 2643 sein.
1061 2569 2846 2739 Herr Dr.Adler hat sich in der von Ihnen erwähnten Ange¬
802 2717 2811 2827 legenheit, soweit ich feststellen kann, nicht an uns gewandt.
1058 2835 2748 2940 Die Adresse von Dr. Wenzel Goldbaum ist: Berlin W.66
794 2915 1294 3052 Wilhelmstr. 52.
2080 3020 2352 3135 ebensten
1104 3025 1324 3124 G.C.H.F.S
