3049 3865
1317 180 1454 320 564
587 273 2528 492 Fischer/Verlag/Berlin M 57/Bülowstraße 90.
369 342 541 533 S.
560 424 2364 579 Bankkonto: Deutsche Bank, Depositenkasse P in Berlin / Postscheckkonto; Berlin Nr. 16892
877 522 2071 598 Fernsprechanschlüsse: Amt Lütsow Nr. 1662. 6162 und 9292
694 541 883 691 71. /Ro.
1634 495 2735 743 den 4. Juli 1922.
628 667 844 776 Herrn
1120 680 1850 899 Dr. Arthur Schnitzler,
2006 760 2134 954 Hier
2205 940 2432 1093 G.C.H.F.P
1752 967 2041 1082 G.H.F.P.
1175 956 1686 1118 Lieber Freund!
1052 1049 2845 1210 Ich meine, dass die Verrechnung für die Kinzelausgaben
664 1164 2752 1309 nicht so zu verstehen ist, dass jedes Exemplar verrechnet wird,
680 1257 2853 1402 sondern dass je nach Absatz ¾,½, oder 1/1 Auflagen bei Abschluss
680 1369 2763 1527 des Rechnungsjahres verrechnet werden. Das bezieht sich wie ge-
683 1451 2828 1618 sagt nur auf die Sinzelausgaben und soll also nicht heissen, dass
680 1568 2708 1705 immer eine Auflage erst nach vollständigem Verkauf verrechnet
683 1683 2883 1834 wird. Es ist ja bei den jetzigen hohen Preisen kaum anders möglich,
683 1771 2776 1905 Die Tantième kann tatsächlich nur von verkauften Exemplaren be-
689 1891 2653 2028 zahlt werden, da ja das Risiko der Herstellung immer weiter
697 2006 951 2129 steigt.
1096 2066 2787 2208 Sie wollen wissen, wie ich mit Hauptmann die Bezah-
702 2153 2842 2331 lund der Gesamtausgabe handhabe. Das geschieht in mehreren Raten.
708 2265 2847 2418 Von Hauptmann, Gesamt ausgabe druck ich gleich 10 000 auf einmal,
713 2388 2798 2538 was natürlich für mich eine bedeutende Kostenersparnis mit sich
719 2492 2828 2623 bringt und da nach den bisherigen Erfahrungen in einigen Monaten
724 2563 2836 2727 die Auflage verkauft ist, so liegen die Verhältnisse für mich in
721 2708 1954 2836 diesem Falle günstiger wie bei Ihnen.
2145 2765 2779 2896 Korrespondenz mit
1115 2779 2115 2943 Wenn Ihnen Hugo Heller von ein
732 2875 2825 3030 mir gesprochen hat, so hat er Ihnen wahrscheinlich verschwiegen,
2011 2967 2735 3112 indem er sich mit ein
738 2992 1872 3129 dass er eine Spekulation machen wo
2167 3069 2831 3222 die im Herbst not¬
741 3088 1924 3235 grossen Posten von Büchern eindecke
2230 3164 2872 3301 habe gegen diese Spe¬
749 3200 1967 3328 wendigerweise viel teuerer sein müsse.
773 3268 2814 3435 kulation Front gemacht, weil die Preiserhöhungen, die jetzt kom-
2394 3399 2804 3558 entziehen wüns
984 3407 1995 3566 zum Autor und den Verleger die Me
