3112 4039
1212 433 1386 588 835
694 478 2170 734 S. Fischer/Verlag / A.=G. Berlin M 57.
450 711 2420 821 Bankkonto: Deutsche Bank, Depositenkasse P in Berlin / Postscheckkonto; Berlin Nr. 1669a
852 765 2007 888 Fernsprechanschlüsse: Amt Lützow Nr. 6162 bis 6164
1257 832 1628 947 Bülowstraße 90
871 866 2013 1051 Telegramm-Adresse: Fischerverlag 6162 Berlinlützow
2038 1029 2437 1169 19. Nov. 27
337 1074 526 1217 F/Si.
630 1341 1122 1493 Lieber Freund,
582 1411 2446 1616 ich danke Ihnen für Ihren Brief vom 7. ds. M. Wegen des
2049 1538 2173 1605 G.C.P
484 1549 2606 1701 Ergänzungsbandes ist ja nun alles klar; wenn Sie mir die authen-
495 1692 2533 1858 tischen Texte schicken können wir mit dem Satz bald beginnen.
486 1788 2643 1900 Die Frage der Herausgabe des Ergänzungsbandes vor Weihnachten hat
492 1900 2657 2041 sich als garnicht diskutabel herausgestellt, denn die Druckereien
1316 1982 1400 2044 tet
492 1957 2727 2187 und Bindereien sind noch so beschäftigt, dass daran nicht zu denken
495 2142 647 2224 ist.
588 2159 2690 2331 Inzwischen sind von Ullstein die Fahnen von „THERISE „ bei uns
503 2235 2763 2423 eingetroffen. Die Fahnen sind, wie ich sehe, durchkorrigiert; sollen
498 2398 2631 2558 diese Korrekturen für den Satz der Buchausgabe massgebend sein?
596 2527 2693 2659 Alle anderen Fragen können wir ja persönlich besprechen, da die
1937 2586 2193 2654 Mais le dernier russe.
506 2589 2659 2780 erfreuliche Aussicht besteht, Sie Ende dieses Monats in Berlin zu
509 2758 731 2848 sehen.
1476 2775 2235 2957 Mit herzlichen Grüssen
1580 2896 2097 2997 S. FISCHER, VERLAG
1608 2974 2055 3092 AKTiEGESELISCHAFT
1709 3028 1951 3149 Thi
1715 3078 2322 3298 Sfische.
