3129 3959
1331 237 1502 411 637.
645 602 745 790 3.
900 778 2925 918 weil die Banken sich auch Zeit lassen. Um diese Schwierigkeiten
2078 854 2343 941 und liebe
2369 862 2451 921 G.C.P.
1487 864 1928 951 Harme xxx si
908 900 2836 1035 aus dem Wege zu räumen, habe ich mich jedoch erbötig gemacht
1627 974 1790 1038 G.C.H.F.P
2055 972 2142 1025 G.F.P.
900 1007 2920 1122 Herrn Dr. Marill abzunehmen, für Pünktlichkeit Sorge zu tragen.
1395 1076 1742 1142 G.H.F.P.P
908 1063 2836 1247 Ich würde es dann so einrichten, dass Sie durch Ihre hiesige
1979 1168 2448 1237 G.C.F.W.S.
1706 1176 1907 1250 G.C.H.F.P.S
903 1178 2502 1352 Bankverbindung ohne Schaden zu Ihrem Gelde kommen.
2262 1275 2343 1336 G.C.F.S.
1469 1275 1650 1339 G.C.F.P.S.
892 1288 1724 1459 Zu 2) Auslands-Abrechnung:
1280 1392 2874 1543 Sie erhalten die Original-Währung und zwar werden
903 1466 2927 1650 die kleinen Beträge immer auf eine einzelne hochwertige Währung
1571 1584 2032 1673 benpielnense
892 1617 2711 1714 zusammengerechnet, d.h. bis es 50 Schweizer Franken oder
903 1706 2889 1841 20 Dollar sind, um Ihnen diesen Betrag dann überweisen zu kön-
903 1813 1058 1966 nen,
1280 1826 2833 1992 Zum Schluss folgende Bitte. - Es sind nun unend-
898 1948 2836 2109 lich viele Einzelheiten, in denen Rückfragen und Erklärungen
1984 2048 2173 2106 G.C.H.S.
908 2027 2922 2185 ungeheuer kompliziert und umständlich sind. Ich wäre Ihnen des-
1357 2147 2088 2221 in diesen Punkten
905 2180 2874 2285 wegen dankbar, wenn Sie mir in volles Vertrauen schenkten und
908 2262 2902 2407 mir gestatten würden, definitiv alles so zu regeln, dass nicht
903 2366 2155 2514 immer neue Differenzen hinterherkommen.
1285 2440 2815 2614 Alles in allem sehe ich eine vernünftige Lösung
913 2565 2848 2731 voraus, wenngleich es nicht leicht ist, mit Herrn Fischer zu
910 2690 1272 2813 verhandeln.
1280 2726 2925 2910 Rasch noch etwas persönliches, Wir unterhielten uns
913 2876 2853 3001 in der angenehmsten Weise, und ich muss offen sagen, dass ich
918 3001 2943 3116 mich recht emüsiert habe. All dies, Mühe und Amüsement, erfüllt
923 3073 2915 3238 seinen Zweck, wenn ich Ihnen endlich die leidenen Geschichten
915 3190 1688 3307 vom Halse schaffen kann.
1285 3238 2920 3407 Hier sieht es sehr unangenehm aus, und man ist sehr
921 3356 2966 3504 bedrückt. Deswegen kann ich Ihnen auch nur diesen Bericht senden
