2953 3927
886 499 2119 635 eines Briefes von Brandt & Kirpatric
736 505 854 609 F.T.
629 600 1519 736 New-York vom 22. April 192.
612 824 2467 928 Mit Bezug auf die Liste der in Amerika veröffentlichten
301 895 2532 984 Bücher Schnitzlers, die wir Ihnen am 23.2. gesandt haben: Wir haben
298 960 2529 1040 alle Verleger auf dieser Liste und die Meisten davon wünschen nicht
287 990 2606 1117 zu verkaufen. Tatsächlich besitzen die Meisten keinerlei Druckplatten
287 1079 2603 1179 sondern haben die Bücher von England eingeführt. Ich möchte das fest-
296 1126 2355 1212 stellen, damit Sie den Standpunkt von Mr. Liveright verstehen.
615 1155 2565 1262 Mr. L. wünscht eine Schnitzler-Ausgabe zu veröffentlichen.
355 1232 2615 1324 er ist wirklich ernst interessiert. (Mr. Knopf hat Bedenken im jetzi-
290 1282 2535 1368 gen Augenblick daran zu gehen, weil er es für ein zu grosses Unter-
293 1330 2668 1427 nehmen hält und weil er selbst Europa in Kürze verlässt.) Mr. L. wünscht
296 1398 2615 1472 sich nur dann damit zu befassen, wenn kein anderer Amerikanischer Ver-
1132 1445 2467 1540 seine Veröffentlichung hemmen können. Er
1014 1460 1144 1522 die
298 1466 1022 1528 leger Rechte ausübt,
1014 1495 1144 1540 LAMak
293 1489 2568 1581 wünscht eine kompletterzu veranstalten, unter der Bedingung, dass er
298 1557 2473 1664 das erste Vorrecht auf die neuen Sachen hat, für den Zeitraum von
358 1625 612 1720 Jahren.
626 1610 2597 1735 Eine der Schwierigkeiten für die Verhandlung mit dem Ameri-
290 1711 2615 1803 kanischen Verlegen ist die, (ich habe zwei andere Verleger, die inter-
301 1773 2568 1862 essiert sind, wenn auch nicht ganz in so hohem Masse wie Mr. L.) dass
296 1835 2497 1903 es zuviel Leute gibt, die Schnitzler's Bücher in Amerika anbieten.
293 1868 2568 1971 Mr. L. erzählt mir, dass zwei andere Vertreter ihn in der vergangenen
304 1936 2562 2009 Woche mit Büchern von Schnitzler besucht haben. Sie sehen, auf diese
307 1986 2553 2071 Weise weiss ein Verleger nicht, woran er ist. Wenn er von einem Ver-
307 2039 2538 2131 treter kauft, hat er keine Sicherheit, dass ein anderer nicht einem
304 2071 2571 2172 anderen etwas verkaufen würde, das mit seiner Veröffentlichung colli¬
304 2151 2565 2231 diert. Die Herstellungsverhältnisse sind heute schwierig und ein Ver
304 2193 2556 2278 leger möchte sicher sein, dass er die Chance hat, seine Bücher unter
301 2240 2488 2334 zubringen. Wenn Verschiedenes von einem Autor in derselben Saison
307 2272 2636 2399 bei verschiedenen Verlegern erscheint, werden die Bücherlager gefüllt,
313 2373 1814 2453 ohne dass die Bücher verkauft werden können.
632 2402 2674 2532 Nun, um in der Lage zu sein, mit Mr. L. abschliessen zu können
298 2456 1404 2574 müssen wir folgende Dinge wissen;
1652 2488 2467 2603 aber sie müssen genauere
638 2544 1398 2636 Boni und L. sind intere¬
1551 2515 2603 2657 tuation. Sie kümmern sich nicht
298 2562 1356 2674 Kenntnis haben, bezw. der Copir
310 2633 2592 2707 darum, ob einige Bücher geschützt sind oder nicht. Sie würden tatsäch
307 2689 2529 2766 lich vorziehen, festzustellen, dass keine von ihnen geschützt sind.
316 2736 2574 2831 Aber gibt es gewisse Amerikanische Verleger, die den Anspruch erhebe
319 2816 2518 2875 könnten, dass B.+L. nicht eine komplette Serie von Schnitzler ver-
316 2837 2618 2928 öffentlichen könnten, ohne zuerst mit ihnen eine vereinbarung zu treffe
1235 2917 2571 2993 parlan" veröffentlicht und einen Band ent-
316 2928 1209 2990 B.+ L. haben schon "Berta G
316 2964 2544 3035 haltend den Anatol-Cyklus und den Cyklus "Lebendige Stunden und "De
322 3017 2506 3094 grünen Kakadu“. Es gibt auch eine möglicher Weise nicht geschützte
1531 3064 2388 3141 L. haben den Eindruck, da
319 3070 1350 3159 Ausgabe von "Der Weg ins Freie"
1705 3120 2367 3200 ber sie wissen es nicht
319 3126 1410 3197 Praxis alles übrige nicht geschüt
1900 3165 2311 3242 ber feststel
322 3188 1117 3245 könnten im Laufe weniger
2033 3227 2290 3301 vorziehe
334 3230 1359 3292 wir würden diese Information von
322 3292 1244 3348 möchten einen vollständigen
331 3339 1253 3392 viel Bände nach Fischers Beu
621 3389 1226 3457 würde es erfordert.
547 3437 1215 3513 neue Uebersetzungen
