<?xml version="1.0" encoding="UTF-8" standalone="yes"?>
<PcGts xmlns="http://schema.primaresearch.org/PAGE/gts/pagecontent/2013-07-15" xmlns:xsi="http://www.w3.org/2001/XMLSchema-instance" xsi:schemaLocation="http://schema.primaresearch.org/PAGE/gts/pagecontent/2013-07-15 http://schema.primaresearch.org/PAGE/gts/pagecontent/2013-07-15/pagecontent.xsd">
    <Metadata>
        <Creator>prov=READ-COOP:name=TrHtr:version=2.1.0:model_id=51170:date=27_07_2023_22:36</Creator>
        <Created>2023-05-02T08:12:56.920+02:00</Created>
        <LastChange>2023-07-27T22:36:09.809+02:00</LastChange>
        <TranskribusMetadata docId="1416743" pageId="54955858" pageNr="1100" tsid="131306811" status="IN_PROGRESS" userId="64420" imgUrl="https://files.transkribus.eu/Get?id=MFGSBJYKZKFCOTOONJETVOBM&amp;fileType=view" xmlUrl="https://files.transkribus.eu/Get?id=LTBRLPRLFGWJTCRPUSAZQRTO" imageId="44459583"/>
    </Metadata>
    <Page imageFilename="1416743_1100.jpg" imageWidth="3065" imageHeight="4023">
        <ReadingOrder>
            <OrderedGroup id="ro_1711826955247" caption="Regions reading order">
                <RegionRefIndexed index="0" regionRef="tr_1"/>
                <RegionRefIndexed index="1" regionRef="tr_2"/>
            </OrderedGroup>
        </ReadingOrder>
        <TextRegion id="tr_1" custom="readingOrder {index:0;}">
            <Coords points="373,343 2802,343 2802,2633 373,2633"/>
            <TextLine id="tr_1_tl_1" custom="readingOrder {index:0;}">
                <Coords points="1250,411 1270,405 1285,417 1299,403 1308,403 1330,420 1339,411 1365,420 1385,417 1390,283 1376,283 1350,303 1336,297 1279,320 1253,314"/>
                <Baseline points="1265,402 1307,393 1351,393 1396,396"/>
                <TextEquiv>
                    <Unicode>1916</Unicode>
                </TextEquiv>
            </TextLine>
            <TextLine id="tr_1_tl_2" custom="readingOrder {index:1;}">
                <Coords points="708,508 991,497 1079,551 1348,497 2164,525 2210,520 2210,368 1961,348 1710,428 708,411"/>
                <Baseline points="725,492 740,495 784,492 829,492 874,492 919,489 963,492 1008,489 1053,486 1098,486 1143,486 1187,486 1232,486 1277,489 1322,489 1366,486 1411,486 1456,486 1501,486 1545,486 1590,486 1635,486 1680,486 1724,486 1769,486 1814,486 1859,486 1904,489 1948,489 1993,489 2038,489 2083,492 2127,489 2172,489 2217,489"/>
                <TextEquiv>
                    <Unicode>S. Fischer Verlag / Berlin Wör Búlowstratze 90</Unicode>
                </TextEquiv>
            </TextLine>
            <TextLine id="tr_1_tl_3" custom="readingOrder {index:2;}">
                <Coords points="1128,608 1225,620 1345,594 1416,617 1490,597 1525,622 1633,594 1673,620 1727,614 1787,600 1787,514 1336,497 1128,522"/>
                <Baseline points="1143,552 1166,546 1211,549 1256,549 1301,546 1345,546 1390,549 1435,546 1480,549 1525,549 1569,549 1614,546 1659,546 1704,546 1748,546 1793,549"/>
                <TextEquiv>
                    <Unicode>AKTIEGESESELISCHAFT</Unicode>
                </TextEquiv>
            </TextLine>
            <TextLine id="tr_1_tl_4" custom="readingOrder {index:3;}">
                <Coords points="460,688 1899,660 2193,728 2470,677 2432,611 2238,594 460,625"/>
                <Baseline points="474,653 519,653 564,653 608,656 653,653 698,653 743,653 787,653 832,653 877,653 922,650 966,653 1011,653 1056,653 1101,653 1146,653 1190,653 1235,653 1280,653 1325,653 1369,653 1414,653 1459,653 1504,653 1548,653 1593,653 1638,653 1683,653 1727,653 1772,656 1817,656 1862,656 1907,656 1951,656 1996,659 2041,656 2086,656 2130,656 2175,656 2220,656 2265,656 2309,656 2354,656 2399,656 2444,653 2477,656"/>
                <TextEquiv>
                    <Unicode>Bankkonto: Deutsche Bank, Depositenkasse P in Berlin / Postscheckkonto Berlin Nr. 16892</Unicode>
                </TextEquiv>
            </TextLine>
            <TextLine id="tr_1_tl_5" custom="readingOrder {index:4;}">
                <Coords points="888,708 2036,731 2036,668 2001,660 888,677"/>
                <Baseline points="904,707 949,707 993,707 1038,710 1083,710 1128,710 1172,710 1217,707 1262,707 1307,707 1351,710 1396,710 1441,710 1486,710 1531,710 1575,710 1620,710 1665,710 1710,707 1754,707 1799,707 1844,707 1889,707 1933,710 1978,710 2023,710 2044,713"/>
                <TextEquiv>
                    <Unicode>Fernsprechanschlüsse: Amt Lützow Nr. 6162 bis 6164</Unicode>
                </TextEquiv>
            </TextLine>
            <TextLine id="tr_1_tl_6" custom="readingOrder {index:5;}">
                <Coords points="891,788 1042,814 1333,765 1490,837 1764,788 1853,828 2038,805 2038,728 1967,717 891,711"/>
                <Baseline points="907,764 952,761 996,764 1041,764 1086,764 1131,764 1175,764 1220,764 1265,764 1310,764 1354,764 1399,764 1444,764 1489,764 1533,764 1578,766 1623,766 1668,764 1713,764 1757,766 1802,764 1847,764 1892,764 1936,764 1981,764 2026,766 2047,766"/>
                <TextEquiv>
                    <Unicode>Telegramm-Adresse: Fischerverlag 6162 Berlinlützow</Unicode>
                </TextEquiv>
            </TextLine>
            <TextLine id="tr_1_tl_7" custom="readingOrder {index:6;}">
                <Coords points="1762,1065 1899,1071 2010,1034 2036,1048 2107,1019 2158,1019 2158,934 2130,942 2073,908 2030,934 1996,914 1936,925 1887,899 1841,919 1819,908 1762,925"/>
                <Baseline points="1778,1002 1823,999 1868,1002 1913,1002 1957,1002 2002,1002 2047,1005 2092,1002 2136,999 2166,1002"/>
                <TextEquiv>
                    <Unicode>28. Mai 29</Unicode>
                </TextEquiv>
            </TextLine>
            <TextLine id="tr_1_tl_8" custom="readingOrder {index:7;}">
                <Coords points="360,1028 377,1028 391,1019 397,1022 403,1019 411,1028 414,1025 417,1028 434,1008 451,1011 445,954 411,956 391,948 383,956 371,945 354,948"/>
                <Baseline points="373,1002 417,1005 459,1008"/>
                <TextEquiv>
                    <Unicode>Si</Unicode>
                </TextEquiv>
            </TextLine>
            <TextLine id="tr_1_tl_9" custom="readingOrder {index:8;}">
                <Coords points="722,1250 1065,1213 1228,1253 1630,1231 1653,1148 1373,1162 1176,1108 1068,1116 996,1168 916,1136 722,1151"/>
                <Baseline points="737,1217 764,1214 808,1211 853,1211 898,1211 943,1211 987,1211 1032,1211 1077,1211 1122,1211 1166,1211 1211,1211 1256,1211 1301,1214 1345,1211 1390,1211 1435,1211 1480,1211 1525,1211 1569,1211 1614,1211 1659,1211"/>
                <TextEquiv>
                    <Unicode>Herrn Dr. Arthur Schnitzler</Unicode>
                </TextEquiv>
            </TextLine>
            <TextLine id="tr_1_tl_10" custom="readingOrder {index:9;}">
                <Coords points="2021,1376 2073,1393 2138,1356 2187,1376 2218,1345 2253,1353 2253,1262 2170,1248 2150,1233 2090,1268 2064,1265 2050,1279 2018,1270"/>
                <Baseline points="2035,1322 2080,1319 2124,1316 2169,1319 2214,1319 2259,1325"/>
                <TextEquiv>
                    <Unicode>Wien</Unicode>
                </TextEquiv>
            </TextLine>
            <TextLine id="tr_1_tl_11" custom="readingOrder {index:10;}">
                <Coords points="640,1499 1516,1507 1516,1433 1479,1413 1242,1368 1036,1402 934,1382 837,1428 640,1399"/>
                <Baseline points="656,1474 701,1474 746,1474 790,1474 835,1477 880,1474 925,1474 969,1474 1014,1471 1059,1471 1104,1474 1149,1471 1193,1471 1238,1471 1283,1471 1328,1471 1372,1474 1417,1474 1462,1474 1507,1480 1522,1480"/>
                <TextEquiv>
                    <Unicode>Sehr geehrter Herr Doktor,</Unicode>
                </TextEquiv>
            </TextLine>
            <TextLine id="tr_1_tl_12" custom="readingOrder {index:11;}">
                <Coords points="702,1616 2484,1616 2484,1522 2301,1485 1465,1542 702,1505"/>
                <Baseline points="719,1578 743,1578 787,1578 832,1578 877,1578 922,1578 966,1578 1011,1578 1056,1575 1101,1578 1146,1578 1190,1578 1235,1578 1280,1578 1325,1578 1369,1578 1414,1578 1459,1578 1504,1578 1548,1578 1593,1578 1638,1578 1683,1578 1727,1578 1772,1578 1817,1575 1862,1575 1907,1575 1951,1575 1996,1575 2041,1575 2086,1575 2130,1575 2175,1575 2220,1575 2265,1572 2309,1575 2354,1575 2399,1575 2444,1575 2489,1572"/>
                <TextEquiv>
                    <Unicode>wir haben dem polnischen Verlag SCREDE in Ihrem Sinne</Unicode>
                </TextEquiv>
            </TextLine>
            <TextLine id="tr_1_tl_13" custom="readingOrder {index:12;}">
                <Coords points="548,1719 2144,1687 2518,1753 2498,1607 548,1639"/>
                <Baseline points="564,1689 599,1686 644,1686 689,1686 734,1686 778,1683 823,1683 868,1686 913,1686 957,1686 1002,1686 1047,1686 1092,1686 1137,1683 1181,1683 1226,1683 1271,1683 1316,1683 1360,1686 1405,1686 1450,1683 1495,1686 1539,1683 1584,1683 1629,1683 1674,1683 1719,1683 1763,1683 1808,1683 1853,1683 1898,1683 1942,1683 1987,1683 2032,1683 2077,1683 2121,1680 2166,1680 2211,1680 2256,1680 2300,1680 2345,1680 2390,1680 2435,1680 2480,1680 2524,1680"/>
                <TextEquiv>
                    <Unicode>geschrieben und erwarten nun Bescheid. Sollten wir zu einem</Unicode>
                </TextEquiv>
            </TextLine>
            <TextLine id="tr_1_tl_14" custom="readingOrder {index:13;}">
                <Coords points="502,1816 2318,1821 2318,1756 2124,1713 1156,1764 502,1713"/>
                <Baseline points="519,1793 564,1790 608,1790 653,1790 698,1790 743,1790 787,1787 832,1790 877,1790 922,1790 966,1790 1011,1790 1056,1787 1101,1790 1146,1790 1190,1790 1235,1787 1280,1787 1325,1790 1369,1790 1414,1787 1459,1787 1504,1787 1548,1790 1593,1790 1638,1787 1683,1787 1727,1787 1772,1787 1817,1790 1862,1790 1907,1787 1951,1790 1996,1787 2041,1787 2086,1787 2130,1787 2175,1787 2220,1787 2265,1787 2309,1790 2324,1793"/>
                <TextEquiv>
                    <Unicode>Abschluss gelangen, so erhalten Sie von uns Nachricht.</Unicode>
                </TextEquiv>
            </TextLine>
            <TextLine id="tr_1_tl_15" custom="readingOrder {index:14;}">
                <Coords points="699,1907 2447,1936 2404,1821 1599,1859 1073,1802 699,1853"/>
                <Baseline points="716,1892 752,1892 796,1892 841,1895 886,1895 931,1895 975,1895 1020,1895 1065,1895 1110,1895 1154,1895 1199,1898 1244,1895 1289,1895 1334,1895 1378,1895 1423,1895 1468,1895 1513,1895 1557,1895 1602,1895 1647,1895 1692,1892 1736,1892 1781,1892 1826,1892 1871,1892 1915,1892 1960,1892 2005,1892 2050,1892 2095,1892 2139,1892 2184,1892 2229,1892 2274,1892 2318,1889 2363,1889 2408,1889 2453,1889"/>
                <TextEquiv>
                    <Unicode>Die 22 zY. 50 ( nach Abzug unserer Provision ) M 8.10</Unicode>
                </TextEquiv>
            </TextLine>
            <TextLine id="tr_1_tl_16" custom="readingOrder {index:15;}">
                <Coords points="505,2038 2461,2053 2544,2030 2544,1919 505,1941"/>
                <Baseline points="522,1999 537,1999 581,1999 626,1999 671,1996 716,1999 761,1999 805,1999 850,1999 895,1996 940,1999 984,1999 1029,1999 1074,1999 1119,1999 1163,1999 1208,1999 1253,1999 1298,1999 1342,1996 1387,1996 1432,1996 1477,1996 1522,1996 1566,1996 1611,1999 1656,1996 1701,1996 1745,1996 1790,1996 1835,1996 1880,1996 1924,1996 1969,1996 2014,1996 2059,1996 2104,1996 2148,1996 2193,1996 2238,1996 2283,1996 2327,1996 2372,1993 2417,1993 2462,1990 2506,1990 2551,1993"/>
                <TextEquiv>
                    <Unicode>des russischen Verlages " Roj " stellen eine Abrechnungssumme</Unicode>
                </TextEquiv>
            </TextLine>
            <TextLine id="tr_1_tl_17" custom="readingOrder {index:16;}">
                <Coords points="2632,2030 2661,2021 2678,2027 2704,2010 2735,2024 2801,2013 2795,1896 2772,1896 2761,1887 2744,1899 2727,1899 2701,1876 2669,1870 2664,1879 2627,1884"/>
                <Baseline points="2644,1993 2688,1993 2733,1993 2778,1999 2802,1999"/>
                <TextEquiv>
                    <Unicode>be</Unicode>
                </TextEquiv>
            </TextLine>
            <TextLine id="tr_1_tl_18" custom="readingOrder {index:17;}">
                <Coords points="505,2130 2649,2150 2672,2024 505,2050"/>
                <Baseline points="522,2104 567,2101 611,2104 656,2104 701,2107 746,2104 790,2104 835,2104 880,2104 925,2104 969,2101 1014,2104 1059,2104 1104,2104 1149,2101 1193,2101 1238,2104 1283,2101 1328,2101 1372,2101 1417,2101 1462,2101 1507,2101 1551,2101 1596,2101 1641,2101 1686,2098 1730,2101 1775,2101 1820,2101 1865,2101 1910,2098 1954,2101 1999,2101 2044,2098 2089,2098 2133,2098 2178,2098 2223,2098 2268,2098 2312,2098 2357,2098 2402,2098 2447,2098 2491,2098 2536,2098 2581,2101 2626,2101 2671,2107 2680,2104"/>
                <TextEquiv>
                    <Unicode>dar. Wir geben Ihnen inliegend eine Abschrift des Briefes "Roj",</Unicode>
                </TextEquiv>
            </TextLine>
            <TextLine id="tr_1_tl_19" custom="readingOrder {index:18;}">
                <Coords points="505,2261 2441,2253 2547,2238 2547,2150 505,2176"/>
                <Baseline points="522,2208 540,2208 584,2205 629,2205 674,2205 719,2205 764,2205 808,2205 853,2205 898,2208 943,2205 987,2208 1032,2205 1077,2205 1122,2205 1166,2205 1211,2205 1256,2205 1301,2205 1345,2205 1390,2205 1435,2205 1480,2205 1525,2205 1569,2208 1614,2208 1659,2205 1704,2205 1748,2205 1793,2205 1838,2205 1883,2205 1927,2205 1972,2205 2017,2205 2062,2205 2107,2205 2151,2205 2196,2205 2241,2202 2286,2202 2330,2202 2375,2202 2420,2202 2465,2202 2509,2199 2554,2205"/>
                <TextEquiv>
                    <Unicode>aus dem Sie das Nähere ersehen. Der Vertrag ist im Jahre 27</Unicode>
                </TextEquiv>
            </TextLine>
            <TextLine id="tr_1_tl_20" custom="readingOrder {index:19;}">
                <Coords points="505,2330 2353,2338 2552,2313 2552,2230 505,2261"/>
                <Baseline points="522,2312 546,2312 590,2312 635,2309 680,2309 725,2309 769,2309 814,2309 859,2306 904,2306 949,2306 993,2306 1038,2306 1083,2306 1128,2309 1172,2306 1217,2306 1262,2306 1307,2306 1351,2306 1396,2306 1441,2309 1486,2306 1531,2306 1575,2306 1620,2306 1665,2306 1710,2306 1754,2306 1799,2306 1844,2306 1889,2309 1933,2309 1978,2309 2023,2309 2068,2306 2112,2306 2157,2306 2202,2306 2247,2306 2292,2306 2336,2306 2381,2306 2426,2306 2471,2306 2515,2303 2560,2306"/>
                <TextEquiv>
                    <Unicode>geschlossen worden und die Garantiezahlung von 150 M ist mit</Unicode>
                </TextEquiv>
            </TextLine>
            <TextLine id="tr_1_tl_21" custom="readingOrder {index:20;}">
                <Coords points="477,2458 1896,2418 2452,2472 2487,2315 1642,2384 477,2338"/>
                <Baseline points="492,2417 522,2414 567,2414 611,2417 656,2417 701,2414 746,2414 790,2414 835,2411 880,2414 925,2414 969,2414 1014,2414 1059,2414 1104,2414 1149,2414 1193,2417 1238,2414 1283,2414 1328,2414 1372,2414 1417,2414 1462,2411 1507,2411 1551,2411 1596,2411 1641,2414 1686,2411 1730,2411 1775,2411 1820,2411 1865,2411 1910,2411 1954,2411 1999,2411 2044,2411 2089,2411 2133,2411 2178,2411 2223,2411 2268,2414 2312,2414 2357,2411 2402,2411 2447,2411 2491,2414"/>
                <TextEquiv>
                    <Unicode>Ihnen laut Kortauszug vom 17/7. 27. verrechnet worden. Diese</Unicode>
                </TextEquiv>
            </TextLine>
            <TextLine id="tr_1_tl_22" custom="readingOrder {index:21;}">
                <Coords points="768,2478 788,2475 808,2487 817,2478 831,2481 848,2472 862,2484 885,2470 894,2475 925,2470 939,2484 954,2484 954,2432 928,2435 902,2424 891,2435 885,2430 811,2435 768,2427"/>
                <Baseline points="784,2468 829,2468 874,2468 919,2468 960,2468"/>
                <TextEquiv>
                    <Unicode>wurde</Unicode>
                </TextEquiv>
            </TextLine>
            <TextLine id="tr_1_tl_23" custom="readingOrder {index:22;}">
                <Coords points="474,2547 2207,2532 2207,2478 1896,2418 1679,2484 474,2458"/>
                <Baseline points="489,2521 513,2518 558,2521 602,2521 647,2518 692,2518 737,2518 781,2521 826,2524 871,2521 916,2521 960,2521 1005,2518 1050,2518 1095,2518 1140,2518 1184,2518 1229,2518 1274,2518 1319,2518 1363,2518 1408,2518 1453,2518 1498,2515 1542,2518 1587,2518 1632,2518 1677,2518 1722,2518 1766,2515 1811,2515 1856,2515 1901,2515 1945,2515 1990,2512 2035,2515 2080,2518 2095,2521 2124,2518 2169,2515 2214,2515"/>
                <TextEquiv>
                    <Unicode>Abmachung ist Ihnen am 25° April 27 gemeldet.</Unicode>
                </TextEquiv>
            </TextLine>
            <TextLine id="tr_1_tl_24" custom="readingOrder {index:23;}">
                <Coords points="708,2667 2684,2658 2712,2530 1259,2589 708,2535"/>
                <Baseline points="725,2620 769,2620 814,2623 859,2623 904,2623 949,2623 993,2623 1038,2623 1083,2623 1128,2623 1172,2623 1217,2623 1262,2623 1307,2623 1351,2623 1396,2623 1441,2623 1486,2623 1531,2623 1575,2620 1620,2623 1665,2623 1710,2620 1754,2623 1799,2620 1844,2620 1889,2620 1933,2620 1978,2620 2023,2620 2068,2620 2112,2620 2157,2623 2202,2623 2247,2623 2292,2623 2336,2620 2381,2620 2426,2620 2471,2620 2515,2620 2560,2620 2605,2620 2650,2620 2694,2620 2718,2620"/>
                <TextEquiv>
                    <Unicode>Ihre Annahme, dass Herr Alexander mit der T. I.L.A. identisch</Unicode>
                </TextEquiv>
            </TextLine>
        </TextRegion>
        <TextRegion id="tr_2" custom="readingOrder {index:1;}">
            <Coords points="211,2674 2736,2674 2736,3746 211,3746"/>
            <TextLine id="tr_2_tl_1" custom="readingOrder {index:0;}">
                <Coords points="434,2744 1913,2735 2438,2804 2649,2789 2652,2661 1390,2709 434,2647"/>
                <Baseline points="450,2730 495,2727 540,2727 584,2730 629,2730 674,2727 719,2730 764,2730 808,2727 853,2730 898,2730 943,2727 987,2727 1032,2727 1077,2727 1122,2730 1166,2730 1211,2727 1256,2727 1301,2730 1345,2727 1390,2727 1435,2727 1480,2727 1525,2727 1569,2727 1614,2727 1659,2727 1704,2727 1748,2727 1793,2727 1838,2727 1883,2730 1927,2727 1972,2727 2017,2727 2062,2727 2107,2724 2151,2724 2196,2724 2241,2724 2286,2724 2330,2727 2375,2724 2420,2724 2465,2727 2509,2727 2554,2727 2599,2727 2644,2727 2659,2730"/>
                <TextEquiv>
                    <Unicode>ist, ist ein Irrtum. Herr E. Alexander ist Direktor der „European</Unicode>
                </TextEquiv>
            </TextLine>
            <TextLine id="tr_2_tl_2" custom="readingOrder {index:1;}">
                <Coords points="440,2846 2684,2846 2649,2784 1819,2735 1525,2795 440,2749"/>
                <Baseline points="456,2832 498,2829 543,2832 587,2832 632,2832 677,2832 722,2832 766,2832 811,2835 856,2835 901,2835 946,2832 990,2832 1035,2835 1080,2835 1125,2835 1169,2835 1214,2835 1259,2832 1304,2829 1348,2832 1393,2832 1438,2832 1483,2829 1528,2832 1572,2829 1617,2829 1662,2829 1707,2829 1751,2832 1796,2829 1841,2829 1886,2832 1930,2832 1975,2832 2020,2832 2065,2832 2109,2832 2154,2829 2199,2832 2244,2832 2289,2832 2333,2832 2378,2832 2423,2832 2468,2829 2512,2832 2557,2832 2602,2832 2647,2832 2691,2829"/>
                <TextEquiv>
                    <Unicode>Bocks Ltd., London.? Wir unsererseits standen nicht wegen „Bertha</Unicode>
                </TextEquiv>
            </TextLine>
            <TextLine id="tr_2_tl_3" custom="readingOrder {index:2;}">
                <Coords points="437,2955 2732,2961 2664,2844 437,2869"/>
                <Baseline points="453,2939 498,2939 543,2939 587,2939 632,2939 677,2936 722,2939 766,2939 811,2939 856,2936 901,2936 946,2936 990,2936 1035,2939 1080,2939 1125,2936 1169,2939 1214,2939 1259,2936 1304,2936 1348,2936 1393,2936 1438,2936 1483,2936 1528,2936 1572,2936 1617,2936 1662,2936 1707,2939 1751,2936 1796,2936 1841,2936 1886,2939 1930,2939 1975,2939 2020,2939 2065,2939 2109,2939 2154,2942 2199,2939 2244,2939 2289,2939 2333,2939 2378,2939 2423,2939 2468,2939 2512,2939 2557,2939 2602,2942 2647,2945 2691,2948 2736,2951"/>
                <TextEquiv>
                    <Unicode>Garlan", sondern wegen „ Therese „ mit der T.I.L.A. in Verhandlungen,</Unicode>
                </TextEquiv>
            </TextLine>
            <TextLine id="tr_2_tl_4" custom="readingOrder {index:3;}">
                <Coords points="428,3092 1119,3089 1268,3052 1616,3081 1616,2975 1565,2949 1359,2946 1151,3009 811,2961 725,3006 428,2952"/>
                <Baseline points="444,3044 489,3044 534,3047 578,3047 623,3047 668,3047 713,3047 758,3044 802,3044 847,3044 892,3044 937,3044 981,3044 1026,3044 1071,3044 1116,3047 1160,3047 1205,3044 1250,3044 1295,3041 1340,3041 1384,3044 1429,3041 1474,3041 1519,3041 1563,3044 1608,3047 1623,3047"/>
                <TextEquiv>
                    <Unicode>die ja zum Abschluss geführt haben.</Unicode>
                </TextEquiv>
            </TextLine>
            <TextLine id="tr_2_tl_5" custom="readingOrder {index:4;}">
                <Coords points="660,3186 725,3186 782,3155 951,3226 1088,3160 1225,3198 1256,3189 1256,3069 1151,3101 1091,3072 1039,3086 982,3063 914,3086 848,3058 777,3095 660,3086"/>
                <Baseline points="674,3151 719,3148 764,3151 808,3151 853,3151 898,3151 943,3151 987,3151 1032,3148 1077,3151 1122,3151 1166,3151 1211,3148 1256,3148 1262,3151"/>
                <TextEquiv>
                    <Unicode>Wir begrüssen Sie</Unicode>
                </TextEquiv>
            </TextLine>
            <TextLine id="tr_2_tl_6" custom="readingOrder {index:5;}">
                <Coords points="1653,3260 1744,3278 1910,3209 2615,3238 2592,3112 2532,3143 2404,3089 2164,3092 2061,3129 1850,3063 1724,3115 1653,3101"/>
                <Baseline points="1668,3208 1713,3205 1757,3205 1802,3202 1847,3202 1892,3202 1936,3202 1981,3205 2026,3205 2071,3202 2115,3202 2160,3202 2205,3202 2250,3202 2295,3202 2339,3202 2384,3202 2429,3202 2474,3205 2518,3205 2563,3208 2608,3211 2623,3208"/>
                <TextEquiv>
                    <Unicode>mit vorzüglicher Hochachtung</Unicode>
                </TextEquiv>
            </TextLine>
            <TextLine id="tr_2_tl_7" custom="readingOrder {index:6;}">
                <Coords points="1870,3275 1924,3292 1970,3275 2370,3280 2387,3278 2387,3218 2161,3226 2081,3209 2018,3229 1947,3215 1921,3238 1870,3226"/>
                <Baseline points="1886,3270 1901,3270 1945,3270 1990,3270 2035,3270 2080,3267 2124,3267 2169,3264 2214,3261 2259,3264 2303,3264 2348,3261 2393,3261"/>
                <TextEquiv>
                    <Unicode>S. FISCHER,VERLAG</Unicode>
                </TextEquiv>
            </TextLine>
            <TextLine id="tr_2_tl_8" custom="readingOrder {index:7;}">
                <Coords points="1899,3337 2013,3326 2070,3340 2107,3323 2141,3343 2258,3320 2278,3335 2361,3326 2361,3278 2204,3269 2158,3286 1899,3286"/>
                <Baseline points="1913,3324 1921,3321 1966,3318 2011,3315 2056,3318 2101,3315 2145,3315 2190,3315 2235,3312 2280,3312 2324,3309 2369,3303"/>
                <TextEquiv>
                    <Unicode>AKTRENGESELISCHAFT</Unicode>
                </TextEquiv>
            </TextLine>
            <TextLine id="tr_2_tl_9" custom="readingOrder {index:8;}">
                <Coords points="1844,3406 2121,3395 2193,3440 2273,3449 2301,3426 2361,3432 2418,3380 2487,3389 2487,3306 2373,3335 2255,3320 2136,3343 1844,3320"/>
                <Baseline points="1859,3384 1904,3384 1948,3384 1993,3381 2038,3381 2083,3384 2127,3381 2172,3381 2217,3381 2262,3378 2306,3381 2312,3396 2312,3396 2315,3396 2360,3390 2405,3381 2450,3375 2494,3369"/>
                <TextEquiv>
                    <Unicode>AUSLANDSABTE Ua</Unicode>
                </TextEquiv>
            </TextLine>
            <TextLine id="tr_2_tl_10" custom="readingOrder {index:9;}">
                <Coords points="194,3734 234,3737 251,3749 277,3731 303,3740 323,3734 340,3749 414,3731 414,3660 388,3663 365,3649 320,3666 305,3663 280,3683 197,3677"/>
                <Baseline points="211,3736 241,3730 286,3727 331,3730 376,3730 420,3727"/>
                <TextEquiv>
                    <Unicode>4. 29. 6000. V.</Unicode>
                </TextEquiv>
            </TextLine>
        </TextRegion>
    </Page>
</PcGts>
