3049 3896
1714 365 2053 572 57 / Bil
1176 388 1271 592 1
871 423 998 618 1
2010 526 2251 687 Berlin Nr. 1669.
420 434 699 661 P. H.
1003 526 1987 676 ###c: Amt Lützow Nr. 1662. 6162 und 9292 / Postscheckkonto:
1113 615 1854 750 THEATERABTEILUNG
1090 699 1909 865 erlin, den 31. März 1925
1504 860 2012 1003 nach hebbid ist.
630 920 1213 1113 xxx ein.assaieren
1489 932 2452 1144 nendofes xxx nellos menegiov
448 1055 658 1202 Herrn
770 1124 1173 1245 G.C.H.F.M.D.
612 1162 699 1256 G.F.P.
753 1124 1501 1340 Dr. Arthur Schnitzler
1765 1268 1872 1346 n
1898 1279 2047 1380 G.C.H.F.P
1665 1328 1949 1435 aille de
466 1377 1357 1636 Sehr geehrter Herr Doktor,
1386 1489 2737 1659 ich glaube, Ihnen schon anlasslich Ihres
1590 1622 1719 1696 uns
480 1593 2608 1797 Besuches gesagt zu haben, dass wir mit der Breslauer Funkstunde
480 1731 2734 1952 für eine Aufführung von "Liebelei" auf Mk. 75. geeinigte haben.
489 1860 2625 2015 Die Gründe, weshalb wir dies taten, werden Sie aus beiliegendem
492 1969 2702 2133 Schreiben der Breslauer Funkstunde erkennen, das viel Wahrschein
503 2050 2599 2220 lichkeit für sich hat. Im übrigen habe ich, da eine neuerliche
497 2148 2665 2337 Aufführung angesetzt war, mit Rücksicht auf Ihre anders geartete
509 2288 2700 2461 Stellungnahme der Gesellschaft geschrieben, dass sie zunächst von
515 2375 2737 2547 einer Aufführung absehen möge, da Sie höhere Forderungen stellen,
509 2510 2619 2697 als wir es bisher taten. Sie dürfen sich übrigens bei der Höhe
526 2602 2766 2815 dieser Forderung nicht an die Mk. 2000.— halten, die Dr. Goldbaum
526 2731 2838 2910 in seinem Prozess gegen die Berliner Funkstunde den er für uns führt,
526 2835 2797 3048 gefordert hat. In der Entscheidung dieses Prozesses wurde vorab nur
543 2898 2746 3160 über den Grund des Anspruches entscheiden, die Höhe ist noch un-
543 3013 2858 3254 bestimmt und wird erst im endgiltigen Urteil bekannt gegeben werden.
1662 3142 2728 3298 gewischen Mk. 75.— und Mk. 150.
561 3200 1458 3381 Die üblichen Tantiemen schwa¬
1785 3257 2435 3407 nur von den grosse
598 3335 1308 3490 ro Aufführung, wobei
2225 3401 2317 3516 wir
704 3430 1184 3614 allen, zu denen
