2909 3975
2201 496 2300 635 8
1595 505 1731 626 D'
754 467 1114 626 de même
1810 513 1902 638 or
522 597 1847 734 Anzahl von Aufführungen festgelegt wird
1836 577 2514 737 die nur dann nicht
748 664 826 728 G.H.P
522 705 2564 844 eingehalten werden muss, wenn die Einnahmen während zwei oder
516 786 2543 960 drei Aufführungen hintereinander ein noch zu fixierendes Ein
522 890 2535 1047 nahmeminimum nicht erreicht haben. Damit scheint sich Sladek
516 1012 2535 1166 gleichfalls einverstanden erklären zu wollen. Ebenso wäre er
508 1116 2468 1293 bereit eine erstklassige Aufführung in eigens zu diesem
2352 1183 2535 1288 MiteH
499 1267 2627 1392 Zweck hergestellter Dekoration vertraglich zuzusichern und eine
1575 1334 2088 1401 la stahoa rindx
516 1357 2587 1488 dem Umfang des ganzen unternehmens entsprechende Garantie vor
519 1479 2532 1598 auszubezahlen. Er erklärt aber, dass der ganze Plan für ihn
510 1595 2569 1696 hinfällig werde, wenn nicht auch die grösseren Städte, soweit
516 1688 2630 1821 sie noch frei sind, ihm reserviert blieben, da in den kleineren
513 1807 2511 1926 Orten Einnahmen, wie sie die grossen Kosten einer reisenden
513 1885 2555 2016 Gesellschaft erfordern, nicht erzielbar seien. Natürlich ver-
516 2004 2566 2137 möge er eine Sicherheit für den Plan im Augenblick noch nicht
377 2120 2520 2250 zu gehen, da er erst eenen rüsse, ob sich Theater für einen
476 2236 2566 2372 längeren Zeitraum bekommen liessen. Die Tournee würde dann im
423 2334 2526 2456 Herbet dieses Jahres beginnen.
1053 2424 1212 2488 G.C.H.F.P.
508 2436 597 2497 comme le
786 2433 1006 2508 l'a eu le même dit eu de ses ames
429 2436 2636 2581 Wir glauben nun, dass es durchaus wünschenswert
420 2540 2665 2694 ist, den Tourneegedanken in dieser Form ernsthaft zu erwägen und
409 2659 2561 2772 haben deshalb die Abschlüsse mit Breslau, Bremen und Hannover
1870 2761 2201 2836 Ce nouvelle nouveau de même
473 2755 2723 2909 (für die beiden letzteren fehlt übrigens noch Ihr Einverständnis)
452 2874 2668 3002 zurückgehalten. Nach den Skandalen in Wien und München, scheint
412 2981 2598 3123 es uns von grosser Wichtigkeit, dass das Stück tunlichst nicht
1334 3077 1653 3152 zweitrung
470 3088 2627 3239 der Geschmacklosigkeit der Provinzdirektoren ausgeliefert wird,
455 3234 2758 3320 die die Gefahr von Donenstrationen und Polizeiverboten, wenn nicht
276 3306 2607 3445 xxx hervorruft, so doch bedeutend steigert. Wird dieses Moment mit
377 3410 2706 3558 seit in Betracht gezogen, so dürfte die Tournee mit ihren Sicherheiten
980 3518 2526 3628 ebet töt saab, nachdrückenden og xxx
800 3518 992 3613 Jber
368 3515 809 3648 LamtatM efte
798 3561 989 3648 an même.
1598 3567 2581 3640 mit sich xxx wiederlich xxx nachzugestelassen xxxnde xxx
484 3616 2578 3750 wandt nach ihnen gebenrücken selbst abendschafft ist auch nach und nie sich no sie nämden ei zwden nachlach, kommst abgebracht
