3175 3863
453 313 654 410 2. Blatt
1200 287 2046 497 S. FISCHER / VerLAG
594 709 2787 861 Filiale einrichten wollte, habe ich Friese & Lang selbst angeboten,
577 847 2692 976 ihm besonders mit Rücksicht auf die in Wien zu druckenden Bücher
574 941 2827 1050 grössere Posten in Kommission zu geben, damit wir in Oesterreich von
574 1033 2844 1171 den schlechten Transportverhältnissen unabhängig werden. Das war eine
574 1137 2853 1283 Notmassnahme, die Friese nun verewigt sehen möchte. Das geht aber auf
571 1277 2801 1386 die Dauer nicht, aus den Gründen, die in unserm Brief an Friese aus-
568 1360 2778 1487 geführt sind. Wichtig ist dabei auch, dass die grossen österreichi-
574 1458 2747 1596 schen Sortimente selbst während der kritischen Zeit lieber von uns
577 1581 2784 1688 wie von Friese beziehen, wir haben immer wieder in dieser Beziehung
568 1670 2876 1805 eine ganze Anzahl Reklamationen bekommen. Der jugendlich unternehmende
565 1765 2689 1914 Herr Friese sieht aber die Sache nur von der Seite seines eignen
577 1871 976 1977 Vorteils an.
692 1954 2784 2089 Der Hauptzweck der Wiener Auslieferung war also immer der, die
565 2075 2867 2198 gangbaren Werke der deutschen Autoren und alle Bücher österreichischer
563 2175 2747 2302 Autoren in Wien ständig auf Lager zu halten, aber nicht um den ge-
594 2296 2778 2373 samten §Bedarf des österreichischen Sortiments durch Friese decken
565 2382 2744 2500 zu lassen, sondern um einzuspringen in allen Fällen, wo die eilige
565 2488 2830 2612 Besorgung eines fehlenden Buches wichtig ist. Dass dieser Zweck nicht
565 2594 2815 2709 immer erreicht werden kann, liegt in der Natur der Sache, die Schuld
560 2695 2856 2793 daran trifft meistens die Auslieferungsstelle selbst, die nicht recht-
557 2781 2141 2910 zeitig vorsorgt oder die Nachfrage unterschätzt.
715 2884 2830 3042 Natürlich muss Friese uns eine Lageraufstellung schicken und wir
557 3002 2798 3105 müssen feststellen, wovon er grosse Vorräte hat, was wir zurückrufen
563 3100 2798 3226 und was wir dort behalten wollen. Ein Druck auf Friese, das Lager zu
565 3177 2801 3355 bezahlen, besteht nicht, aber er muss natürlich das bezahien, was er
563 3303 2801 3424 verkauft hat, und das soll er, wie bisher, immer vierteljährlich ab-
554 3398 841 3516 rechnen.
