3016 3880
789 363 2168 621 Fischer / Verlag / A.=G. Werlin W 57
431 561 2412 745 Bankkonto: Deutsche Bank, Depositenkasse P in Berlin / Postscheckkonto; Berlin Nr. 16692
851 634 1986 789 Fernsprechanschlüsse: Amt Lützow Nr. 6162 bis 6164.
1249 732 1607 862 Bülawstraße 90
1919 802 2306 951 2. Dez. 25
382 873 575 1038 y/si.
686 1046 1182 1233 Lieber Freund,
648 1198 2569 1404 die illustrierte Ausgabe des » Leutnant Gustl» bringen wir
558 1295 2612 1507 Anfang nächsten Jahres; die Weihnachtszeit ist für Neuauflagen
558 1474 1038 1626 nicht günstig.
640 1509 2631 1696 Das Sortiment muss sich gegen die Buchgemeinschaften wehren,
569 1631 2751 1824 Weil die Buchgemeinschaften das Sortiment vom Vertrieb der Bücher,
569 1748 2688 1905 die sie produzieren, ausschalten. Sie muss sie ausshalten, weil
577 1862 2593 2003 sie Rabatte nicht gewährt, sondern nur direkt an das Publikum
569 1938 2691 2122 liefert. Wegen der Rabattersparnis ist es den Buchgemeinschaften
588 2057 2694 2217 möglich, die Bücher billig zu vertreiben. Die Buchgemeinschaften
593 2195 2049 2350 sind die geschworenen Feinde des Sortiments.
680 2295 1851 2458 Die gewünschte Abschrift liegt bei.
1509 2396 2127 2547 Mit besten Grüssen
1591 2507 2073 2607 t FISCHER, VERLAG
1593 2588 2030 2667 AKτIENGESELISCHAFT
1767 2637 1930 2783 th
1835 2702 2444 2911 Ffischer.
