3091 4105
1589 130 1747 250 to the
945 122 1215 242 no
713 313 894 489 27
1426 318 1627 471 873
412 379 2327 614 S. Fischer/Verlag / A.-G..Berlin W. 57
596 601 2569 685 Bankkonto; Deutsche Bank, Depositenkasse P in Berlin / Postscheckkonto: Berlin Nr. 1669a
998 675 2172 744 Fernsprechanschlüsse: Amt Lützow Nr. 6162 bis 6164
1398 721 1767 794 Bülowstraße 90
1006 764 2172 889 Telegramm-Adresse: Fischerverlag 6162 Berlinlützow
1701 833 2470 993 Berlin, den 22. 6. 1928
736 843 950 1001 F./Re.
1421 927 2556 1184 Erja og stamm gesch.
1082 1133 2488 1250 Herrn Dr. Arthur Schnitzler,
2017 1245 2498 1360 W i e n XVIII
1930 1362 2500 1505 Sternwartestr. 71
996 1487 1441 1635 Lieber Freund,
1217 1609 2831 1716 Besten Dank für Ihren Brief. Ich habe davon Vormerk
843 1724 2791 1838 genommen, dass im Ergänzungsband "Spiel im Morgengrauen" fort-
848 1805 2773 1966 gelassen wird. Wir müssen aber einen besonderen Buchtitel für
845 1948 2770 2042 den Ergänzungsband, der ja auch einzeln verkauft werden soll,
843 2037 2887 2141 haben. Sie sprechen in Ihrer Karte von der Dreizahl der Novellen.
845 2174 2758 2287 Wie wäre es, wenn der Titel des Bandes "Die Dreizahl" lauten
845 2284 1059 2416 würde?
1589 2414 2343 2528 Mit herzlichen Grüssen
1866 2495 2182 2635 Ihr
1785 2633 2620 2849 Fischer
