3258 4008
1452 176 1608 302 42 x
1961 219 2448 424 JERLAG
1768 242 1930 404 1
1153 270 1648 433 FISCHE
717 361 2786 532 Bankkonto: Deutsche Bank, Depositenkasse P. Berlin / Postscheckkonto. Berlin 1669a
1156 464 2323 620 BERLIN W 57, BULowSTRASSE 90
1358 538 2132 694 Ferneuf: Lützow 1662, 6162 und 9292
2007 655 2505 800 30. Jan. 1919
572 640 754 797 F/S1.
1027 757 1947 922 Herrn Dr. Arthur Schnitzler
2328 857 2493 979 Wien
862 1064 1349 1198 Lieber Freund,
868 1127 2997 1292 Rosenbauns Leistung läge natürlich nicht nur im Technischen, das
783 1232 3003 1403 ist eine geringfügige Leistung, die ein junger Buchhandlungsgehilfe
777 1329 2997 1466 mit mehr Sachkenntnis ausüben könnte. Als Vertreter der Gesamtinte-
788 1446 3003 1580 ressen des Verlages hätte er zwar auch damit zu tun, aber das füllt
786 1517 3065 1659 bei weitem nicht Zeit und Stellung eines höheren geamten aus. Wesent-
786 1659 3068 1753 lich wäre, dass er die Fähigkeit mitbrächte, zum geistigen und künst-
786 1742 2923 1881 lerischen Leben Oesterreichs ein Verhältnis zu gewinnen, das ihn
788 1842 3020 1990 befähigt, urteilend, werbend und vermittelnd für uns zu wirken. Ich
800 1955 3020 2092 bezweifele, ob er diese Fähigkeit besitzt und darum weiss ich nicht
800 2027 3074 2203 recht, ob Rosenbaum für uns der gegebene Mann bleiben kann; ich hatte
797 2143 2943 2303 übrigens von Anfang an diesen Eindruck. Es ist vielleicht besser,
794 2249 2966 2394 Sie sprechen mit Rosenbaum garnicht über diese Angelegenheit, ich
803 2325 3091 2505 kann noch nicht sagen, in welcher Weise sich die Frage der Vertretung
803 2499 1466 2596 für uns lösen lässt.
897 2536 2866 2712 Mit Linden haben wir inzwischen „Gasanova“ für Schweden mit
2237 2647 2382 2712 a-
803 2681 3008 2809 1000 schwedischen Kronen abgeschlossen. Verhandlungen für Dänemark
811 2772 3040 2946 resp. Norwegen sind mit Nordiske Forlag und einem anderen Wünischen
814 2895 1423 3043 Verleger. im Gange.
916 2943 3085 3165 Vom „ Casanova „ haben wir in Wien 25 000, in Leipzig 15 000 Exem-
823 3082 3003 3225 plare gedruckt. Es ist, wie Sie sich erinnern werden, der Vorsicht
820 3159 3008 3376 wegen geschehen, um uns hier in Deutschland für alle Fälle von dem
