3221 4007
1238 813 1623 919 dann aus sein Seite.
1977 830 2148 936 stell
802 899 2202 978 Zu dem Schreiben des Herrn Prof. Busse hab
750 930 1055 1013 damals mit
1187 953 1281 1044 am 1.
1346 950 1877 1055 seine Arbeit als
1905 967 2162 1047 Deutscher
667 978 1087 1075 zu bemerken:
747 1050 1078 1138 weisen xxx
1132 1030 2356 1141 überhaupt sehr viel mit kulturellen Be¬
958 1095 2470 1184 Herr Busse besuchte uns im Sommer 27 im Auftre
742 1124 2060 1232 worauf ich ihn erinnern musste, dass wir
2114 1178 2504 1247 im Augenblie
733 1189 2544 1289 Firma KNOPF, um die Rechte für die Veranstaltung einer
750 1261 2539 1349 liche Seite der Sache zu behandeln hätten. Ich erinner
739 1312 2653 1403 Schulausgabe von „Unordnung und frühes Leid » zu erwerben.
745 1366 2656 1435 dem, dass Herr Busse an Tage nach diesem Gespräch sich noch
727 1415 2644 1529 jener Zeit lagen verschiedene Anfragen amerikanischer Verlei¬
739 1475 2496 1557 mich beschwerte, weil ich während seines Besuches Bri
736 1523 2536 1603 deutsche Schulausgaben vor, denen gemeinschaftlich war.
745 1580 2453 1646 schrieben hätte. Aus den bereits erwähnten Gründen
730 1620 2630 1734 viel zu geringe Honorare anboten, angeblich mit Rücksicht
733 1677 1931 1751 nicht zu vermeiden, zumal der Besuch
1971 1663 2710 1777 des Herrn Fasse etc.
722 1731 3018 1857 geringe Verbreitungsmöglichkeit solcher Ausgaben. Wir nahmen deshalb
739 1794 2202 1866 lich lange und bis Geschäftsschluss ausdehnt
725 1834 2793 1965 gegenüber diesen Anfragen eine abwartende Haltung ein. Im Fall
827 1891 2151 1965 Es ist richtig, dass das letzte Schreiben
2504 1920 2730 1982 G.C.F.S.
719 1925 2890 2074 des Herrn Prof. Busse kam ausser den genannten Gründen noch hinzu,
733 2002 1971 2071 nicht erledigt xxx und xxx
716 2042 2855 2176 dass wir mitder Firma KNOPF nicht gerade auf bestem Fuss standen,
725 2097 2830 2188 mit der Firma Frantice-Hall über dasselbe Werk in Verdandlung ge¬
713 2148 2930 2268 weil sie es hartnäckig ablehnte, den Generalvertrag mit Thomas Mann
730 2202 2764 2285 treten sind und zu besseren Bedingungen abgeschlossen und zwey
719 2248 2830 2353 aus dem Jahre 24 den geänderten Verhältnissen entsprechend zu ver-
727 2311 2781 2402 auf Grund einer prozentualen Beteiligung und einer entsprechen
716 2348 2827 2485 bessern, weshalb wir auch auf das erhöhte Angebot nicht eingehen
727 2416 2810 2493 Anzahlung. Sobald wir in dem Besitz der unterfertigten Vertrage
707 2459 2804 2593 wollten. Dieses Angebot/war als einmalige Zahlung für sämtliche
730 2519 1275 2579 gelangen werden,
1572 2536 2838 2610 Prof. Eusse von diesem Abschluss bene
699 2564 2833 2687 Amflagen, die je gedruckt werden sollten, gedacht, während wir st
727 2619 1224 2684 richtigt werden
707 2656 2630 2798 die prozentuale Beteiligung des Autors durchzusetzen versu-
827 2747 2656 2884 Was nun den Besuch des Herrn Prof. Busse selbst betriff
2636 2813 2824 2932 Wm Sir
693 2867 2733 2989 fiel er unglücklicherweise in die Sommerzeit wo ich durch Urla¬
707 2967 2690 3101 vertretungen anderer Herrn ein besonders erhöhtes Arbeitspen
693 3092 2405 3218 zu erledigen hatte. Ich bestreite entschieden, Herrn
730 3175 2288 3317 einen Stuhl angeboten zu haben. Was den Ton unsere
790 3272 1552 3406 rifft, so ist mir erinn
1751 3297 1894 3403 daß
1917 3300 2268 3432 des Herr Prof.
1324 3466 1737 3571 dann 200 Dol.
