2918 3976
1087 307 1329 465 or7
554 441 2100 614 S. Fischer. Verlag. Berlin
2052 587 2228 676 ̃ ̃'̃ M=n
417 560 539 703 määrän
402 667 2222 774 Amt Lützow 1662 u. 6162 Theaterabteilung postscheckkonto Nr. 16692
917 733 1743 840 Berlin W 57, Bülowstraße Nr. 90
319 766 2317 879 nerejäls neb han " TequosabeidosdA" nov ganzdällnÄ negizjets
313 864 2323 1040 — 6/Scha „ Dm. 21. Febr. an. 21
417 1004 2317 1135 endl 1ra dous gauziwaik esalweg enie eilst mezeib ni tiw
351 1105 2329 1236 danoss og.nedad indelegda Jdoin mediednegefegnÄ
420 1183 634 1275 Herrn
1001 1218 2323 1355 meidl si ausdohnb nejdsafg tiw eiw, selb
301 1230 977 1332 etxxiib ad.angerejal
679 1287 1424 1373 Dr. Arthur Schnitzler
89 1323 2323 1463 nötieddol imömed niedjim medolew Jim,nies Jnnskedau Jdain st mendl
1558 1391 1829 1457 W i e n
1862 1418 2329 1555 o—reb nev
194 1445 1823 1531 ellst nedolom mente at dota adredo!
268 1540 2326 1698 Sehr geehrter Herr Doktor,
334 1644 2508 1763 xxx nach Ihrer heute hier eingetroffenen
426 1734 2547 1868 Depesche in der Angelegenheit "Abschiedssouper", und "Anatol
277 1868 2487 1978 scheinen Siedie Situation etwas anders zu verstehen, als sie
426 1963 2466 2082 tatsächlich ist, Rotters verweigern uns nicht das Verfügungs-
399 2058 2446 2237 recht über "Abschiedssouper", zumindest stand dies garnicht
1156 2160 1308 2225 G.H.F.P.
980 2172 1102 2240 G.C.P.
331 2198 2401 2300 in Frage. Vielmehr war die Sache so, dass wir uns bemühten
375 2279 2449 2452 "Abschiedssouper" von Rotters wieder frei zu bekommen, weil
363 2362 2612 2553 Rohert die Erwerbung des ganzen "Anatol- öykluses davon abhängig
182 2499 2452 2621 gemacht hatte, dass "Abschiedssouper" jetzt nicht geapielt
206 2603 2344 2758 wird. Diese Freigabe wurde von Rotter verweigert, da die
182 2699 2463 2863 Proben bereits beendet und das Stück angesetzt war. Da aber
268 2824 2550 2970 dadurch der Abschluss mit Robert ins Wasser fiel und Rotter die
1412 2922 1588 2982 G.C.H.
423 2940 2553 3056 Absicht kund tat evtl, den ganzen "Anatol"-Zyklus zu enwerben,
262 2961 399 3092 ere.
229 3044 2627 3163 so begrüssten wir diesen Entschluss, in der Annahme, dass er auch
262 3137 2502 3289 Ihnen unter diesen Umständen willkommen sein würde, zumal die
298 3262 2452 3387 Aufführung bei Rotterfinanziell weit günstiger wäre. Aller
310 3375 2380 3482 dings stellten Rotters einen relativ späten Termin zur Be-
474 3461 837 3545 dingung,
1120 3461 1218 3533 der
1564 3434 2562 3572 ohtfertigter und xxx der
1346 3470 1576 3542 durch re-
932 3464 1355 3577 im Gültigkeit bis dem
1346 3515 1576 3574 S.O.R.S.
313 3503 837 3583 Die oben genannten Bedingung
313 3545 2398 3673 entscheidende Antwort erhalten haben, so nehmen wir an, daß wir über das in Frage stehende Werk anderweitig verfügen können
200 3598 310 3700 O.M.
