2909 3975
1144 363 1332 505 48 5
1784 422 2203 631 Berlin
629 398 1741 672 S. Fischer - Verlag
516 588 647 763 au—
497 690 2326 860 Amt Lützow 1662 u. 6162 Theaterabteilung postscheckkonto Nr. 16692
1007 766 1843 900 Berlin W 57, Bülowstraße Nr. 90
1134 889 1784 1048 Den 12. Febr. 1921
486 913 701 1058 G/Sch
494 1120 1730 1335 Herrn Dr. Arthur Schnitzler
1816 1193 2219 1332 Berlin
1700 1292 1934 1432 ksi-- ia
508 1402 1402 1588 Sehr geehrter Herr Doktor,
1249 1459 2450 1657 Herr Direktor Karl Iban bewirbt
524 1614 2463 1794 sich um das Recht für "Reigen " für eine Anzahl kleiner
527 1698 2684 1872 Städte in der Nähe Berlins (beispielsweise Spanda, Cöpehik usw.)
529 1854 2592 2015 Wir fragen ergebenst an, ob Sie sich hierauf einlassen wollen.
1416 1931 2533 2101 Herr Otto Eisenschütz, Wien setzt
548 2025 2506 2224 sich mit uns wegen einer Schweizerischen "Neigen"- Tournee
540 2152 2539 2326 in Verbindung und sichert uns zu, dass Sie selbst uns noch
548 2262 2426 2463 in dieser Angelegenheit schreiben würden. Wir werden den
543 2380 2563 2533 Brief des Herrn Eihenschütz beantworten, sobald wir die ange-
545 2490 1961 2684 kündigte Nachricht von Ihnen in Händen hab
1367 2616 2326 2802 Mit vorzüglicher Hochachtung
1867 2743 2162 2821 A. VERLAG
1596 2748 1816 2821 S. FISCH
1604 2802 2170 2947 THEATERABTEILUNG
564 2995 1434 3197 Anbei: 1 Benachrichtigung
1811 3446 2576 3602 Sollten wir an diesem Tag noch keine
1214 3511 1365 3618 tigkeit bei
502 3546 865 3640 Die oben genannten?
505 3557 2571 3729 entscheidende Antwort erhalten haben, so nehmen wir an, daß wir über das in Frage stehende Werk anderweitig verfügen können
