3117 4119
1886 110 2208 281 this
724 130 1695 287 soo nicht 1 h.
1005 217 1918 426 900 Reuse Pelck
209 235 466 446 - ye
1588 325 1907 443 Schreven
701 351 2170 559 S. Fischer / Verlag / A. G. Berlin M 57.
443 559 2414 684 Bankkonte: Deutsche Bank, Depositenkasse P in Berlin / Postscheckkonto: Berlin Nr. 16692
849 606 2005 748 Fernsprechanschlüsse: Amt Lützow Nr. 6162 bis 6164
1252 669 1625 759 Bülowstraße 90
855 742 2014 898 Telegramm-Adresse: Fischerverlag 6162 Berlinlützow
1767 858 2205 1058 22. Jan. 29
316 907 527 1029 W/si.
611 1043 1883 1266 Herrn Dr. Arthur Schnitzler
2066 1185 2332 1368 Wien
417 1284 1284 1449 Sehr geehrter Herr Doktor,
640 1443 2643 1625 wir werden mit Frau Schierning im Sinne Ihres Schreibens vom
380 1570 1118 1698 17: ds. M. verhandeln.
603 1643 2425 1785 Was die Angelegenheit „ Therese „,italienisch,betrifft,
380 1765 2709 1944 so haben wir laut Ihrer Mitteilung vom September v. J. 7 1/2 % Tantiene
382 1886 2573 2034 und eine Garangiezahlung von 5000 Lire verlangt. Die T.I.L.A. hat
385 1962 2634 2109 um Erniedrigung unserer bedingungen ersucht, wir hoffen aber trotz-
377 2083 2605 2199 dem, unsere Forderung durchsetzen zu können. Sobald wir Definitives
1504 2176 2602 2315 Sollte ein Abschluss erfolgen, so
374 2188 1446 2330 hören, geben wir Ihnen Bescheid.
374 2280 2573 2460 käme äusser unserer Provision auch eine Provisionszahlung von 10 %
377 2402 1278 2512 für die T.I.L. A. in Frage.
553 2489 745 2558 mme
666 2495 1452 2640 Wir empfehlen uns Ihnen
1460 2573 2393 2744 mit vorzüglicher Hochachtung
1692 2695 2222 2790 S. FISCHER. VERLAG
1727 2761 2179 2828 AKTRENGESELISCHAFT
1666 2773 2248 2900 AUSLANDSABTEILUNG
1588 2871 2312 3051 D. R. Marie
209 2996 2538 3237 P.S. Wir haben Frau Schierning gebeten, Ihnen ein Belegexemplar der
359 3193 1707 3332 von ihr übersetzten Novellen zuzusenden.
