3149 3977
706 301 2891 505 S. FISCHER,VERLAG, BERLIN, Dr. Arthur Schnitzler v. 30.12. Blatt 2
1014 405 1272 551 Theaterabteilung
798 548 2926 698 Entweder hat die amerikamische Bank es bereits im Jahre 1916 an
795 669 3104 804 uns befördert, dann muss es an irgend einer Stelle durch die Allierte
1120 747 1292 818 ce ordre.
798 778 2926 907 aufgehalten sein, oder aber die Bank übersandte uns das Geld am
795 859 2952 1008 Jahre 1919, dann war es gemäss der heute geltenden Valuta auszu¬
801 979 2983 1091 zahlen. Was die in Ihrem Briefe des Herrn Bartsch erwähnte Diffee
792 1117 2843 1240 renz von 15 Dollar anbetrifft, so stehen diese Ihnen noch zu.
795 1209 2817 1321 Dagegen ergibt sich ein abzug von Dollar 4.73 Provision von
790 1327 2828 1450 Bartsch. Es war aus dem uns bisher vorliegenden unklaren Ver
781 1427 2843 1562 rechnungsmaterial leider nicht ersichtlich, wie die einzelnen
784 1528 2891 1668 Posten zu verwenden seien. Endgiltige Abrechnung wird erfolgen,
781 1642 2639 1777 sobald die Umrechnungsangelegenheit erledigt sein wird.
1157 1769 2765 1881 6. Was Ihre Anfrage wegen " Schwestern " Holland
781 1863 2742 1990 anbetrifft, so ist der Abschluss bereits vor längerer Zeit
781 1967 2797 2107 zustandegekommen und Ihnen die Garamtie von 200 Gulden schon
775 2085 2555 2225 in unserer Abrechnung vom Oktober verrechnet worden.
1148 2202 2929 2346 7. Auf diejenigen Punkte Ihrer beiden Schreiben, die
772 2317 2771 2418 in diesem Briefe nicht mit erledigt sind, werden wir in den
772 2418 2891 2544 nächsten Tagen zurückkommen. Die uns übsersandten Briefe folgen
767 2527 1519 2705 dann gleichzeitig mit,
1628 2613 2593 2805 Mit vorzüglicher Hochachtung
1849 2736 2423 2825 S. FISCHER, VERLAG
1858 2802 2426 2955 THEATERABTEUNG
