<?xml version="1.0" encoding="UTF-8" standalone="yes"?>
<PcGts xmlns="http://schema.primaresearch.org/PAGE/gts/pagecontent/2013-07-15" xmlns:xsi="http://www.w3.org/2001/XMLSchema-instance" xsi:schemaLocation="http://schema.primaresearch.org/PAGE/gts/pagecontent/2013-07-15 http://schema.primaresearch.org/PAGE/gts/pagecontent/2013-07-15/pagecontent.xsd">
    <Metadata>
        <Creator>prov=READ-COOP:name=TrHtr:version=2.1.0:model_id=51170:date=27_07_2023_22:29</Creator>
        <Created>2023-05-02T08:10:47.916+02:00</Created>
        <LastChange>2023-07-27T22:29:26.031+02:00</LastChange>
        <TranskribusMetadata docId="1416743" pageId="54953582" pageNr="147" tsid="131305787" status="IN_PROGRESS" userId="64420" imgUrl="https://files.transkribus.eu/Get?id=KJHMAEHGTCNWTNGNVXLMDESP&amp;fileType=view" xmlUrl="https://files.transkribus.eu/Get?id=KAYMQZFVTGFVNHROKDKREITD" imageId="44457307"/>
    </Metadata>
    <Page imageFilename="1416743_0147.jpg" imageWidth="3175" imageHeight="3863">
        <ReadingOrder>
            <OrderedGroup id="ro_1711826215743" caption="Regions reading order">
                <RegionRefIndexed index="0" regionRef="tr_1"/>
            </OrderedGroup>
        </ReadingOrder>
        <TextRegion id="tr_1" custom="readingOrder {index:0;}">
            <Coords points="525,176 2955,176 2955,3350 525,3350"/>
            <TextLine id="tr_1_tl_1" custom="readingOrder {index:0;}">
                <Coords points="1530,265 1545,259 1554,262 1563,253 1582,253 1597,262 1600,253 1615,253 1597,124 1570,124 1563,133 1548,133 1539,139 1530,133 1524,139 1509,139"/>
                <Baseline points="1540,226 1585,235 1621,238"/>
                <TextEquiv>
                    <Unicode>a</Unicode>
                </TextEquiv>
            </TextLine>
            <TextLine id="tr_1_tl_2" custom="readingOrder {index:1;}">
                <Coords points="1443,358 1663,386 1792,334 1874,374 1991,343 2178,352 2253,334 2256,184 2118,196 2039,241 1946,220 1726,283 1654,235 1606,268 1443,259"/>
                <Baseline points="1459,343 1468,343 1513,337 1558,337 1603,340 1647,334 1674,337 1677,337 1722,337 1767,331 1812,331 1856,331 1901,328 1946,325 1991,328 2035,328 2080,328 2125,328 2170,328 2215,325 2259,322"/>
                <TextEquiv>
                    <Unicode>JER / VerLA</Unicode>
                </TextEquiv>
            </TextLine>
            <TextLine id="tr_1_tl_3" custom="readingOrder {index:2;}">
                <Coords points="687,464 2380,419 2663,485 2684,304 2268,377 690,349"/>
                <Baseline points="704,417 719,417 764,420 809,420 853,420 898,423 943,423 988,426 1032,426 1077,426 1122,426 1167,429 1212,429 1256,429 1301,429 1346,429 1391,426 1435,426 1480,423 1525,423 1570,420 1615,420 1659,417 1704,417 1749,417 1794,417 1838,417 1883,414 1928,414 1973,411 2018,411 2062,411 2107,414 2152,411 2197,411 2241,408 2286,408 2331,408 2376,408 2421,406 2465,406 2510,406 2555,406 2600,406 2644,406 2689,406"/>
                <TextEquiv>
                    <Unicode>Ankbonto: Deutsche Bank, Depositenkasse P. Berlin / Postscheckkonto: Berlin 16892</Unicode>
                </TextEquiv>
            </TextLine>
            <TextLine id="tr_1_tl_4" custom="readingOrder {index:3;}">
                <Coords points="1063,512 1169,557 1271,518 1582,533 1826,494 2184,551 2187,434 2157,431 1066,455"/>
                <Baseline points="1080,504 1119,504 1164,504 1209,507 1253,507 1298,504 1343,504 1388,504 1432,501 1477,498 1522,498 1567,495 1612,495 1656,495 1701,495 1746,492 1791,492 1835,489 1880,489 1925,489 1970,489 2015,486 2059,486 2104,486 2149,483 2194,483"/>
                <TextEquiv>
                    <Unicode>BERLIN W 57 / BÜLowSTRASSE 9</Unicode>
                </TextEquiv>
            </TextLine>
            <TextLine id="tr_1_tl_5" custom="readingOrder {index:4;}">
                <Coords points="1247,584 1304,612 1428,612 1482,572 1603,612 1666,587 1714,624 1823,615 1895,569 2021,590 2024,512 1826,494 1576,533 1494,500 1322,542 1250,521"/>
                <Baseline points="1265,576 1271,576 1316,576 1361,573 1406,573 1450,570 1495,570 1540,570 1585,567 1629,567 1674,564 1719,564 1764,564 1809,564 1853,561 1898,561 1943,561 1988,558 2033,555"/>
                <TextEquiv>
                    <Unicode>Fernruf: Lützow 1662, 6162 und 9292</Unicode>
                </TextEquiv>
            </TextLine>
            <TextLine id="tr_1_tl_6" custom="readingOrder {index:5;}">
                <Coords points="2190,693 2271,687 2308,711 2371,711 2395,690 2440,711 2464,693 2549,705 2549,557 2476,578 2443,563 2407,593 2377,578 2265,587 2229,560 2190,569"/>
                <Baseline points="2206,638 2238,638 2283,641 2328,641 2373,641 2418,641 2462,641 2507,638 2552,635"/>
                <TextEquiv>
                    <Unicode>24/X. 1918</Unicode>
                </TextEquiv>
            </TextLine>
            <TextLine id="tr_1_tl_7" custom="readingOrder {index:6;}">
                <Coords points="931,1048 1163,1048 1310,1000 1801,1024 1804,822 1657,816 1588,853 1392,798 1139,804 1030,859 934,807"/>
                <Baseline points="946,976 955,976 1000,973 1044,976 1089,973 1134,976 1179,973 1223,973 1268,970 1313,970 1358,967 1403,967 1447,967 1492,964 1537,964 1582,961 1626,961 1671,958 1716,958 1761,958 1806,955"/>
                <TextEquiv>
                    <Unicode>Herrn Dr. Arthur Schnitzler</Unicode>
                </TextEquiv>
            </TextLine>
            <TextLine id="tr_1_tl_8" custom="readingOrder {index:7;}">
                <Coords points="1762,1088 1789,1094 1804,1084 1829,1097 1862,1091 1883,1112 1904,1100 1934,1100 1931,1018 1913,1018 1904,1009 1889,1021 1865,1021 1853,1009 1829,1015 1823,1009 1762,1012"/>
                <Baseline points="1779,1059 1824,1056 1868,1059 1913,1059 1940,1059"/>
                <TextEquiv>
                    <Unicode>Wien</Unicode>
                </TextEquiv>
            </TextLine>
            <TextLine id="tr_1_tl_9" custom="readingOrder {index:8;}">
                <Coords points="521,1301 633,1301 666,1322 708,1301 732,1326 798,1319 825,1341 868,1329 1000,1362 1000,1187 699,1250 618,1208 578,1223 521,1205"/>
                <Baseline points="537,1292 558,1292 603,1289 647,1289 692,1289 737,1289 782,1289 826,1286 871,1289 916,1289 961,1289 1006,1289"/>
                <TextEquiv>
                    <Unicode>Lieber Freund,</Unicode>
                </TextEquiv>
            </TextLine>
            <TextLine id="tr_1_tl_10" custom="readingOrder {index:9;}">
                <Coords points="621,1449 2814,1452 2814,1332 2693,1247 2455,1338 624,1374"/>
                <Baseline points="638,1441 671,1441 716,1441 761,1441 806,1441 850,1444 895,1441 940,1438 985,1438 1029,1438 1074,1438 1119,1435 1164,1435 1209,1432 1253,1432 1298,1429 1343,1429 1388,1426 1432,1426 1477,1423 1522,1423 1567,1423 1612,1421 1656,1421 1701,1421 1746,1418 1791,1418 1835,1418 1880,1418 1925,1415 1970,1415 2015,1415 2059,1412 2104,1412 2149,1409 2194,1409 2238,1406 2283,1409 2328,1406 2373,1406 2418,1406 2462,1406 2507,1406 2552,1403 2597,1403 2642,1403 2686,1400 2731,1397 2776,1397 2821,1394"/>
                <TextEquiv>
                    <Unicode>meinem gestrigen Brief möchte ich noch einen zweiten Vorschlag folgen</Unicode>
                </TextEquiv>
            </TextLine>
            <TextLine id="tr_1_tl_11" custom="readingOrder {index:10;}">
                <Coords points="2214,1461 2323,1467 2332,1476 2350,1467 2362,1479 2371,1470 2452,1479 2470,1467 2497,1467 2494,1428 2413,1431 2386,1410 2356,1413 2341,1428 2299,1428 2274,1413 2211,1413"/>
                <Baseline points="2230,1450 2274,1456 2319,1459 2364,1459 2367,1459 2397,1459 2441,1462 2486,1459 2504,1459"/>
                <TextEquiv>
                    <Unicode>( wesenkammen maa rn</Unicode>
                </TextEquiv>
            </TextLine>
            <TextLine id="tr_1_tl_12" custom="readingOrder {index:11;}">
                <Coords points="512,1585 2847,1548 2847,1443 515,1503"/>
                <Baseline points="528,1546 570,1549 614,1546 659,1546 704,1546 749,1546 794,1543 838,1546 883,1543 928,1543 973,1543 1017,1540 1062,1540 1107,1540 1152,1540 1197,1537 1241,1534 1286,1534 1331,1534 1376,1534 1421,1531 1465,1531 1510,1528 1555,1525 1600,1525 1644,1525 1689,1522 1734,1522 1779,1522 1824,1525 1868,1522 1913,1522 1958,1522 2003,1519 2047,1519 2092,1516 2137,1516 2182,1513 2227,1513 2271,1510 2316,1510 2361,1510 2406,1510 2450,1510 2495,1507 2540,1507 2585,1501 2630,1501 2674,1504 2719,1501 2764,1498 2809,1498 2853,1492"/>
                <TextEquiv>
                    <Unicode>lassen, für den Fall, dass Ihnen daran liegt, die Ladenpreise der Gesammel-</Unicode>
                </TextEquiv>
            </TextLine>
            <TextLine id="tr_1_tl_13" custom="readingOrder {index:12;}">
                <Coords points="512,1672 2871,1663 2892,1536 515,1588"/>
                <Baseline points="528,1650 573,1650 617,1650 662,1647 707,1647 752,1647 797,1647 841,1644 886,1644 931,1641 976,1641 1020,1641 1065,1641 1110,1641 1155,1641 1200,1638 1244,1635 1289,1635 1334,1635 1379,1635 1423,1632 1468,1632 1513,1629 1558,1629 1603,1626 1647,1626 1692,1626 1737,1624 1782,1624 1827,1624 1871,1624 1916,1624 1961,1624 2006,1621 2050,1618 2095,1618 2140,1618 2185,1615 2230,1615 2274,1612 2319,1612 2364,1612 2409,1609 2453,1609 2498,1609 2543,1609 2588,1606 2633,1606 2677,1606 2722,1606 2767,1603 2812,1600 2856,1600 2901,1597"/>
                <TextEquiv>
                    <Unicode>ten Werke bis an die äusserste Grenze des Möglichen herabzusetzen. Ich würde</Unicode>
                </TextEquiv>
            </TextLine>
            <TextLine id="tr_1_tl_14" custom="readingOrder {index:13;}">
                <Coords points="509,1777 2756,1759 2784,1642 509,1699"/>
                <Baseline points="525,1752 546,1752 591,1752 635,1752 680,1752 725,1752 770,1749 814,1749 859,1746 904,1746 949,1746 994,1743 1038,1743 1083,1743 1128,1740 1173,1740 1218,1740 1262,1740 1307,1737 1352,1737 1397,1737 1441,1734 1486,1734 1531,1731 1576,1731 1621,1728 1665,1728 1710,1728 1755,1728 1800,1725 1844,1725 1889,1725 1934,1725 1979,1722 2024,1722 2068,1719 2113,1719 2158,1716 2203,1716 2247,1716 2292,1716 2337,1713 2382,1713 2427,1713 2471,1710 2516,1710 2561,1710 2606,1707 2650,1707 2695,1707 2740,1701 2785,1704"/>
                <TextEquiv>
                    <Unicode>in einem solchen Fall den Preis des dreibändigen Werks gebunden billigst</Unicode>
                </TextEquiv>
            </TextLine>
            <TextLine id="tr_1_tl_15" custom="readingOrder {index:14;}">
                <Coords points="515,1895 2633,1847 2793,1916 2835,1714 518,1777"/>
                <Baseline points="531,1853 558,1853 603,1853 647,1853 692,1853 737,1853 782,1850 826,1850 871,1853 916,1850 961,1847 1006,1847 1050,1847 1095,1847 1140,1847 1185,1847 1229,1844 1274,1844 1319,1844 1364,1841 1409,1838 1453,1838 1498,1838 1543,1835 1588,1835 1632,1832 1677,1832 1722,1832 1767,1829 1812,1832 1856,1827 1901,1827 1946,1827 1991,1827 2035,1827 2080,1827 2125,1824 2170,1824 2215,1824 2259,1821 2304,1821 2349,1821 2394,1818 2439,1818 2483,1815 2528,1815 2573,1815 2618,1812 2662,1812 2707,1812 2752,1809 2797,1806 2842,1803"/>
                <TextEquiv>
                    <Unicode>auf 18 Mark, des vierbändigen auf 24 Mark festsetzen (also 6 Mark pro Band</Unicode>
                </TextEquiv>
            </TextLine>
            <TextLine id="tr_1_tl_16" custom="readingOrder {index:15;}">
                <Coords points="515,2000 545,2015 599,2009 618,2024 678,1982 723,1973 744,1985 816,1961 844,1967 847,1892 804,1886 786,1901 750,1886 699,1910 666,1898 651,1910 518,1904"/>
                <Baseline points="531,1961 537,1961 582,1961 626,1958 671,1958 716,1955 761,1955 806,1958 850,1955"/>
                <TextEquiv>
                    <Unicode>gebunden).</Unicode>
                </TextEquiv>
            </TextLine>
            <TextLine id="tr_1_tl_17" custom="readingOrder {index:16;}">
                <Coords points="696,2076 2744,2064 2775,1940 2317,1892 1723,1997 699,1997"/>
                <Baseline points="713,2059 722,2056 767,2056 812,2053 856,2053 901,2050 946,2050 991,2050 1035,2047 1080,2047 1125,2044 1170,2044 1215,2044 1259,2044 1304,2044 1349,2041 1394,2041 1438,2041 1483,2041 1528,2038 1573,2038 1618,2038 1662,2035 1707,2035 1752,2035 1797,2033 1841,2033 1886,2033 1931,2030 1976,2030 2021,2027 2065,2027 2110,2024 2155,2024 2200,2024 2244,2024 2289,2021 2334,2021 2379,2018 2424,2021 2468,2018 2513,2018 2558,2018 2603,2018 2647,2015 2692,2015 2737,2015 2782,2018"/>
                <TextEquiv>
                    <Unicode>Ihre Tantieme würde sich dann für das dreibändige Werk auf 3 Mark,</Unicode>
                </TextEquiv>
            </TextLine>
            <TextLine id="tr_1_tl_18" custom="readingOrder {index:17;}">
                <Coords points="515,2196 2214,2163 2214,2085 1458,2058 515,2124"/>
                <Baseline points="531,2161 564,2161 609,2164 653,2161 698,2161 743,2161 788,2161 832,2158 877,2158 922,2158 967,2155 1012,2155 1056,2155 1101,2152 1146,2152 1191,2152 1235,2149 1280,2149 1325,2146 1370,2146 1415,2146 1459,2146 1504,2143 1549,2140 1594,2140 1638,2140 1683,2140 1728,2137 1773,2137 1818,2137 1862,2137 1907,2134 1952,2134 1997,2134 2041,2131 2086,2128 2131,2128 2176,2128 2221,2122"/>
                <TextEquiv>
                    <Unicode>für das vierbändige Werk auf 4 Mark ermässigen müssen.</Unicode>
                </TextEquiv>
            </TextLine>
            <TextLine id="tr_1_tl_19" custom="readingOrder {index:18;}">
                <Coords points="678,2305 2190,2238 2362,2293 2756,2232 2759,2118 681,2214"/>
                <Baseline points="695,2265 704,2262 749,2262 794,2262 838,2262 883,2262 928,2259 973,2259 1017,2259 1062,2259 1107,2256 1152,2259 1197,2256 1241,2253 1286,2253 1331,2253 1376,2250 1421,2250 1465,2250 1510,2250 1555,2247 1600,2247 1644,2244 1689,2244 1734,2241 1779,2241 1824,2238 1868,2241 1913,2238 1958,2238 2003,2238 2047,2236 2092,2233 2137,2233 2182,2230 2227,2230 2271,2230 2316,2230 2361,2230 2406,2227 2450,2224 2495,2224 2540,2221 2585,2218 2630,2218 2674,2218 2719,2218 2764,2215"/>
                <TextEquiv>
                    <Unicode>Wollen Sie einen Massstab für die heutigen Preise von Gesamtwerken</Unicode>
                </TextEquiv>
            </TextLine>
            <TextLine id="tr_1_tl_20" custom="readingOrder {index:19;}">
                <Coords points="521,2386 2778,2374 2811,2265 521,2317"/>
                <Baseline points="537,2373 579,2373 623,2373 668,2373 713,2373 758,2370 803,2370 847,2370 892,2367 937,2364 982,2364 1026,2361 1071,2361 1116,2361 1161,2361 1206,2358 1250,2355 1295,2355 1340,2355 1385,2355 1429,2352 1474,2352 1519,2352 1564,2349 1609,2349 1653,2346 1698,2346 1743,2346 1788,2346 1832,2343 1877,2343 1922,2340 1967,2340 2012,2337 2056,2340 2101,2337 2146,2337 2191,2334 2236,2334 2280,2331 2325,2331 2370,2328 2415,2328 2459,2325 2504,2325 2549,2325 2594,2322 2639,2322 2683,2319 2728,2319 2773,2316 2818,2313"/>
                <TextEquiv>
                    <Unicode>haben, so möchte ich darauf aufmerksam machen, dass Heinrich Manns Gesam-</Unicode>
                </TextEquiv>
            </TextLine>
            <TextLine id="tr_1_tl_21" custom="readingOrder {index:20;}">
                <Coords points="512,2500 2847,2461 2910,2377 515,2419"/>
                <Baseline points="531,2474 543,2474 588,2474 632,2474 677,2474 722,2471 767,2468 812,2471 856,2468 901,2468 946,2468 991,2468 1035,2465 1080,2465 1125,2465 1170,2462 1215,2462 1259,2459 1304,2459 1349,2456 1394,2456 1438,2456 1483,2456 1528,2456 1573,2453 1618,2453 1662,2450 1707,2450 1752,2447 1797,2447 1841,2447 1886,2444 1931,2447 1976,2444 2021,2444 2065,2441 2110,2441 2155,2439 2200,2439 2244,2436 2289,2439 2334,2433 2379,2433 2424,2433 2468,2430 2513,2430 2558,2430 2603,2427 2647,2427 2692,2427 2737,2427 2782,2424 2827,2421 2871,2418 2916,2415"/>
                <TextEquiv>
                    <Unicode>melte Werke in 10 Bänden 75 Mk. gebunden kosten (M. 7,50 pro Band), Meyrinka</Unicode>
                </TextEquiv>
            </TextLine>
            <TextLine id="tr_1_tl_22" custom="readingOrder {index:21;}">
                <Coords points="524,2609 2567,2537 2690,2600 2838,2470 527,2515"/>
                <Baseline points="540,2582 561,2582 606,2582 650,2579 695,2579 740,2579 785,2576 829,2576 874,2573 919,2573 964,2573 1009,2570 1053,2570 1098,2570 1143,2567 1188,2567 1232,2564 1277,2564 1322,2564 1367,2561 1412,2561 1456,2561 1501,2561 1546,2558 1591,2558 1635,2555 1680,2555 1725,2552 1770,2552 1815,2555 1859,2552 1904,2552 1949,2549 1994,2549 2038,2549 2083,2546 2128,2543 2173,2546 2218,2543 2262,2543 2307,2540 2352,2540 2397,2540 2441,2537 2486,2534 2531,2534 2576,2531 2621,2531 2665,2531 2710,2528 2755,2528 2800,2522 2845,2525"/>
                <TextEquiv>
                    <Unicode>Gesammelte Romane in 6 Bänden 42 Mk. (7 Mk. pro Band). Die gestern vorge-</Unicode>
                </TextEquiv>
            </TextLine>
            <TextLine id="tr_1_tl_23" custom="readingOrder {index:22;}">
                <Coords points="524,2696 1069,2726 1820,2669 1964,2711 2067,2693 2070,2600 1663,2615 1566,2564 524,2642"/>
                <Baseline points="540,2683 552,2686 597,2686 641,2686 686,2683 731,2683 776,2680 820,2680 865,2680 910,2677 955,2677 1000,2674 1044,2674 1089,2671 1134,2671 1179,2671 1223,2668 1268,2668 1313,2668 1358,2665 1403,2665 1447,2665 1492,2662 1537,2662 1582,2662 1626,2659 1671,2659 1716,2659 1761,2656 1806,2656 1850,2653 1895,2653 1940,2653 1985,2650 2030,2650 2074,2647"/>
                <TextEquiv>
                    <Unicode>schlagenen Preise wären also keineswegs zu teuer.</Unicode>
                </TextEquiv>
            </TextLine>
            <TextLine id="tr_1_tl_24" custom="readingOrder {index:23;}">
                <Coords points="681,2814 2726,2772 2910,2726 2913,2573 2398,2702 684,2720"/>
                <Baseline points="698,2785 722,2785 767,2785 812,2782 856,2782 901,2782 946,2779 991,2779 1035,2779 1080,2776 1125,2776 1170,2776 1215,2776 1259,2773 1304,2773 1349,2770 1394,2767 1438,2770 1483,2767 1528,2764 1573,2764 1618,2764 1662,2764 1707,2764 1752,2761 1797,2761 1841,2758 1886,2758 1931,2755 1976,2755 2021,2755 2065,2752 2110,2749 2155,2749 2200,2749 2244,2746 2289,2746 2334,2746 2379,2743 2424,2743 2468,2740 2513,2740 2558,2740 2603,2737 2647,2734 2692,2731 2737,2731 2782,2728 2827,2728 2871,2725 2916,2719"/>
                <TextEquiv>
                    <Unicode>Ich wäre Ihnen sehr verbunden, wenn Sie mich von Ihren Emtschluss tele-</Unicode>
                </TextEquiv>
            </TextLine>
            <TextLine id="tr_1_tl_25" custom="readingOrder {index:24;}">
                <Coords points="527,2943 2199,2865 2416,2958 2946,2856 2949,2702 2136,2808 533,2799"/>
                <Baseline points="546,2898 582,2895 626,2895 671,2892 716,2892 761,2889 806,2889 850,2886 895,2883 940,2883 985,2883 1029,2880 1074,2880 1119,2880 1164,2880 1209,2880 1253,2880 1298,2877 1343,2874 1388,2874 1432,2874 1477,2874 1522,2871 1567,2868 1612,2868 1656,2865 1701,2865 1746,2865 1791,2862 1835,2862 1880,2862 1925,2859 1970,2859 2015,2859 2059,2856 2104,2859 2149,2853 2194,2853 2238,2850 2283,2850 2328,2850 2373,2850 2418,2850 2462,2847 2507,2845 2552,2842 2597,2842 2642,2842 2686,2839 2731,2839 2776,2836 2821,2833 2865,2833 2910,2830 2955,2833"/>
                <TextEquiv>
                    <Unicode>graphisch verständigen wollten, da wir wegen der Versendung alles vorbereiten</Unicode>
                </TextEquiv>
            </TextLine>
            <TextLine id="tr_1_tl_26" custom="readingOrder {index:25;}">
                <Coords points="521,3025 554,3034 587,3009 621,3037 639,3031 669,3040 690,3019 714,3022 732,3006 774,3009 774,2925 744,2913 702,2937 678,2928 663,2940 654,2931 633,2940 581,2922 548,2949 521,2949"/>
                <Baseline points="537,3000 555,3000 600,2997 644,2997 689,2997 734,2994 779,2994"/>
                <TextEquiv>
                    <Unicode>müssen.</Unicode>
                </TextEquiv>
            </TextLine>
            <TextLine id="tr_1_tl_27" custom="readingOrder {index:26;}">
                <Coords points="777,3136 822,3151 892,3106 1015,3106 1051,3127 1157,3121 1202,3094 1359,3106 1392,3091 1395,3003 1232,2979 1205,3003 1169,2988 1057,3022 1009,2994 898,3016 837,2982 780,2994"/>
                <Baseline points="794,3098 820,3095 865,3092 910,3092 955,3092 1000,3089 1044,3089 1089,3089 1134,3086 1179,3086 1223,3083 1268,3083 1313,3080 1358,3080 1403,3080"/>
                <TextEquiv>
                    <Unicode>Mit besten Grüssen</Unicode>
                </TextEquiv>
            </TextLine>
            <TextLine id="tr_1_tl_28" custom="readingOrder {index:27;}">
                <Coords points="1723,3341 1889,3347 1937,3323 2097,3368 2353,3356 2356,3220 2208,3196 2178,3220 2115,3214 2064,3254 1910,3175 1811,3266 1723,3290"/>
                <Baseline points="1740,3334 1779,3340 1824,3334 1868,3331 1913,3328 1958,3325 2003,3325 2047,3325 2092,3328 2137,3325 2182,3325 2227,3322 2271,3319 2316,3313 2361,3313"/>
                <TextEquiv>
                    <Unicode>fischer.</Unicode>
                </TextEquiv>
            </TextLine>
        </TextRegion>
    </Page>
</PcGts>
