3163 3993
1239 376 1443 514 40C
1620 449 2622 668 VERLAC
848 514 1620 699 SCHER
950 663 2671 783 nitenkasse P in Berlin / Postscheckkonto Berlin Nr. 1662 — — Pernsprech-Anschlüsse: Amt Lützow Nr 1662 und 6162
470 707 558 785 Bank
1847 733 2410 877 Berlin W 57, Bülowstraße 90
1831 835 2786 976 Losowitz, den 23. April 1918.
2004 923 2590 1002 bei wesden.
2064 952 2859 1088 Šamatorium am
2335 1025 2875 1174 Königspark
1119 1088 1317 1182 Herrn
1265 1179 2058 1333 Wien Arthur Schnitzler,
2071 1244 2577 1377 W i e n XVIII.
2009 1341 2705 1500 Sternwartestrasse 71.
1377 1594 1876 1724 Lieber Freund!
926 1792 2838 1983 Jch bin hier-14 Tage-zur Erholung von einem langen schweren
767 1957 2750 2103 Winter- nicht in der Lage, Jhnen eine Abschrift meines letzten
777 2056 2817 2210 Briefes an Zifferer zu schicken. Es wäre mir lieb, wenn Sie sich
780 2160 2877 2309 diesen Brief von Zifferer kommen liessen, denn ich finde Sie sind
785 2293 2173 2452 nicht ganz im Bilde. Um kurz zu referieren:
950 2324 2807 2520 Jch habe zwei Depeschen von Zifferer bekommen, die mir das
801 2481 2763 2632 Wiener Unternehmen in ein anderes Licht gerückt haben. Jn der
801 2549 2823 2750 einen Depesche war davon die Rede, dass ich bis 5 April in Wien
819 2664 2877 2844 sein müsse, da sonst die beteiligten Kapitalisten und Paterfabri-
806 2773 2700 2924 ken den Oesterreichischen Verlag mit einem anderen Verleger
806 2932 1349 3084 machen würden.
965 2937 2950 3157 In der zweiten Depesche hat Zifferer eine Antwort Pringhorus
822 3076 2784 3243 zitiert, aus der hervorging, dass Prinz-Horn meine ganze
822 3107 2904 3368 Kraft für einen grossangelegten Oesterreichischen Verlag fordert,
2549 3277 2867 3431 Blatt II.
