3219 4072
1466 397 1646 620 35,9
950 549 2428 689 S. Fischer Verlag Berlin
939 722 2430 830 Amt Lützow 1662 n. 6162 Theaterabteilung postscheckkonto Nr. 16692
1348 793 2042 910 Berlin W 57, Bülowstraße Nr. 90
1112 869 2072 973 G/Stn. Den 20. Juli, 1915.
1088 1132 2020 1272 Herrn Dr. Arthur Schnitzler
2105 1246 2307 1372 Wien
1097 1433 1760 1583 Sehr geehrter Herr,
1260 1608 2478 1743 wir freuen uns, Ihnen die Mitteilung
1106 1693 2452 1832 machen zu können, dass der Abschluss mit
1108 1817 2476 1930 dem Neuen Theater in Frankfurt a/M. mit
2619 1923 2758 2014 r
1400 1897 2421 2020 Garantie und 10 % Tantieme zu-
1106 1930 1355 2068 M 2000.
1116 2003 2532 2157 stande gekommen ist. Es scheint Herrn Hell-
1106 2124 2508 2250 mer gelungen zu sein, Herrn Albert Basser-
1103 2228 2452 2367 mann zu einem Gastspiel zu den Einaktern
1116 2343 1533 2486 zu gewinnen.
1305 2421 2510 2541 Ferner haben wir den Vertrag mit der
1108 2521 2537 2671 Gesellschaft für Bühnenkunst in Köln-Ehren-
1108 2662 2434 2784 feld über eine einmalige Aufführung von
