3049 3865
314 323 479 482 Blatz
1137 274 1913 493 FISCHER /VERLAG
981 678 2801 880 Etwas anderes wäre es, wenn es sich um eine Novität han-
565 854 2784 969 delte. Da geht das mittlere Sortinent schon eher ein Risiko ein und
560 955 2793 1079 bestellt auf unsere Anzeigen. Uebrigens schicken wir auch einen Rei-
557 1062 2775 1200 senden in diesem Herbst auf die Reise und werden selbstverständlich
557 1142 1769 1307 Ihre Bücher ganz besonders anbieten.
2651 1157 2839 1295 eine
949 1246 2781 1367 Ich habe natürlich nichts dagegen einzuwenden, dass die
557 1333 2761 1463 Luxusausgabe der siebendigen Stundens in beschränkter Auflage dort
565 1460 2755 1578 erscheint, wo Sie es für sich an Zweckmässigsten halten. Venn Herr
560 1552 2683 1676 Horowitz die Skizze erst in Herbst vorlegen kann, so könnte eine
1719 1642 2106 1714 aie että
2118 1633 2781 1794 scheinen, für diesen
560 1644 2100 1766 solche Ausgabe erst bei mir im nächsten Jahr e
1959 1725 2097 1797 G.C.H.P.
1295 1745 1887 1812 lʼannée lʼhonneur de nouveau
1041 1743 1186 1812 G.C.H.P
565 1754 2804 1884 Weihnachten wäre es schon zu spät. Dass es nicht interessiert, brau-
816 1849 1091 1895 l'aMttnA
865 1875 1050 1916 G.C.R.S.
565 1849 2859 1985 che ich aber nicht zu sagen und ich würde mir gern die Skizze ansehen.
958 1947 2784 2095 Den =Reigens könnte ich in diesen Jahr nicht mehr brin-
568 2063 2718 2190 gen; aber wenn die Wirtschaftsverhältnisse in nächsten Jahr nicht
565 2161 2804 2294 geradezu auf den Kopf stehen, so würde ich darauf gern zurückkommen.
955 2276 2850 2380 Die gewünschten Dächer lasse ich Ihnen sugehen! auch wird
557 2328 2873 2547 Herr Soolield Thayer das Exemplar »Die Ergänzungsbäude der Erzählungen
565 2455 2268 2620 und Theaterstücken zur rechten Zeit zugestellt bekom
1743 2657 2395 2824 mit herzlichen Grüssen
1717 2752 1942 2931 th
2224 2885 2556 3044 schl.
