3113 3752
1237 223 1782 482 en Nr. 1663. 663 und 9292 /
1158 441 1891 600 THEATERABTEILUNG
2117 777 2518 956 Anatol" ins
899 771 1984 986 Herr Aguistain der Uebersetzer d
2046 910 2523 1030 tion in Madrid,
632 924 1867 1106 spanische hat vor kurzem selbst eine
2008 1022 2823 1180 zur Aufführung bringen.
635 1041 1948 1254 übernommen und würde dort gern “Anatol
621 1199 2809 1395 Er betont allerdings, dass er keine hohe Garantie zahlen könnte,
2169 1313 2649 1433 ein Stück von
638 1305 2134 1485 weil es sich um einen ersten Versuch handele
2126 1390 2747 1561 Es handelt sich um
640 1433 2101 1643 Ihnen auf der spanischen Bühne einzuführen.
1962 1523 2785 1717 schenke und der, was in
640 1567 1894 1771 einen Mann, dem ich durchaus Vertrauen
654 1646 2651 1848 Spanien nicht gerade häufig ist, von ernstem künstlerischem
654 1755 2717 1984 Willen beseelt ist. Ich ersuche daher höflich, mir Ihre evtl.
1101 1905 2692 2158 unlichst unter Berücksichtigung der Angaben des
657 2006 1063 2166 Bedingungen
657 2109 1621 2281 Herrn Aguistein mitzuteilen,
1098 2090 2801 2379 Ueber die mehr prinzipiellen Fragen werde ich mich
2545 2286 2700 2439 le 2e
673 2305 2232 2502 erst in den nächsten Tagen äussern können. Ich
673 2452 2153 2646 krank und bin etwas in Rückstand geraden, we
679 2605 1392 2780 entschuldigen wollen.
1450 2641 2000 2856 verbindlichen Gründe
2234 2938 2352 3128 Sir,
