3245 4119
1379 167 1555 285 tes
1115 182 2400 405 TISCHER/VERLAG
642 323 2711 525 Bankkonto: Deutsche Bank, Depositenkasse P. Berlin / Postscheckkonte: Berlin 16892
1085 428 2262 581 BERene W 57 / BULÖWSTRASSE 90
1270 513 2051 678 Ferneuf: Lützow 1662, 6162 und 9292
2148 593 2646 780 8. April 1919
672 587 851 792 was.
1106 725 2039 948 Nerrn Dr. Arthur Schnitsler
2297 854 2549 1033 Vien
824 1036 1323 1232 Lieber Freund,
851 1168 3025 1352 Ihre Korrespondens mit den Direktor des Frager Deutschen Theaters
736 1297 3092 1443 habe ich gelesen; ich habe Ihre mir wohlbekennte fechterlück polenische
1945 1373 2438 1438 annehmen
736 1394 3007 1526 Maltung, die Sie mit verjüngter Lust führen, nit Vergnügen bestütigt
742 1476 2975 1652 gefunden. Meine Theaterabteilung wird das lehrreiche Beispiel nicht
1018 1608 1267 1672 für Sil.
748 1637 1461 1766 ohne Gewinn befolgen.
880 1707 2978 1825 Vielleicht sollten Sie sich gegen die Aufführung des 2 Reigen
751 1760 3060 1971 nicht mehr spröde verhalten. In unserer entfesselten Zeit wiegen Zwei-
742 1901 3045 2054 fol und Bedenken nicht mehr so schwer wie sonst und da Sie den Reigen
757 2015 2981 2159 geschrieben haben, vorden Sie sich ja auch zu ihn auf der Bühne be-
766 2101 2954 2247 kennen. Ich bin aber dann natürlich in erster Linie für Reinhardt,
760 2227 3048 2353 jedenfalls aber gegen das Trianon-Theater, schon um dieses Werk nicht
757 2324 3072 2500 in die Nachbarschaft leichtfertiger französischer Schwänke zu bringen.
854 2420 2928 2588 Brünn verrechnet Eirich. Vielleicht fragen Sie der Kürze wegen
775 2567 1388 2696 selbst bei ihn an,
1455 2620 2221 2781 Mit herzlichen Grüssen
1842 2728 2086 2869 th
2168 2796 2866 3036 fischer
