3307 4151
1765 319 1962 480 FJ
1944 418 2031 505 P.S
1077 472 1288 643 et
1643 457 1829 635 1806
1092 612 1814 801 feuil de
1832 663 2184 770 27.5.1927.
2250 719 2544 875 mente sur¬
2018 763 2222 865 G.C.H.F.P.
1345 748 1977 883 xxnal at the xxx.
862 865 2582 1003 xxx sind Iauev meseih ata dpfirbten mevoraa seb. xxx
816 980 2577 1094 Lieber Herr Doktor.
1671 1049 2574 1161 e edele ides nenidt neinnem
1286 1110 1378 1184 G.H.P.
788 1079 1138 1217 adu" meilx
1296 1146 2679 1283 Soeben komme ich sprachlos vor Erstaunen und
2214 1219 2462 1286 Mm
898 1194 1054 1281 G.H.F.P.
819 1265 1135 1390 bestürzt
1408 1265 1600 1334 general¬
1628 1242 2709 1390 ersammlung unserer österreichischen
1408 1291 1600 1385 G.C.H.F.S.
1296 1263 1398 1388 re?
809 1332 2584 1495 Autoren-Genossenschaft, die den Enthüllungen des Byndikus
806 1470 2656 1595 Dr.Bars (glaube ich), der eigens aus Berlin gekommen war, um
809 1579 2758 1689 zu referieren atemlos gelauscht hat. Er hat die Resultate sei-
804 1656 2702 1804 ner Kontrolle der Tantièmen-Abrechnungen verschiedener deut-
806 1743 2755 1890 scher Bühnen zur Kenntnis gebracht und betont, dass es sich nur
806 1857 2822 2013 um Stichproben handle. Es kamen da folgende unerhörte Missstände
804 1944 2753 2079 an den Tag. Das Schanspielhaus und das Stadttheater in Hamburg
799 2069 2811 2214 muss jedes etwa 22.000 Mk. unterschlagener Tantiemen nachzahlen,
799 2163 2753 2322 ebenso das Stadttheater in Lübeck. Das Schauspielhaus in Leip-
791 2281 2669 2429 zig etwa 35.000 Mk. Die Städtischen Bühnen in Elberfeld und
791 2365 2748 2536 Barmen, in Frankfurt a.M., Barnays Breslauer Theater, das Theater
791 2472 2684 2638 in Plauen ist mit etwas geringeren Beträgen ehrenvoll in der
786 2623 2735 2745 Liste der Defraudanten vertreten. Am Deutschen Theater in Ber-
783 2707 2715 2857 lin, der grössten Reinhardt-Bühne, hat auf wiederholtes Drängen
791 2799 2824 2924 der Berliner Organisation endlich eine gründliche Revision statt-
783 2914 2799 3026 gefunden,die schlieselich selbst die Aufklärung über die relativ
786 3026 2623 3138 geringe Tantiemen-Summe gebracht hat,die Wolfgang Götz für
778 3123 2824 3220 seinen Bombenerfolg "Gneisenau" erhielt. Da ist nämlich folgendes
778 3215 2766 3363 passiert: Ein Beamter hat jahrelang (!) täglich die Freikarten-
768 3324 2704 3444 Billetts,die er erhielt, durch eine Kartensurückbehaltung ver-
768 3434 2799 3592 doppelt und diese Karten dann zu billigen Freisen für die eigene
758 3541 2707 3707 Tasche verkauft, wodurch dem Deutschen Theater ein Schaden von
