3113 3752
1796 197 2652 397 57 / Bülowstrasse 9o
673 208 1754 417 Fischer / Verlag / Berlin W.
1194 403 2460 479 Depositenkasse P in Berlin / Postscheckkonto: Berlin Nr. 16892
805 394 1134 521 unto: Deutsche B.
1244 467 1748 602 Anlüsse: Amt Lützow Nr.
1802 464 2176 631 6162-6164
2083 588 2525 723 19. Dez. 1922
467 628 667 729 Gr/si.
1050 791 1970 960 Herrn Dr. Arthur Schnitzler
2201 906 2393 1044 Wien
738 974 1607 1177 Sehr geehrter Herr Doktor,
760 1089 2702 1258 ich kann möglicherweise eine Ihrer grösseren Prossarbeiten
2351 1194 2466 1253 onde
664 1196 2767 1365 " Doktoer Gräsler, Badearzt" / Casanovas Heimfahrt / Frau Berta
631 1343 2762 1472 Garlau nach Frankreich verkaufen uns frage ergebenst an, welche
636 1436 2010 1588 Bedingungen Sie eventuell stellen würden.
698 1537 2739 1647 Ich danke Ihnen sehr für Ihre Mitteilungen über abernhardi
642 1647 2835 1810 Belgien und mLiebelei England. - Von einer amerikanischen Ausgabe
645 1754 2902 1866 Von »Weg ins Freie » ist mir nichts bekannt, dass Brandt selbständig
650 1835 2899 1968 abgeschlossen hat, halte ich für völlig ausgeschloßen. Ich schreibe
650 1956 2401 2097 gleich heute an ihn, um nähere Auskunft zu erhalten.
718 2058 2176 2170 Von Wotitzki haben wir noch keinen Bescheid.
1731 2151 2365 2320 Mit besten Grüssen
1773 2280 2379 2421 Ihr sehr ergebener
540 2277 1016 2449 2... 100 fl Cs
619 2401 1078 2528 Expt.  21/1 cn
692 2497 1022 2564 with -.. not.
2328 2455 2669 2632 des Greuves
692 2514 1177 2632 de tout et jes belle.
1970 2480 2280 2618 S. FISCHER
794 2584 1053 2711 res-celuis.
1962 2598 2503 2722 AUSLANDSABTEILUNG
