3051 3975
2601 359 2711 522 G.
386 395 1089 599 décembreur des
1109 397 2320 575 se nimé pehrij ai t
578 564 2397 667 «««a«i.««* aifr«B oiandisadag«o? i n i! m â¢ nn«/m ogqo(i U. otsodii«aB
887 638 2088 703 G.C.F.K. h.a. f. g. m..t.t..,...
498 647 2676 756 konnte. Und auch in unserm Fall habe ich durchaus den Wunsch, die
495 730 2839 878 schwebenden Fragen einer loysten Lösung entgegen zu führen. Von diesem
492 866 2732 988 Gesichtspunkt gebe ich Ihnen recht, wenn Sie sagen, dass Sie an der
495 961 2747 1065 Geldentwertung nur soweit teilnehmen wollen, als Deutschland selbst
504 1068 2770 1178 dabei in Frage kommt. Dieser Gesichtspunkt war auch auf meiner Seite
481 1166 2732 1302 letzten Endes ausschlaggebend, obgleich die Frage nur für Sie damit
495 1299 2806 1409 entschieden ist, denn die Valuteneinnahmen, die wir für den einzelnen
2865 1296 2978 1519 kn¬
492 1388 2833 1519 Autor bekommen, reichen noch lange nicht aus, um Neuherstellung seiner
489 1498 2768 1605 Bücher sicherzustellen, dazu steht der Absatz im Ausland zum Gesamt-
501 1623 2827 1714 absatz nicht im richtigen Verhältnis. Wir bekommen ausserdem nur einen
2584 1676 2809 1756 ouvrage
498 1694 1246 1812 Teil der Valuten für d
1234 1700 2702 1815 die im Ausland abgesetzten exemplare. Es wird
810 1780 1246 1839 A.W.A.S.
196 1703 421 1854 dzé nt
217 1827 303 1913 P.
504 1803 2744 1898 Ihnen nicht unbekannt sein, dass der grössere Teil der Bücher durch
323 1824 415 1925 :
501 1895 2797 2032 allerhand illegitime Quellen nach dem Ausland geflossen ist; seit dem
214 1913 377 2124 e
489 2017 2794 2136 1. Oktober ist ausserdem die Ausfuhrerlaubnis aufgehoben, sodass jeder
492 2133 2788 2257 Zwischenhändler KIIiä deutsche Bücher nach dem Zusland schicken kann.
492 2216 2658 2331 Es kommt weiter hinzu, dass wir Devisenabgaben xxxx Staat suhon
492 2311 2848 2420 gemacht haben und am 15. Dezember noch weiter zu machen haben; es kommt
492 2435 2854 2545 ferner hinzu, dass wir ab 1. Oktober monatlich 30 % von den Devisenein-
483 2551 2794 2646 nahmen an den Staat abliefern müssen. Sie sehen also, dass sich trotz
492 2646 2768 2762 des besten Willens Schwierigkeiten in den Weg stellen, die uns wegen
495 2738 2824 2856 der Betriebsmittel die schwersten Aufgaben stellen. Das ist der Grund,
489 2856 2735 2975 weshalb die führenden belletristischen Verleger, soviel mir bekannt
492 2925 2812 3061 ist, sich gegen die Auszahlung von Valuten wehren. Mir ist nur bekannt
1474 3032 2142 3106 und einige Musik
486 3055 2773 3189 geworden, dass die wissenschaftlichen Verleger, die 3/4 ihrer Produk¬
489 3165 2735 3284 tion nach dem Ausland verkaufen und Verleger von Luxusausgaben, die
475 3260 2634 3414 nicht wieder neu hergestellt zu werden brauchen, Valuten an ihre
478 3349 1068 3491 Autoren bezahlen.
1492 3355 1617 3482 G.F.P.
570 3429 2726 3634 Wir haben mit Herrn Jacob wegen der Verrechnung der Valuten be-
1317 3568 1427 3637 6th
489 3589 2877 3797 sprochen, dass wir Ihnen xx 1. April die Exemplare, die uns mit Valuten
