3062 3848
1343 153 1484 279 664
776 176 2248 408 S. Fischer / Verlag / A.=G. Berlin W 52.
541 370 2483 476 Bankkonto: Deutsche Bank, Depositenkasse P in Berlin / Postscheckkonto; Berlin Nr. 1669.
949 458 2104 567 Fernsprechanschlüsse: Amt Lützow Nr. 6162 bis 6164
1352 514 1719 632 Bülowstraße oo
423 500 623 667 Fr/M1.
1128 576 1719 746 das eih, einöx
450 611 937 764 wie wolle zog zu
426 720 605 805 Herrn
441 694 1646 899 nessind ihrdevanns llebareH neuljnäwne
1040 791 1840 920 Dr. Arthur Schnit:
2463 793 2663 917 idste
2101 782 2289 905 regel 3
2113 911 2410 1052 1 fe n. a.
406 890 1901 1084 Jeden nedoorgseg anodst seale noltsanegmen nov¬
450 1014 2677 1161 ett schab, xxxberxxx enten edssaial wes at sah ind og.fährte MOS neb
429 1108 2674 1272 Lieber Freundtstuck nachwegen xxx garbald enie xxxw neuen vollgözend
447 1199 2674 1367 ### handelt sich in der Tat nicht um die 22, sonders, wie Sie
438 1302 2801 1499 richtig sagen, um eine prinzipielle Frage. Ich hatte wiederholt Gelegen-
356 1414 2642 1572 heit, darauf hinzuweisen, dass hicht der Rang des Autors, sondern die
441 1531 2733 1666 Kalkulation bei der Bemessung des Honorars die ausschlaggebende Rolle
444 1616 2692 1778 spielen müsste. Es kommt lediglich darauf an, vieviel Auflagen wir
420 1731 2665 1907 Jeveilig auf einmal drucken können und in welchen Tempo der Absatz
426 1834 2707 1981 stattfindet. Ich habe ferner daran erinnert, dann Ihr Gesantwerk, das
461 1957 2689 2092 zumeist aus dramatischen Nerken besteht, nur in kleinen Auflagen neu
438 2045 2686 2210 -hergestellt werden kann. Dieser Umstand beeinflaset die Kälkulation
438 2134 2698 2289 - zu Ihren Ungünsten. Gehen wir von diesen Standpunkt aus, so ist der
458 2233 2710 2424 Wettbewet einen anderen Verlagen, der günstigere Bedingungen stellt,
470 2333 2701 2507 kein Beweis dafür, dass ich Ihnen einen zu geringen Prozentsatz an¬
479 2442 2712 2613 geboten habe, möglichst fehntes sindotales, mäs sol bau, nedan gebautgne
376 2507 2724 2733 Sie irren auch, wenn Sie annehmen, dass der Honorarsatz in
1261 2645 2689 2798 Ihren der gleiche ist. Das Gegenteil ist der
488 2671 1275 2842 jeden Verlag für alle Au-
482 2754 2733 2903 Fall. Aus den hier erwähnter Grunde gibt es wohl kaum in irgend einen
1002 2868 1751 2933 für alle Anfören.
464 2836 2718 3039 Verlag einen gleichen Honorareste. Er wäre Okenomisch unmöglich. Und
503 2968 2680 3127 wenn xxx von der Gefährung der ökonomischen Basis meines Verluges
2004 3050 2715 3227 stehen; dass ich durch
488 3083 1816 3250 gesprochen habe; so tst das auch nur ###o
