3307 4151
1727 323 1865 476 Bouvel
1384 444 1585 602 802
847 571 2577 660 Abschrift des Briefes vom Deutschen Theater Berlin.
2124 628 2271 718 — — — —
1735 640 1851 744 G.
2329 675 2724 804 den 13.5.27.
2375 778 2684 850 (1)
2516 810 2686 917 G.C.H.
871 827 1075 963 Firma
1248 845 2024 994 S. Fischer Verlag A.G.,
2228 902 2539 1009 Berlin W.
1185 1075 2064 1260 Sehr geehrter Herr Doktor!
2600 1222 2718 1358 mir
2196 1268 2283 1346 und
1018 1254 2205 1404 Sie hatten vor einiger Zeit die Fr.
2266 1245 2689 1415 Dichkeit
2196 1329 2283 1384 G.F.P.
1470 1361 3038 1470 Weihern einzusenden, auf den ich von verschie-
758 1375 1467 1508 Schnitzler's »Ganz zu
1473 1450 1548 1484 G.C.H.
1381 1456 1764 1528 Somme de la nouvelle
755 1490 3021 1620 denen Seiten schon aufmerksam gemacht worden war. Ich habe das Stück
761 1580 2862 1683 schon gelesen und Sie werden es nicht anders erwarten, als dass
1781 1669 1975 1732 lʼhonneur a lʼadresse
752 1678 3015 1813 mich eine so kultivierte Arbeit auf das Aeusserste anzieht. Ich habe
761 1790 2787 1891 die prachtvollen Verse mit der allergrössten Freude genossen.
1032 1879 3024 2021 Wenn ich nun auf die von Ihnen sicherlich sogleich gestellte
761 2006 3073 2142 Frage bezüglich der Aufführung komme, so sieht es damit zunächst nicht
1101 2090 1205 2150 Ach
764 2098 1813 2243 so aus, wie es wünschen möchte.
1029 2139 2989 2303 Ein solches Stück erfordert eine ganz ausserordentliche Be-
1069 2254 3061 2404 nicht nur, was die Persönlichkeiten der Schauspieler anlangt
770 2326 1026 2418 setzung
2306 2378 2519 2447 Votre très-diteur.
1032 2378 1219 2450 ouest eu une autre mauvaise
1770 2384 2116 2450 m m m
836 2398 934 2456 M.
775 2418 3055 2577 sondern auch was ihre stilistische Eignung anlangt, ein solches Stück
1542 2537 2067 2643 Mais elle lʼautre beaucoup de même
775 2537 1219 2655 darzustellen.
1038 2563 3076 2701 Sie sind selbst über die Berliner Theater zu gonau orientiert,
781 2686 2998 2836 um nicht zu wissen, dass eine solche Besetzung sehr schwer zusammen
773 2833 3050 2952 zu bringen ist und dass man andererseits ein solchos, dem Tagesspiel-
773 2943 3035 3081 plan gänzlich abgewandtes, Stück nur in vorzüglicher Besetzung geben
775 3044 960 3153 darf.
1029 3104 3102 3234 Es ist dies eins der Werke, die man unbedingt im Auge behalten
773 3251 3018 3381 muss und darum bitte ich Sie, mir zu erlauben, das Stück noch etwas
773 3361 1202 3488 zu behalten.
1767 3381 2384 3522 Mit besten Grüssen
1871 3468 2320 3560 Ihr ergebener
1695 3525 2401 3678 gez. HANS ROTHE
