2915 3895
1119 249 1268 385 kw. 16
367 358 2518 550 S. Fischer/Verlag/Berlin M 57/Bülowstraße ge
1107 597 1797 755 Theaterabteilung
1831 600 2543 743 Postscheckkonto Nr. 16892
345 597 989 749 Amt Lützow 1662, 6162, 9292
1542 696 2238 905 Am 6. September 192 1.
292 870 2512 1091 -ÄÖTRA gesdimmenö Feb.Holl###negeles.Sttäk Jreijodssa redlea Tebeiw
898 1035 2503 1197 Is doch lednedam doha te taa "negloß" nov negnur
224 1029 954 1197 beganzungen und Herrn
227 1153 2499 1290 Dr. Arthur Schultzler
221 1290 2503 1414 Sielelfeg medseä negibeswrom unegten nur eib eit.nenom psemaixen
2030 1365 2456 1427 r~yBnB
339 1355 2512 1533 -ie es mül nov enuxenolegä envilkaus enten doebet Taw eÄndtad
183 1439 432 1629 ooue
454 1470 2506 1607 Sehr geehrter Herr Doktor, xxx
155 1620 2655 1735 xxx wir depeschierten Innen neulich, dass wir
233 1710 429 1828 — egne
448 1694 2593 1847 über die Existenz einer holländischen Ausgabe des "Reigen" immer
270 1797 441 1962 . de 3.
441 1819 2630 1949 noch im unklaren sind, nochmals um Auskunft über diesen Punkt nach
215 1896 410 2049 G.H.F.P.
457 1934 2726 2058 Salzburg, Oesterr.Hof.Die Beantwortung dieser Depesche ist inzwischen
165 2014 445 2157 G.H.O.F.HG.
457 2039 2574 2173 insofern von geringerer Bedeutung geworden, als nun endlich doch
1554 2142 2705 2269 ktion hier eingetroffen ist. Diese
457 2154 1449 2288 eine Antwort der Amsterdamer
1237 2245 1408 2291 Mlle
454 2257 2630 2419 geht auf unsere finanziellen Bedingungen nicht besonders ein, so-
463 2335 2717 2481 dass anzunehmen ist, dass sie sich mit diesen einverstanden erklärt.
466 2462 2674 2596 Die Sache hängt nun noch davon ab, dass es ihr gelingt in Rotterdam
2266 2549 2372 2608 G.C.H.
364 2574 457 2692 Aes
466 2583 2708 2698 und im Haag eine entsprechende Bühne oder einen vornehmen Thodter
501 2686 740 2773 zurück
270 2683 445 2798 Ladéa
473 2661 2695 2826 saal zu finden, endgültiges ist uns für die nächsten Tage zugesagt.
1278 2770 2664 2925 In der Angegegenheit Samst, der ein armer
333 2904 457 3028 G.H.P
476 2876 2636 3028 Teufel, aber ein ziemlich schwer verdaulicher Querulant ist, werden
476 2984 2667 3134 wir so mild vorgehen, wie dies unter Wahrung Ihrer Interessen mög-
463 3106 2605 3264 lich ist. Es wäre dies übrigens längst geschehen,wenn nicht Herr
469 3239 2642 3364 Samst durch sein uneidliches Betragen unser Entgegenkommen immer
336 3507 538 3653 R. 1000.8.20.
