3282 4215
1321 487 2187 628 Verlag / A.=G. - Berlin d.J.
1089 525 1294 693 cher /
655 657 2495 854 Bankkonte: Deutsche Bank, Depositenkasse P in Berlin / Postscheckkonto: Berlin Nr. I.
1030 728 2160 834 Fernsprechanschlüsse: Amt Lützow Nr. 6162 bis 616
892 948 1042 1074 errn
790 1045 1171 1159 I.fodft bet.
587 1013 707 1186 des
643 1162 1098 1303 ab, was man so wir durch
1585 1244 1705 1438 und
1353 1239 1462 1388 aber
983 1283 1080 1465 Ou
426 1324 825 1500 gebren oder
1153 1423 2832 1582 Vielen Dank für die Zusendung der Korrekturbogen. I
587 1526 2938 1661 Novelle, von der eine erregende Schönheit ausgeht, hat mich mit grösste
587 1603 2938 1752 Spannung festgehalten. Mit gewohnter Geisterschaft haben Sie Ihr Thema
848 1732 1294 1814 3. Deutschelle. — Lehti
590 1708 2900 1875 Mein Traum ist völlig Traum" lebendig gemacht, und die vom Schicksal
599 1817 2935 1999 angefallene Gestalt das eigene Bild im Kampf gegen seinen Dämon gewin-
605 1914 2961 2057 nen lassen aus dem wirklichen und geträumten Leben. In unserer Zeit der
619 2010 2603 2166 abenteuernden Bücher und Filme ein bewundernswertes Vorbild.
1174 2128 2935 2251 Darf ich Sie bitten, mich wissen zu lassen, unter wel
616 2219 2923 2389 chen Bedingungen Sie mir den Verlag der Buchausgabe übertragen würden.
613 2345 2897 2462 Ich habe in einem einzigen Falle eine Tantième von 25% vom Ladenpreis
613 2442 2903 2562 des broschierten Exemplares bezahlen können; es handelte sich um eine
616 2545 2953 2680 Erzählung, von der ich als erste Auflage 25 000 Exemplare drucken konnte
622 2630 2882 2762 woraus sich technisch eine Ersparnis der Herstellungskosten ergeben
613 2732 2762 2882 Diesen Tantiémensatz erlaube ich mir, Ihnen anzubieten und Ihnent-
628 2853 2589 3041 Versicherung zu geben, dass im übrigen kein Autor meines ye-
625 2970 1688 3111 höhere Tantième bekommt als Sie.
1195 3035 2016 3220 Ihre dramatische Dichtung.
616 3182 1547 3322 neuen Korrekturen vorgenomme.
1277 3270 1494 3408 genwärt
631 3358 1203 3522 deutscher Herkunft.
663 3481 1268 3660 gesammelten Werke H
