3146 4023
1285 219 1507 334 1-10
1406 364 1603 558 q7e
829 542 2401 730 S. Fischer. Verlag. Berlin
719 632 853 747 auch
684 714 2533 864 Amt Lützow 1662 u. 6162 Theaterabteilung postscheckkonto Nr. 16692
2749 670 2874 867 u
1184 804 2035 944 Berlin W 57, Bülowstraße Nr. 90
2396 851 2565 1028 letre
1305 911 1988 1097 Den 16. Nov. 19120
725 905 933 1069 G/Sch
681 1209 894 1370 Herrn
955 1307 1690 1469 Dr. Arthur Schnitzler
1783 1409 2062 1534 Wien
697 1543 1570 1756 Sehr geehrter Herr Doktor,
1564 1726 2853 1835 das Théatre Pitoéff in Genf erkundigt
697 1783 2653 1977 sich nach dem französsischen Aufführungsrecht von
2568 1879 2724 1991 geo
695 1923 2579 2073 Masken“. Das Theater bat bisher von nicht französsischer
662 1977 823 2059 1
689 2043 2661 2172 literatur gespielt Strindberg, Ibsen, Syngs und die Russen
695 2155 2565 2281 und beabsichtigt es im nächsten Jahr auch mit deutscher
697 2267 2754 2393 literatur zu versuchen. Wir fragen ergebenst an, ob wir ver-
695 2358 2757 2483 handeln können. Ueber Bedingungen ist bisher nicht gesprochen
697 2497 2855 2596 worden. Es handelt sich daher vorerst nur um eine grundsätzliche
695 2582 1190 2751 Stellungnahme
1463 2639 2823 2809 Die Angelegenheit mit Italien macht in -
700 2781 2899 2902 folge gewisser drückender Hebenbedingungen die von Seiten unserer
703 2891 2896 3082 Vertretung gestellt werden, Schwierigkeiten. Wir werde auf diese
711 3003 2885 3192 Sache zurückkommen, sobald wir klarer sehen. Was " Weg ins Freie"
697 3175 2771 3312 anbelangt (gleichfalls Italien), so müssen wir Ihnen leider
697 3271 2790 3405 mitteilen, dass die Angelegenheit teils wegen der Bedingungen,
703 3364 2533 3528 teils aus anderen Gründen sich nicht realisieren wird.
1395 3457 2369 3597 Mit vorzüglicher Hochachtung
1668 3556 2232 3616 S. FISCHER, VERLAG
547 3550 2667 3676 Die oben genannten Bedingungen haben Söltigkeit bis zum THEATERAET=Sallung an diesem Tag noch keine
547 3657 2664 3788 entscheidende Antwort erhalten haben, so nehmen wir an, daß wir über das in Frage stehenden Wort andermattig verfügen können.
