3297 4200
665 541 1453 750 S. FISCHER : VERLAG
647 671 1100 824 ler 13/9. 26
1209 718 1547 879 tant eu le même ou de ses
1147 821 2385 974 .nadlsche xxxanlwaa! über xxx
509 924 2482 1041 Manuskripts, das wir nun erwarten, die Frage des ungekürzte
1506 974 2350 1056 er selb xxxas sie xxx
476 1012 1391 1094 wam xxx wurde xxx
406 971 2562 1168 abdrucks prüfen wollen. Am 26. Juli haben Sie das Manuskript gese¬
1485 1085 2441 1182 s.Jleded iw Daia og.demmxx
406 1124 1453 1218 bav RedodxO mr.medley lews mi d
403 1100 2618 1259 und geschrieben, je mehr Sie sich mit der Frage beschäftigen, um so
103 1109 356 1265 ordre au dernier
141 1191 2485 1356 ###e Jholme###nd ux dogindsigele? doim dui erfid redbrso KouA.Rekomab us
406 1191 2735 1368 eher neigen Sie der Ansicht zu, dass der Verabdruck in der «Bundschau¬
409 1285 2462 1415 heudichosegiov dixx novos demmunt xxxo xxx ganlles###eM xxx
406 1329 2571 1471 nicht von besonderen Verteil wäre, da er doch nicht in einen Heft
241 1321 391 1450 . Je!
115 1394 2312 1582 .Jluszev xx*zicmæxl 000 fl s/lemed diw neden » ellevohmus?“ Tu heb nur
412 1397 2632 1574 abgedruckt werden könne. Es würde sich also empfehlen, das Büchlein
294 1503 2435 1627 .cennox ua asiouub paa xxxo aeMosadleM iov iiswab.eldod dol saaabot
406 1529 2706 1712 im Herbst herauszubringen. Darauf hat Maril am 29. Juli geantwortet,
418 1606 2685 1800 er würde darüber noch einmal meine Meinung einholen. Inzwischen war
415 1721 2615 1909 Dr. Kayser auf Urlaub gegangen, wir konnten ohne ihn die Frage des
2568 1744 2785 1877 aus
418 1841 2697 2000 Abdrucks überhaupt nicht entscheiden. Ich habe mir das Manuskript
426 1929 2765 2121 Berlin kommen lassen und gesehen, dass bei der Natur der esseystischen
424 2024 2365 2253 Arbeit eine gekürzte Fassung für den eventuellen Abdruck i
447 2147 2809 2303 "Rundschau" nicht in Frage steht. So lagen die Dinge gegen Ende Juli.
503 2224 2777 2424 Ich habe von Ihrem Brief von 26. Juli keine Kenntnis bekennen und so
450 2353 2774 2527 war ich immer noch der Meinung, dass der Vorabdruck in der "Bundschaus
456 2435 2806 2638 erst entschieden werden kann, wenn Dr. Kayser von seinen Urlaub zurück-
447 2582 2535 2738 gekehrt ist. Infolgedessen blieb die Sache ruhen bis ich vor et
459 2662 2491 2850 Tagen nach Berlin kam. Da habe ich sofort das Manuskript in d
462 2782 2415 2941 geschickt und wir werden mit der Broschüre Anfang Oktober in
468 2912 2315 3050 können. Ich lege eine gatzprobe der Druckerei bei. Falle
476 3035 1915 3165 Satzanordnung einverstanden sind, so erbitte
479 3129 1365 3294 diesem Fall werden die Fahr
482 3247 959 3382 sein können. In
485 3377 674 3477 richte
