3059 4039
509 809 1178 982 Sehr geehrte Herren,
592 863 2526 1089 wir werden darauf aufmerksen gemacht, dass die beiden von
446 1035 2484 1199 Ihnen herausgegebenen Erzählungen von Arthur SCHNITELER » Der
1562 1130 2550 1309 ###nussich für den Gebrauch von
452 1160 1508 1327 Blinde Serenisos und die Neigen:
452 1247 2698 1404 deutschen Texten in englischen Schulen eignen wurden und wir würden
446 1360 2683 1505 sie gern herausgeben, wenn wir mit Ihnen über die Bedingungen einig
449 1473 2654 1598 werden könnten. Wir möchten kleine Kürzungen in beiden Erzählungen
458 1577 2719 1746 vornehmen und sie als Schulbükker mit Hinzufügung von Noten, Vokabn-
458 1684 1574 1830 lar etc. herausgeben.
583 1761 2588 1907 Wir schreiben Ihnen deshalb un zu erfahren, für welche Sunne
464 1886 2561 2017 wir das alleinige Recht an die deutsche Ausgabe dieser Texte in
461 1987 2785 2097 britischen Beiche erhalten könnten. Wir wären nicht in der Lage, eine
467 2085 2758 2210 Tantiene zu zahlen, denn, wie Sie verstehen werden, können wir solche
461 2193 2737 2335 Schulhüchen nur zu niedrigen Preis verkaufen und wir haben auch noch
464 2303 2856 2425 den Herausgeber für seine Arbeit zu bezahlen. Wenn Sie also bereit
464 2386 2695 2517 wären, uns das Verlagsrecht auf diese Weise zu überlassen, so wären
467 2502 2716 2633 Sie natürlich vollkommen frei was die englischen Uebersetzungsrechte
461 2594 2698 2752 betrifft. Wir hoffen deshalb, dass Sie in der Lage sein werden, uns
467 2695 2627 2862 zum sagen, auf welche Weise Sie uns die Rechte verkaufen können,
473 2811 2642 2951 für die wir uns interessieren und zwar für eine einmalige Zahlung
1526 2913 2335 3082 vorzüglicher Hochachtung.
1684 3011 2312 3198 et de Bell & Fors
