3169 4205
2180 796 2393 938 1. 1929
1926 817 2040 941 -
2242 926 2356 1056 als
505 941 2102 1139 net „Insten mitte aasste dat sestend todt.edste an
982 1149 1656 1263 taatschuldigen Sie von
1684 1204 2601 1334 opät über an und könnte erst
322 1232 1226 1400 Herr Desseche. Ich kon erst
1898 1307 2570 1446 Vittage Theater optelt
1192 1344 1780 1474 - Des oresseurs
272 1378 607 1517 leute frühle
297 1421 2573 1619 nur in englischer Spreche. Da das Teil wird zur zu Irring Fl###e Thater.
409 1523 2573 1722 benchnet in lextagten Are Theater deutsch gespielt. Ie bestekt irgend
294 1632 2576 1805 ein Missverständniss wegen der „Mesen S###“, vielleicht durch den
288 1684 2774 1910 Tischen Titel der für die Aufführungen benötzt wird. Obgleich allerdings dieser
300 1824 2554 2019 genau den deutschen Titel viedergibt, also. The big seene* kl###as. Herr
294 1901 2666 2105 Kartuch hat es vergessen, oder zu irgend eine Wendung in seinen Briefe lies
303 2037 2455 2220 den Inhalt nicht verständlich werden. Die wei Einunter die am Trenn
1474 2186 1585 2276 G.H.P.
313 2183 1455 2316 Villinge Theater gegeben wurden waren
824 2242 2170 2396 Des â ( the Fesiavul of ###sou*
749 2359 1982 2514 „ Die grosse Sätze * ( die btg some)
1158 2369 2681 2601 ageben wurde kann ich sicht berichten, da ich nur
310 2486 978 2647 on cas dritte des ###
313 2517 2527 2709 die beiden obengenannten gesehen habe. Aber die wollen habe ich gesetzt
2328 2632 2499 2771 aure
310 2666 1926 2852 habe sogar nach der Aufführung von der, Grossem Staats-
322 2777 2074 2948 Conrey, der die Hauptrelle spielte, über die Aufführung
328 2867 1944 3028 schuldigte sich, dass seine eigene Leistung nicht
341 2969 1852 3124 hätte, aber er var mit der inses stertag etc.
350 3078 1771 3251 er für eine so wichtige xxx
347 3189 1508 3344 ja sein, dass die Einkünfte der Auf¬
799 3322 1149 3446 Sie tah X»
1526 3496 1626 3647 og
477 3935 576 4016 8. 22/2.
