3166 3769
1375 309 2102 525 ISCHER/VERLACG.
667 492 1558 670 Dr.A. Schnitzler 19/11. 28
2744 462 2936 661 1744
688 718 2990 904 wir nicht gewachsen sind, da wir in Abrechnungsarbeiten, die monatlich
658 853 1537 976 gemacht werden, ersticken.
757 913 2894 1087 Die Verrechnung der fremden Mährungen ist aber auch noch deshalb
2093 994 2738 1066 der Einnahmen
667 1033 2867 1210 schwierig, weil wir einen höheren Prozentsatz an den Staat abgeben
661 1105 2999 1276 mussten und einen weiteren Teil noch abzugeben haben werden; abgesehen
685 1249 2930 1381 von den 3. Abgabe, die ab 1. Oktober in Kraft trat. Wir werden zu-
667 1330 3063 1507 nächst eine Aufstellung der Einnahmen machen und dann noch einmal darauf
685 1465 1135 1624 zurückkommen.
784 1507 2918 1714 Was nun die Aufwertung der verrachneten
697 1657 2936 1802 (nebenbei bemerkt) in Deutschland eine Verpflichtung nicht besteht,
1663 1729 2927 1910 zug sind- so haben wir bis 1. September
1138 1798 1615 1943 en nicht im Ver-
1384 1859 1612 1922 G.C.H.F.S.
682 1792 1117 1919 -falls Zahlung
931 1886 1039 1937 de ses autres.
700 1874 3114 2012 die zahlungen des Sortiments erst nach Wochen bedeutend entwertet bekomme
703 1961 2993 2141 und auch nach diesem Zeitpunkt hat es noch immer 8 - 10 Tage gedauert
700 2054 3057 2237 bis wir das Geld in Händen hatten. Wir hatten immer versucht, Sie durch
715 2159 2909 2366 schätzungsweise Anzahlungen vor Valutaverlusten zu schützen und so
1591 2258 2153 2342 de la riviere de l'année de même
1216 2285 1525 2345 A.W.A.
706 2264 2969 2444 weit das in den Abrechnungen ab 1. Juli nicht der Fall war, haben wir
715 2348 3063 2531 Herrn Jacob vorgeschlagen, die Erlösanteile und unsere a Kontozahlungen
718 2513 2501 2660 in Grundzahlen gegenüber zu stellen und zu verrechnen.
1663 2603 2285 2816 Mit besten Grüssen
1871 2768 1991 2906 Ihr
2042 2771 2588 2924 CISCHER.VERLAG A - 0
2015 2903 2489 3072 fische
