3064 3783
1093 501 2572 690 S. Fischer. Verlag. Berlin
1099 719 2568 859 Amt Lützow 1662 u. 6162 Theaterabteilung postscheckkonto Nr. 16692
1501 801 2186 898 Berlin W 57, Bülowstraße Nr. 90
1107 879 1278 990 F.F.
1487 883 2177 1027 Den 13. März 1917
1105 1130 1319 1251 Herrn
1483 1165 2212 1304 Dr. Arthur Schnitzler,
2239 1265 2500 1382 wien
2247 1362 2547 1456 ̃ ̃̃'̃-̃=-
1119 1471 1584 1649 Lieber Freund,
1592 1592 2666 1721 das Berliner Residenztheater möch-
1124 1682 2664 1836 te den "Einsamen Weg" Spielen und hat dabei den
1117 1779 2572 1933 Wunsch ausgesprochen, auch Ihre älteren Stücke
2241 1871 2327 1918 G.C.H.
1119 1921 2641 2036 ins Repertoir einzubeziehen. Das Residenztheater
1119 1997 2676 2134 wird jetzt von Direktor Eugen Robert geleitet zum
2027 2079 2224 2132 A.W.S.
1122 2095 2674 2243 ersten Male in dieser Saison. Früher hat das Thea
1132 2220 2680 2331 ter hauptsächlich das französische Drana und Lust-
1132 2298 2643 2434 spiel kultiviert. Robert war vor Jahren Direktor
1124 2416 2662 2545 der Berliner Hebbeltheaters, hat dort keine über-
1119 2539 2586 2631 mässige Begabung entwickelt, aber immerhin ge-
1119 2611 2641 2738 zeigt, dass er als Bühnenleiter auch in künstle-
1107 2730 2650 2855 rischer und literarischer Hinsicht ernst zu neh-
1119 2851 2685 2991 men ist. In diesem Jahr hat er mit der. Warschau-
1134 2921 2607 3097 er Zitadelle "einen grossen Erfolg gehabt. Das
