3032 3657
1384 126 1562 298 876
822 197 2378 431 S. Fischer Verlag, Berlin M., Bülowstrasse 90
1471 401 1859 527 19/12. 1916
682 691 1562 912 Herrn Dr. Arthur Schnitzler
1583 822 1766 996 Wien
617 988 1073 1209 Lieber Freund,
650 1198 2725 1365 das neue Hilfsdienstgesetz wird voraussichtlich die Arbeitsver-
620 1308 2637 1441 hältnisse auch in den Buchdruckereien und Papierfabriken so ein-
625 1411 2711 1551 schränken, dass wir sehr wahrscheinlich mit einer sehr reduzierten
622 1521 2654 1660 Leistungsfähigkeit zu rechnen haben werden. Damit wird auch eine
628 1638 2678 1772 erhebliche Verteuerung der Materialien und der Herstellungskosten
628 1714 2563 1848 verbunden sein, so dass wir gezwungen ein werden, uns darauf
625 1837 1062 1960 einzurichten.
743 1946 2645 2037 Für die Autoren meines Verlages muss der Betrieb unter allen
1813 2017 2255 2080 dʼavoir lʼhonneur de nʼa luisant
2307 2015 2558 2072 G.C.H.F.P.
1223 2017 1510 2078 3 rt vrai a
636 2039 2667 2165 Umständen aufrecht erhalten werden. Für jede neue Auflage und für
876 2127 1597 2179 3 actes de la nouvelle. — Le esseignement mais elle
631 2143 2735 2250 jedes neue Buch muss die Möglichkeit gegeben sein, sie in der alten
625 2244 2236 2381 qualität wirksam an die Oeffentlichkeit zu bringen.
778 2361 2796 2476 Um eine Uebersicht zu bekommen, was mein Verlag im nächsten Jahr
622 2443 2817 2563 zu leisten hat, bitte ich Sie, wenn Sie es irgendwie übersehen können,
617 2542 2757 2667 mir recht bald mitzuteilen, ob Sie im nächsten Jahr ein oder mehrere
622 2673 2793 2796 neue Bücher herauszugeben beabsichtigen. Ich erinnere mich, dass Sie
617 2771 2757 2883 mir im vorigen Jahr von einigen fertigen Novellen erzählten, die Sie
620 2834 2727 2973 nicht als Buch herausgeben wollen, so lange die Vorveröffentlichung
617 2962 2733 3093 Schwierigkeiten macht. Nun hätten wir ohnehin den Wunsch, dass Sie
620 3060 2815 3159 auch wieder mal in der "Neuen Rundschau" zum Wort kommen, und obgleich
612 3164 2793 3309 diese Zeitschrift sich noch immer im Notzustand dadurch befindet, dass
385 3303 497 3418 F. 276.
