3307 4151
1627 1003 1834 1123 853 a
711 1006 1575 1203 Avler Dr Bruno
2038 984 2472 1149 Berlin
2145 1127 2508 1200 à lʼhonneur de lisant avec une selle
726 1137 1045 1218 cʼest une autre rue de ses
1795 1164 2162 1281 19.3.1927.
881 1303 1846 1427 Sehr verehrter Herr Doktor.
1281 1461 2437 1583 Beinahe alle meine kürzeren Novel
891 1539 2377 1636 len sind in Sammalbänden erschienen und so
894 1585 2403 1658 wäre ich leider nicht in der Lage Ihnen für
894 1639 2442 1717 Ihr Buch wenigstens in absehbarer Zeit einen
881 1692 2452 1773 Erstdruck zu überlassen. Was nun einen Zweit-
891 1746 2362 1834 druck anbelangt, so weiss ich aus Erfahrung
889 1790 2299 1877 dass mein verleger sich solchen Anträgen
884 1831 2396 1924 gegenüber zum mindesten zögernd verhält.Ich
891 1907 2364 1970 selbst wäre prinzipiell gerne bereit Ihnen
884 1950 2457 2016 eine meiner Novellen für Ihren Sammelband zur
879 2002 2474 2077 Verfügung zu stellen, würde mir einen Vorschlag
877 2050 2479 2138 erbitten und würde versuchen S.Fischer günstig
874 2101 2274 2213 zu stimmen, was mir wohl gelingen dürfte.
1247 2194 2087 2291 Mit besten Empfehlungen
1256 2260 1687 2345 Ihr rgebener
852 2903 1590 3027 Herrn Dr.Bruno Adler,
860 2973 1393 3046 Berlin-Halensee
847 3005 1490 3134 Paulsbornerstr. 87.
769 3548 2722 3650 Tasche verkauft, wodurch dem Deutschen Theater ein Schaden von
