3297 4200
1280 410 1403 560 74
834 501 2185 737 Fischer / Verlag / A.-G. Berlin W5.
629 686 2458 836 kanto: Deutsche Bank, Depositenkasse P in Berlin / Postscheckkonto: Berlin Nr. 1669.
893 754 2407 905 Fernsprechanschlüsse: Amt Lützow Nr. 6162 bis 6164 den 24. 17
654 794 828 930 Vö / Vo.
1294 831 1670 950 Bülowstraße so
785 945 990 1104 Herrn
1095 964 2139 1169 Dr. Arthur Schnitzler
2290 1067 2706 1184 I E N XVIII
2196 1158 2589 1229 ʀ ̃ ʀ — ʒ ʺ ʼ ̀  —  =====
2159 1192 2848 1323 Sternwartestrasse 71
1047 1326 1929 1491 Sehr geehrter Herr Doktor!
1053 1386 2854 1616 Wir bekommen soeben von der Druckerei das Versprechen,
632 1559 1718 1744 dass die Korrektur der Broschüre
962 1624 2441 1829 "Der Geist im Wort und der Geist in der Tat"
643 1718 2754 1923 am Sonnabend an Sie abgehen soll. Aller Wahrscheinlichkeit nach
646 1795 2817 2009 wird es möglich sein, das Ganze auf einmal abzusetzen, sodass Sie
652 1946 2811 2120 also Anfang nächster Woche das vollständige Korrekturmaterial in
652 2060 2851 2233 Händen haben werden. Die Druckerei sendet Ihnen (zur Ersparung des
649 2154 2916 2336 Postweges) die gewünschten 10 Abzüge und das Manuskript unmittelbar.
654 2265 2942 2424 Den von Ihnen durchgesehenen Abzug erbitten wir jedoch an uns hierher
652 2395 1795 2532 nach Berlin zur Weiterbaarbeitung.
1055 2435 2745 2620 Sie hatten sich gelegentlich der Korrespondenz mit
657 2555 2871 2720 Herrn Fischer über die Ausstattung des Büchleins auf die Broschüre
677 2671 2876 2836 Mann, Pariser Rechenschaft" bezogen. Dort sind über den einzelnen
677 2777 2811 2925 Kolumnen lebende Kolumnentitel angebracht worden, deren Wortlaut
683 2873 2748 3050 aus dem Inhalt der betr. Seite entnommen ist. Wir bitten Sie um
691 2947 2893 3132 freundliche Mitteilung, ob es Ihnen erwünscht wäre, bei Ihrem Büch-
683 3070 2452 3235 lein in ähnlicher Weise lebende Kolumentitel anzubri¬
1926 3203 2205 3309 Ueberein
697 3203 1724 3331 dafür ist vorhanden, und wir wäre
777 3312 1610 3460 schers Meinung mit dieser
