2925 3897
357 291 2043 460 S. FISCHER,VERLAG, BERLIN, Herrn Dr. Schnitzler
2075 286 2572 466 Blatt 11.
274 740 406 866 elb
469 692 2657 840 Herabsetzung der Tantiemen haben wollte. Er schied in Groll, ver-
1074 843 1434 912 auchtet werden.
237 837 457 960 aab 1i
489 866 2686 963 sprach jedoch die Reigen-Tantieme zu bezahlen. Dies ist inzwischen
1240 943 1409 1000 3?
140 920 443 1052 Mam jadol
486 949 2606 1112 auch geschehen, abernicht an uns sondern an Karczag. Es scheint,
483 1089 2595 1189 dass eine vor kurzem hier eingetroffene Depesche von Ihnen, die
231 1160 437 1260 ¬ r.
477 1177 2623 1320 entstellt und deshalb unverstäntlich war, hierauf Bezug nahm. Wir
263 1283 446 1409 ¬gebre
480 1292 2686 1397 müssen also annehmen, dass Karozag wie seinerzeit gegenüber Zürich
1446 1377 1543 1434 G.C.H.P.
337 1380 446 1472 G.H.P.
480 1394 2706 1509 nun auch mit Prag verfahren ist. Sie hatten die Güte uns zuzusagen,
954 1486 1103 1546 G.C.H.P
483 1500 2675 1606 dass Sie Karczag darüber aufklären würden, dass die deutschen Auf-
129 1583 437 1735 a e ds r
480 1603 2649 1743 führungen in den Successionsstaaten nicht in sein Wirkungsbereich
223 1689 454 1815 disidage
486 1726 2549 1843 fallen. Es scheint aber, dass Karczag sich nicht danach kehrt.
189 1797 440 1935 B. L. D.
483 1829 2660 1937 Wir fragen nochmals ergebenst an, ob wir uns nun an Karozag wegen
249 1906 434 2055 belaad
471 1926 2712 2043 Ablieferung der an ihn ausgezahlten Tantieme an uns wenden und Ihre
826 2017 1140 2080 G.C.H.S.
291 2035 434 2143 dits
483 2049 2775 2177 Geschäfte in den Successionsstaaten, soweit sie deutsche Aufführungen
483 2135 2712 2252 betreffen, wieder aufnehmen können. Eine endgültige Regelung dieser
483 2237 2683 2369 Frage wäre vor allem deshalb erwünscht, damit der beginnenden Ver-
191 2317 443 2449 neaasie
486 2340 2660 2495 wirrung, die insbesondere auch bei Theaterleitungen einsetzt, ein
129 2415 423 2583 Gebubw Th
474 2460 2743 2580 Riegel vorgeschoben werden kann. Wir würden dann Eirich veranlassen,
223 2552 434 2675 me tres
480 2560 2623 2715 durch ein Rundschreiben an die deutschen Bühnen der Successions-
240 2657 400 2752 baa
483 2660 2652 2783 staaten die faktischen Verhältnisse klarzulegen. Kramer gegenüber
251 2757 443 2912 G.C.T.H d
489 2763 2672 2892 sind diese Uebergriffe Karozags ein wenig peinlich, weil er natür-
754 2872 1426 2943 (votre) lʼœur â¢ nouvelle rue
349 2872 451 2995 crare
483 2880 2580 3029 lich jetzt annimmt, unsere vielen Verhandlungen mit ihm und dem
477 3000 2546 3146 Bühnenverein, sowie die zahlreichen Beschwerden, die wir in der
166 3058 420 3203 neimagä
486 3075 2606 3220 Reigen-Angelegenheit einlegten, seien zu einer Zeit erfolgt, als
100 3172 443 3320 negresse ic
486 3195 2655 3363 wir gar nicht mehr im Besitze des Bühnenvertriebsrechtes für Prag
480 3286 934 3449 gewesen sind.
