3280 4199
702 555 2189 755 S. FISCHER :VERLAG A.G. : BERLIN W. 5
2703 549 2830 738 IX.
2417 655 2570 758 den
977 672 2156 830 Herrn Dr. Arthur Schnitzler, Wien XVD
455 738 583 855 He/v
788 857 2794 1068 gleich in dem uns zugehenden Korrekturexemplar die Wortlaute
624 1013 2658 1166 über die einzelnen Seiten zu schreiben, damit wir sie von der
638 1107 2744 1274 Druckerei einsetzen lassen können. Wir werden dann gelegentlich
644 1218 2464 1449 der Revision die richtige Ausführung nachprüfen lassen.
963 1307 2742 1501 Als Muster für die äussere Ausstattung übersenden wir
647 1401 2847 1598 Ihnen in der Anlage einen Leerband, der allerdings im Format nicht
652 1512 2756 1698 ganz dem von uns beabsichtigten Format entspricht. Das Büchlein
658 1604 2764 1801 wird etwas breiter. Wie Sie beim Oeffnen sehen werden, sind für
666 1720 2889 1893 die beiden Diogramme ausklappbare Tafeln am Anfang und am Ende vor-
660 1807 2892 1990 gesehen, auf denen die Diogramme so aufgedruckt sind, dass sie dier
669 1887 2836 2084 Leser ständig rechts und links neben dem aufgeschlagenen Text vor
672 2117 1027 2256 Augen hat.
1016 2073 2792 2306 Von Einteilung und Umfang von Titel- und Schlussbogen
683 2234 2886 2414 wird es noch abhängen, ob wir die beiden Tafeln ganz an Anfang und
688 2317 2828 2539 Schluss einhängen können oder ob wir sie in die Mitte der beiden
688 2434 2839 2603 Bogen einfügen können, was wohl besonders für den Titelbogen von
708 2528 2864 2692 Vorteil wäre, weil dann das Diogramm nicht vor dem Titel, sondern
713 2664 1687 2817 erst danach erscheinen würde.
988 2744 2470 2905 Wir begrüssen Sie, sehr geehrter Herr Doktor,
1174 2844 2298 2978 mit ganz vorzüglicher Hochachtung
1443 2928 2181 3130 S. FISCHER/VERLAG A.-G.
1837 3052 1931 3222 ppa
1970 3025 2608 3227 numann.
