3241 4008
562 315 737 461 Blatt
1491 245 2138 481 CHER/VERLAGT.
633 447 1744 633 Dr. A. Schnitzler 30. Jan. 1919
821 636 2897 813 ransportschwierigkeiten unabhängig zu machen. Von diesen 40 000
773 793 2984 911 Exemplaren haben Sie 20 000 vereinbarungsgemäss honoriert bekommen.
762 872 2942 979 Abgesetzt haben wir bis zum 17. Januar im ganzen 18 160 Exemplare,
768 959 2959 1080 davon in Wien 8 576. Ich stelle Ihnen das Honorar für weitere zehn
765 1083 2897 1198 Auflagen zu Ihrer Verfügung; schreiben Sie mir, ob ich Ihnen die
768 1145 3023 1347 Summe eventuell durch den Wiener Bank-Verein in Wien überweisen las-
776 1294 1088 1403 sen soll,
869 1398 2995 1530 Das Honorar für " Bernhardi " überweisen wir Ihrem Konto bei der
1707 1462 1789 1516 G.C.H.
771 1502 1291 1637 Deutschen Bank.
880 1567 2900 1738 wegen der Theaterangelegenheiten schreibt Ihnen Herr Greiner.
1657 1702 2430 1842 Mit herzlichen Grüssen
1893 1822 2028 1949 Ihr
2019 1887 2644 2160 fischel
