3110 4040
1626 228 2106 367 "   Gontspiel
1588 287 1872 433 Feyer
1277 264 1443 430 1846
1609 364 1872 447 unfertig
895 397 2379 613 S. Fischer / Verlag / A.=G. Berlin W 57
1360 545 1902 658 Theaterabteilung
649 604 2628 744 Bankkonto: Deutsche Bank, Depositenkasse P in Berlin / Postscheokkonto; Berlin Nr. 16692
1087 681 2189 744 Fernsprechanschlüsse: Amt Lützow Nr. 6162 bis 6164
1040 714 2225 844 Telegramm-Adresse: Fischerverlag 6162, Berlinlützow
622 723 856 868 Ma/Ro.
1463 785 1801 915 Bülowstraße 90
1970 776 2693 960 den 24. Februar 1928.
862 998 1055 1135 Herrn
1188 984 2269 1164 Dr. Arthur Schnitzler
2459 1049 2986 1191 w i e n XVIII.
1197 1274 2115 1419 Sehr verehrter Herr Doktor!
2219 1265 2323 1383 G.C.F.P.
1064 1348 2832 1594 Ich sende Ihnen auf Grund Ihres Schreibens vom 20. ds.
832 1422 954 1561 G.H.F.P.
640 1517 2106 1647 das Duplikat der Ihnen fehlenden Abrechnung.
1072 1629 2968 1757 Der Iühalt des Artikels aus dem Neuen Wiener Journal, den
643 1751 2945 1866 ich Ihnen wieder zusende, enthält natürlich nichts Neues für uns. Was
646 1852 2912 1982 die Kontrollenbetifft, so geschehen sie in einem gewissen Turnus und
649 1961 2817 2047 automatisch, allerdings werden auch besondere Wünsche der
652 2014 2909 2210 Verleger berücksichtigt und ich habe auch die Zentralstelle ersucht,
652 2112 2785 2302 gerade die Abrechnungen des Breslauer Theaters zu kontrollieren.
1075 2198 3034 2349 Wenn ein Schauspieler oder eine Schauspielerin eine Tournée
667 2320 2888 2471 veranstaltet, so ist der Vorgang der, dass die betreffenden Theater
652 2420 3007 2598 durch die Tournée-Leitung veranlasst werden, mit uns die Verträge abzu-
658 2551 3037 2693 schliessen, da wir ja nur mit den Ishabern der Theater-Konzession selbst
2518 2631 2619 2681 ouvrage.
664 2646 2909 2782 Abschlüsse tätigen. Im Auslande haben wir mit unseren Vertretern ei-
664 2758 2983 2915 gentlich nur gute Erfahrungen gemacht, da ja im Ausbande die Kontrolle
664 2838 2915 3004 im allgemeinen eine schärfere ist als sie bisher in Deutschland war.
667 2957 2951 3093 Ausserdem zahlen die holländischen Theater in der Regel vor den Gast-
667 3078 1410 3232 spielen eine Garantie.
1090 3143 2933 3342 Was die Funkstunde betrifft, so wurdenam 14.12.v.J. aus
661 3265 2823 3404 „Spiel im Morgengrauene unter dem Titel „Fahrt durch den Morgen¬
661 3401 2930 3516 151 Zeilen und zwar von Seite 69-86 gelesen. Das "Tagebuch der Rede-
664 3469 3019 3659 gondam umfasst auch nach meiner Zahlung 325 Zeilen. Ihre diesbezügliche
670 3602 1926 3774 Bemerkung verstehe ich deshalb nicht.
