2882 3879
1056 397 1931 568 S. FISCHER / VerLAG
319 371 528 539 2. Blatt
478 502 1380 696 Dr. A. Schnitzler 16/1.22
1688 687 2665 893 „ Bezug genommen; insbesondere
508 795 2056 916 letzten Brief wegen "Zwischenspiel
510 882 2697 1035 wird darüber Klage geführt, dass die Angebote gleichzeitig von ver-
1726 945 2224 1006 1 1/2 1/4
513 966 2816 1131 schiedensten Seiten auszugehen pflegen, sodass gerade der solide ameri-
896 1076 1041 1148 le sujet de nouveau
513 1067 2645 1262 kanische Verleger, der übr ein klares Recht verfügen möchte, sich
528 1114 2767 1346 scheut, zuzugreifen, weil er nicht weiss, ob er-nicht einem Schwindler
522 1276 2746 1438 zum Opfer fällt. Denn tatsächlich machen es sich viele zunutze, ohne
534 1383 2801 1525 jede Autorisation Ihrer oder unsererseits Angebote zu machen und sogar
1105 1467 1992 1534 iM~tM~i~t~r~v~t.t~v.v.M~M~-M~.
531 1482 2787 1662 für von ihnen hergestellte Uebersetzungen das Copyright in Washington
534 1575 2798 1749 anzumelden. Eine Klärung in dieses Chaos zu bringen wäre nur dann mög-
534 1694 2743 1876 lich, wenn wir berechtigt wären, in Gemeinschaft mit unserm amerika-
539 1775 2868 1963 nischen Vertreter alle derartigen Fälle ausfindig zu machen und die nöt###
539 1873 2825 2059 gen Schritte dagegegn zu unternehmen. Die Voraussetzung dessen bildete
545 2001 2732 2152 jedoch, dass Sie uns den Vertrieb Ihrer werke für Amerika in seiner
551 2059 2804 2268 gezeugkeit für eine bestimmte Zeitdauer übergeben, damit wir uns in
554 2195 2781 2332 allen Fragen, die insbesondere auch bereits vorhandene unberechtigte
554 2236 2871 2422 Drucke, Angebote, Anmeldungen auf einen klaren und unzweideutigen Recht
853 2413 1163 2477 m
563 2392 2871 2538 titel berufen können. Auch uns ist ja nicht unbekannt, dass die Bentra-
568 2500 2833 2656 lisierung eines solchen Vertriebes an einer Stelle ihre Nachteile hat,
574 2596 2868 2746 wir glauben aber, dass es kein anderes Mittel gibt, in Ihren amerikani-
574 2717 2868 2839 schen Angelegenheiten Ordnung zu schaffen. Wir bitten Sie zu vertrauen,
1517 2798 1668 2856 au moins de ses
574 2801 2871 2944 dass es sich für uns dabei um keine Angelegenheit des persönlichen Vor-
580 2909 2851 3054 teiles handelt, im Gegenteil, die Ordnung Ihrer Angelegenheiten bildet
592 3007 2842 3135 einen sehr komplizierten und schwierigen Komplex, für dessen Regelung
586 3077 2836 3251 ja Ihrerseits nichs zu bezahlen ist, da ja die Provision von 15 % nur
594 3173 2749 3370 auf Neuabschlüsse entfällt. Es scheint uns aber im Augenblick noch
592 3262 2871 3474 weit wichtiger für Sie, zu einer Ordnung zu gelangen, als solche Neuab
603 3436 2772 3599 schlüssezu erzielen. Ganz abgesehen, dass wir davon überzeugt sind,
