3128 4055
1357 918 1477 1046 sch
1229 882 1313 1051 thu
943 896 1196 1104 von Dr. An
770 1085 1271 1324 ger geehrter Herr,
2400 1313 2581 1427 lagsft
1861 1232 2203 1441 ungarisch
782 1282 1452 1455 wir haben von einer
587 1366 2606 1555 aus Budapest eine Anfrage wegen des Uebersetzungsrechtes Ihrer
879 1485 2448 1655 sken und Wunder ", " Frau Beate und ihr Sohn »
787 1594 2536 1744 Doktor Gräsler, Badearzt „ und „ Casanova“ (Novelle
1071 1697 1252 1761 G.C.H.F.P.
567 1674 2798 1863 in die ungarische Sprache und fragen ergebenst an, ob Sie uns zu den
565 1788 2542 1941 diesbezüglichen Verhandlungen ermächtigen wollen. Gleichzeit
559 1900 2731 2041 erlauben wir uns die Mitteilung, dass wir infolge des bedeutenden
562 2011 2500 2150 Anwachsens unserer Auslandsgeschäfte eine Auslandsabteilung
565 2103 2375 2267 haben. Für Spesen und Unkosten würden wir eine Provisio
1900 2200 2025 2272 des
565 2236 2589 2372 für uns in Anspruch nehmen. Wir bitten Sie fernern, uns mitzu
567 2333 2589 2484 welche Bedingungen Sie stellen würden, wir unsererseits würde
570 2406 2147 2553 jedes der Werke 1 000 Mark in Vorschlag bringen.
665 2509 2511 2692 Indem wir Ihrer freundlichen Benachrichtigung entgegense
573 2651 987 2776 zeichnen wir
2089 2670 2517 2854 licher Hochach
1991 2817 2183 2926 FISCHE
1983 2912 2261 2998 USLANDSAE
