3146 4023
567 410 2781 595 S. Fischer/Verlag/Berlin M 57/Bülowstrasse 90
979 544 2554 648 : Deutsche Bank. Depositenkasse P in Berlin / Postscheckkonto: Berlin Nr. 16692
1330 615 2259 732 Schlüsse: Amt Lützow Nr. 1662. 6162 und 9292
2399 654 2498 862 2.
685 878 2865 1058 zukommt, ein kleiner Irrtum unterlaufen. Wenn das Honorar für 5000
676 1024 2885 1153 Exemplare 1 500 Lire beträgt, so entafllen allerdings 300 Lire für
688 1134 2944 1243 1000 Exemplare, nicht aber 3 Lire, sondern 30 Lire für 100 Exemplarte,
676 1229 2893 1341 somit verzehntfacht sich der von Ihnen berechnete Autorenanteil von
674 1322 2854 1437 1 % auf 10 Z, was zwar nicht übertrieben viel, aber doch ganz an-
676 1451 2888 1591 ständig ist. Dass eine Steigerung des Honorars bei sich steigernden
676 1543 2885 1658 Auflagen logischer ist, als das von uns vorgeschlagene System, kann
668 1667 2882 1771 nicht bezweifelt werden. Allein da wir von Italien einen Vorschlagé
674 1774 2846 1883 erhielten, der auf diesem System beruht, hatten wir in diesem Fall
674 1858 2868 1964 keinen Grund, die Logik gegen den sichtlichen Vorteil auszuspielen,
674 1945 2904 2068 der sich auf diese Weise für den Autor ergibt. Da auch wir nicht mit
671 2057 2904 2166 Auflagen rechnen, die über ein gewisses Mass hinausgehen, so scheint
668 2164 2826 2267 es uns anfgezeigt, gegen ein Anerbieten, dass die ersten Auflagen
668 2279 2907 2394 höher honoriert, als die späteren, nicht zu opponieren. Wir bemerken
659 2366 2868 2495 übrigens nochmals, dass wir erst versuchen müssen, selbst diese Be-
659 2486 2910 2615 dingungen durchzusetzen, unter die allerdings nicht heruntergegangen
659 2576 1069 2705 werden kann.
1762 2669 2705 2832 Mit vorzüglicher Hochachtung
1866 2789 2444 2882 S. FISCHER, VerlaG
1866 2868 2433 2997 AUSLANDSABTEILUNG
2281 2947 2484 3107 a
2318 3182 2587 3337 1500
