3082 3943
1412 310 1603 490 xo 4
626 396 2679 609 FISCHER. VERLAG
510 601 2691 712 Ankkonto: Deutsche Bank, Depesitenkasse P in Berlin / Boatscheckkonto Berlin Nr. 16692 — — Fernsprech-Anschlasse: Amt Lützow Nr: 1662 und 6162
2013 683 2560 817 Berlin W 57, Bülowstraße 90
2258 769 2668 894 6. Juni 1917
894 1028 1763 1230 Herrn Dr. Arthur Schnitzler
1765 1167 1922 1324 Wien
581 1401 1034 1546 Lieber Freund,
706 1512 2788 1649 gegen einen Wiederabdruck der Novelle "Das Schicksal des Freiherrn
564 1643 2771 1771 von Leisenbogh" lässt sich in Anbetracht des Zweckes nichts einwenden,
561 1734 2725 1879 obgleich solche Abdrucks-Prozeduren dem Buch gewiss nicht vorteilhaft
555 1879 2839 2033 sind von "Dr. Graesler" drucken wir 10 000 Exemplare. Das Buch wird einen
552 1968 2808 2164 Umfang von 14 Bogen haben; bei den sehr teuern Herstellungskosten ist es
547 2079 2178 2221 ganz unmöglich, den Preis unter 3 Mark festzusetzen.
698 2195 2856 2346 Der Druckfehler in "Bertha Garlan" ist bei dem gegenwärtigen Neudruck
538 2292 2734 2432 der ersten drei Bände der "Gesammelten Schriften" noch nicht beseitigt
538 2395 2791 2549 worden, aus einem ganz dummen Grund, den ich nicht gebilligt hätte, wenn
532 2511 2702 2637 ich ihn rechtzeitig vor der Drucklegung erfahren hätte. Die Druckerei
527 2603 2773 2748 hat sich aus Schönheitsgründen geweigert, die zwei Zeilen in den Platten
527 2702 2779 2839 zu ändern, weil dann diese beiden Zeilen ein dunkleres Druckbild ergeben
521 2808 2776 2941 hätten wie die übrigen Zeilen derselben Seite. Ich bin der Meinung, dass
518 2913 2802 3050 man den Schönheitsfehler im Interesse des korrekten Satzes in Kauf nehmen
507 3018 2697 3135 muss, und es wird bei einem nächsten Neudruck dann am besten sein, die
510 3118 2694 3252 ganze Seite neu zu setzen - was freilich auch wieder einen Schönheits-
336 3480 564 3665 zweir
578 3500 1387 3707 Ihrer gesam
2773 2796 2959 3246 in
2845 3255 2953 3343 en
