3053 3783
2366 138 2542 293 any
384 284 2422 451 S. Fischer/Verlag/Berlin U 57/Bülowstraße
706 404 2296 545 into: Deutsche Bank. Depositenkasse P in Berlin / Postscheckkonto: Berlin Nr. 16699
852 472 2024 556 Fernsprechanschlüsse: Amt Lützow Nr. 1662, 6162 und 9292
2158 515 2554 647 Juni 1922
319 498 439 674 F/S
633 709 1546 890 Herrn Dr. Arthur Schnitzler
2150 870 2407 1046 dans la foisse
451 958 937 1101 Lieber Freund,
530 1028 2639 1236 es geht alles in Ordnung, "Fink und Fliederbusch" ist im fünften
428 1183 2639 1321 Band der Theaterstücke vor den »Schwestern » richtig eingereiht und
433 1318 2648 1438 so stellt sich in der Ankündigung das Fehlen von "Fink und Flieder-
442 1415 2642 1573 buschs nur als ein Irrtum dar. Ich lege den Prospekt für Ihre Werke
439 1514 2721 1652 bei, aus dem Sie sehen werden, dass alles was Ihnen sonst noch in der
436 1573 2741 1748 Ankündigung fehlt, in diesem Prospekt enthalten ist. Es wird nun alles
457 1702 2735 1857 vorrätig sein, wenn wir erst die Einzelausgaben von den Buchbindereien
448 1828 2680 1968 geliefert bekommen. Ich werde Ihnen dann genau aufgeben, wieviel von
451 1948 1737 2088 jedem einzelnen Buch mitgedruckt wurde.
545 1962 2692 2185 Die Einzelausgaben werden immer schwieriger; sie werde notwendi-
454 2097 2791 2276 gerweise sehr teuer werden und es fragt sich, wie weit der Absatz davon
451 2223 2592 2361 beeinflusst wird. Im Interesse einer einheitlichen Behandlung der
466 2334 2668 2507 Verrechnung würde ich vorschlagen, dass wir die Einzelausgaben nach
460 2425 2709 2563 Absatz verrechnen. Es ist jetzt wirklich unmöglich, das Abrechnungs-
469 2530 2741 2694 geschäft in der alten Weise fortzuführen. Ich habe auch mit Hauptmann
486 2627 2715 2774 dasselbe vereinbart. Die Herstellungsschwierigkeiten und Kosten sind
718 2741 1060 2820 matte
480 2738 2832 2891 jetzt so anorn hoch, dass wir uns die Möglichkeit der Herstellung gegen-
656 2826 1871 2967 nicht erschweren dürfen
486 2876 1283 3002 seitig amöslichen müssen
603 2917 2744 3075 Bisher war die Buchbinderei ausschliesslich mit der Herstellung
483 3028 2756 3204 der ersten Reihe beschäftigt, die zweite Reihe der Gesamtausgabe wird
483 3119 2817 3283 leider erst Ende Juni fertig gebunden vorliegen, während die Einzelaus-
492 3257 2636 3406 gaben wohl schon in 8 - 10 Tagen lieferbar sein werden. Auch die
700 3353 2653 3488 dingsbände werden vor Ende dieses Monats kaum fertig sein könne
