2872 4055
1252 373 1993 539 in dll 57/Bülow
1631 506 1862 602 V. v. F. A. M.
1236 509 1440 602 G.C.H.F.P.P
528 561 2118 754 3. Ihr Bestreben, die Sache so darzustellen, als
204 689 2072 896 seine Garantie (oder auch nur Kaution) dasselbe sei, wi
101 790 2102 1032 sie Bürgschaft, drück sich auch in Ihrem Schreiben vom 2. 8
109 893 2192 1114 aus. Es war jedoch selbst im dem darekt an Sie gerichteten Telef¬
125 994 2156 1201 gramm des Herrn Dr. Schnitzler ausdrücklich von einer Kaution
123 1114 2219 1342 nicht von einer Bürgschaft die Rede. Das heisst also, von eine
144 1206 2322 1421 vor Beginn der Aufführungen auf den Namen des Herrn Dr. Schnitzler
144 1323 2257 1574 bei einer holländischen Dank zu erlegenden Summe. Ich kann nicht
158 1421 2257 1650 annehmen, dass Ihnen dieser grundlegende Unterschied nicht eben¬
1658 1516 2137 1653 .i (Oberpaxern)
1609 1609 1966 1685 Elisabeth.
161 1579 1182 1789 bekannt wäre wie mir selbst.
602 1571 2322 1800 4. Die Beschränkung, dass Garantiene nicht verlangt
223 1767 2415 1979 man dürfen, beieht sich nicht auf ausländische Gastspiele. Nach
231 1859 2330 2080 den Gesagten sögen Sie sich selbst ein Orteil darüber bilden,
234 1957 2292 2208 Sie auch nur vit einem Schein von Recht behaupten können, die
1429 2066 1723 2145 sche Tanz
234 2069 2320 2287 epesche des Herrn Dr. Schnitzier von 29. 7. sein mehr als eine
1105 2099 1217 2162 G.C.H.F.F:
1457 2173 1808 2246 den Sie ste
370 2167 2333 2390 prinzipiell zusage, deren Verwirklichung von irgendwelchen
1481 2284 1808 2358 angemesse
351 2284 2298 2513 ins zu stelenden Bedingungen unabhängig war. Die Ausdeutung
234 2279 354 2420 ein
1688 2388 1813 2456 Bocé
430 2388 2303 2624 Depesche als einer Bankvollmacht und darüber hinaus noch
242 2369 329 2494 on
983 2423 1225 2505 Blankot
378 2513 2284 2744 erweigerung der selbst in dieser Depesche ausdrücklich be
272 2497 419 2671 dieser
291 2605 2036 2872 ###m Kaution muss###e ich daher ausdrücklich ablehnen.
779 2712 2339 2948 Auch ich bedauere es sehr, dass diese Auseinan
302 2810 2488 3033 Jetzungen notwendig geworden sind und kann meinerseits nichts
392 2940 2374 3172 als nach den mit gewordenen Instruktionen handeln. Uebrigens
400 3060 2333 3251 ogar die Bürgschaftserklärung der holländischen Bank bisher
403 3232 1296 3411 garnicht hier eingetroffen.
1274 3242 2213 3406 Mit vorzüglicher Hochachtung
2246 3488 2415 3667 Wm.
