3146 4023
1501 318 1681 460 H P
610 393 2780 607 S. Fischer/Verlag/Berlin M 57/Bülowstrasse 9o
891 541 2569 651 donto: Deutsche Bank. Depositenkasse P in Berlin / Postscheckkonto: Berlin Nr. 16692
1073 613 1218 714 Fernspi
1290 607 2271 732 unschlüsse: Amt Lützow Nr. 1662, 6162 und 9292
2224 714 2704 845 27. Okt. 1920
570 706 795 865 ar/Si.
2719 740 3037 905 Sponier
2751 848 3028 975 Nivelle
978 865 1903 1044 Herrn Dr. Arthur Schnitzler
2268 943 2464 1143 Wien
2681 946 2950 1128 Stel.
2707 1070 2956 1215 lrey.
761 1102 1394 1244 Sehr geehrter Herr,
853 1212 2635 1354 in Benatwortung Ihres Schreibens teilen wir Ihnen mit,
691 1333 2707 1481 dass die 100 Pesetas, die wir aus Madrid für den Novellenband
697 1449 2843 1594 „Sterbenn, „Die Frau des Weisen „ und „ Andreas Thameyers letzter
1270 1524 1519 1582 G.C.H.F.S.
694 1562 3000 1657 Briefs erhalten haben, wie Sie richtig vermuteten, nur eine Garantie-
700 1643 2939 1750 summe darstellen. Die tatsächliche Honorierung erfolgt auf Grundlage
703 1747 2988 1860 von 10 % des Ladenpreises. Wenn Herr Reves Ihnen für dieses Bändchen,
694 1851 2910 1976 das einen Umfang von ungefähr 160 Seiten haben wird, eine Garantie-
700 1976 2939 2094 summe von 1000 Pesetas zugesichert hat, so kann er unmöglich im Auf-
700 2062 2895 2172 trage der Bibliotheca Nueva gesprochen haben. Allerdings ist zu er-
691 2146 2901 2279 wägen, dass der sand ursprünglich nicht drei, sondern fünf Novellen
694 2268 2898 2389 enthalten sollte und das Gespräch zwischen Ihnen und Herrn Reves zu
694 2375 2933 2464 einer Zeit stattfand, als eine Hochkonjunktur für deutsche Bücher zu
694 2467 2919 2603 bestehen schien, die dann ohne sich tatsächlich ausgewirkt zu haben,
688 2574 2898 2707 rasch wieder schwand. Trotzdem aber wärenatürlich eine garantie von
694 2690 2895 2820 1000 Pesetas, auch diese Umstände miteingerechnet, nie zu erreichen
688 2806 2771 2924 gewesen, da diese Summe eine Garantie für etwa 15 000 Exemplare
691 2895 2866 3014 dargestellt haben würde. Wir bitten Sie doch zu bedenken, dass die
688 3005 2959 3130 tatsächliche Bezahlung des Buches nicht in der garantiesumme, sondern
688 3083 2965 3234 an der prozentualen Beteiligung am tatsächlichen Verkauf liegt und es
688 3185 2473 3312 sich nur um ein Büchlein von schmalem umfange handelt.
853 3297 2835 3396 Was den » Weg ins Freie » (italienisch ) anbetrifft, so ist
688 3390 3014 3540 Ihnen bei der Berechnung des Anteiles, der Ihnen nach unserm Vorschlage
