3068 3993
1205 389 1637 577 adresseur
406 471 2695 683 den Namen des Theaters zu erfahren, über dessen Abrechnungsmethoden
403 618 2627 780 Sie sich gelegentlich einer eben empfangenen Abrechnung, also im
401 748 1711 951 aktuellen Augenblick im Zweifel seinn.
954 798 2636 1060 Was "Bernhardi" anbelangt, so handelt es sich um
421 1013 2438 1149 einen amerikanischen Herrn namens Osoar Leonard, St. Louis
1870 1087 2117 1169 G.C.H.P.
427 1113 2465 1255 der das Stück hier gesehen hat,sich sehr begeistert darüber
427 1222 2562 1384 äusserte und daraufhin die Rechte daran erwerben wollte. Er hat
433 1319 2718 1526 inzwischen Berlin verlassen und ich müsste mit ihm korrespondieren.
1499 1455 1599 1520 G.F.P.
430 1496 2438 1670 Sehr aussichtsreich ist diese Sache ja nicht. Es hätte sich
424 1599 2724 1770 natürlich nur um einen Versuch gehandelt. Wenn Sie den Wunsch haben,
1346 1708 1520 1761 'T.A.S.
433 1746 2400 1914 dass ich diesen noch unternehme, so will ich es gerne tun,
972 1855 2642 2041 Wenn sich Wotitzkys Manuskript momentan in Händen
1838 1944 1941 1991 G.C.F.P.
1337 1950 1985 2064 dans le dernier ou il y a eut
448 1958 2674 2159 von Brandt und Kirpatrik befindet, so handelt es sich aller Jahr-
1146 2011 1266 2076 aie
442 2103 2639 2276 scheinlichkeit nach nicht um die Aufführung, sondern um das Buch.
436 2235 2783 2374 Br. & K. sind im allgemeinen keine Theateragenten, sondern Vermittler
442 2347 2621 2527 für Buchautorisationen. Es ist mir bekannt, dass B. & K. sich im
439 2433 2807 2659 Auftrag von W. (nicht in unseremI), denn mit W. habe ich ohne B. & K.
445 2568 2683 2762 abgeschlossen) sich bereits vielfährlich um das Buch „Weites Land“
454 2739 2653 2865 bemüht haben, das Honorar von 500 Dollar, daß V. ohne Einrechnung
456 2863 2656 2995 eines Uebersetzerhonorars bekommen musste, jedoch nicht erreichen
439 2983 757 3131 konnten.
942 3066 1829 3225 Mit verbindlichen Grüssen
1861 3080 2677 3363 er sehr ergebener xxx
468 3304 2235 3419 P.S. Ziegel möchte jetzt "Die Schwestern" spielen und
483 3337 2715 3481 zwar bausenlos, sodass es notwendig wäre, noch einen Ihrer Einakter
489 3437 2689 3599 dazu zu geben (zusammen 10?). Ich bitte um freundliche Mitteilung
483 3510 1579 3637 ob Sie damit einverstanden sind.
1970 3658 2103 3837 I have the
2271 3596 2521 3840 revenu
