3253 4119
1785 623 2517 752 G.C.F.P.S.V.C,C.V,S.
1624 617 1762 732 G. P.
1765 714 2209 802 2t ̃ J r. p. r.
492 767 2815 895 bindung zu kommen. Dass schliesst aber nicht aus, dass Prof. Richter
497 866 2616 1030 durch Uebersetzungstätigkeit seinerseits wieder mit Herrn von
492 992 2780 1124 Ompteda zusammen arbeitet und ich würde vielleicht eine Kombination
497 1062 2678 1226 In diesem Sinne für den besten Ausweg halten. Ich bitte Sie also
503 1200 2710 1331 dann zu schreiben, wenn Sie doch noch wünschen sollten, dass Ihre
1446 1305 2865 1448 mit Herrn von Ompteda ausgenommen werden.
495 1311 1457 1437 Werke von dem Generalvertrag
1367 1381 1706 1440 VV-A.
1770 1387 2209 1457 Mais le nouvelle de mauvaise
972 1399 2833 1539 Was das Angebot des He rn Ranschburg betrifft, so halte
500 1542 2844 1671 ich es angesichts der schlechten Aussichten die Ungarn im allgemeinen
495 1618 2841 1753 bietet, für akzeptabel und würde Ihnen zum Abschluss raten. Wir haben
497 1712 2806 1908 mit Ranschburg in letzter Zeit einige Abschlüsse auf ähnlicher Basis
495 1835 787 1978 gemacht.
822 1896 2768 2072 Wir danken Ihnen für die Uebermittlung der Abzüge der
509 2048 2104 2177 "Traumnovelle", die wir mit Interesse erwarten.
960 2154 2771 2300 Wenn also Ihre Korrekturen von " Weiher " eintreffen,
486 2239 2830 2385 wird die Drucklegung in der Ihnen angegebenen Zeit nach Vorliegen der
486 2370 2833 2499 Revision bewerkstelligt werden können. - Die von Ihnen vorgeschlagene
486 2496 2797 2613 Verständigung der Direktoren wird bei Erscheinen ganz in Ihrem Sinne
495 2593 811 2757 erfolgen
1422 2663 2619 2868 Mit besten Grüssen Ihr ergebene
1814 2797 2359 2894 S. FISCHER. VERLAG
1849 2862 2306 2935 AKTRENGESELISCHAFT
1820 2920 2350 3023 THEATERABTEILUNG
1946 2988 2440 3143 D Könrich
597 3023 1448 3222 Allgewer getalt October
658 3160 1410 3339 thequill-, in im Hin ist.
653 3272 1390 3424 wie uns, ein Sie seit „Zus¬
1665 3210 2280 3400 Nie and of fine
1765 3339 2511 3503 sie nur mös verpfl.
696 3356 1402 3529 beiter verstl. weit der
1835 3444 2203 3567 all, is
819 3459 1080 3608 & best
1697 3473 2639 3670 ab nicht nicht rasstellt.
694 3532 1416 3716 d'une étude d'utretien
1858 3576 2689 3749 In allewyn? — her I
