3079 3768
1027 233 2199 431 scher / Verlag / A.=G. =Berlin Wien.
590 456 2484 637 Bankkonto: Deutsche Bank, Depositenkasse P in Berlin/Postscheckkontoi Berlin Nr. 16
994 522 2158 623 Fernsprechanschlüsse: Amt Lützow Nr. 6162 bis 6164
1392 585 1754 686 Bülowstraße 90
445 615 571 766 F/St
2377 582 2506 796 24
892 782 1771 961 Herrn Dr. Arthur Schnitzl
2226 862 2487 1060 Wien
2223 1018 2333 1139 7
725 920 1208 1150 Lieber Freund,
826 1073 2893 1235 da Dr. Kaysers Adresse in Tirol erst heute bei uns eingetroffen
694 1216 2860 1326 ist, so habe ich inzwischen Ihre Hovelle gelesen. Ich habe diesen
700 1315 2907 1458 psychologischen Monolog - wenn ich Ihre Hovelle so charakterisieren
357 1351 552 1540 Memor.
700 1427 2720 1548 darf - mit äusserster Erregung und Spannung nachempfunden und
694 1534 2756 1672 ich freue mich, dass wir die Arbeit in der "Rundschau" bringen
692 1642 2849 1782 können. Die Frage ist wie gesagt, eine Raumfrage. Das Oktoberheft
692 1743 2778 1880 sollte ein englisches Heft sein. Können wir es auf den November
694 1836 2786 1941 verlegen, so wird Ihre Hovelle im Oktoberheft obgedruckt werden
681 1935 2811 2061 können; geht das nicht, so kann der Abdruck erst im Novemberheft
692 2042 2880 2160 erfolgen, was uns unangenehmer wäre, weil die Zeitspanne bis Dezen-
684 2147 2740 2281 ber dann etwas zu eng wird. Die Frage ist nun so: sind Sie mit
686 2232 2704 2377 dem Abdruck im Novemberheft einverstanden, wenn er im Oktober
684 2347 2737 2487 nicht gemacht werden kann? Nach Eintreffen Ihrer Antwort kann
684 2446 1916 2600 das Honorar sofort überwiesen werden.
725 2545 1932 2712 Also auf Wiedersehen in der Schweiz.
1540 2668 2177 2877 mit herzlichen Grüsse
1702 2926 2089 3107 Elische,
