<?xml version="1.0" encoding="UTF-8" standalone="yes"?>
<PcGts xmlns="http://schema.primaresearch.org/PAGE/gts/pagecontent/2013-07-15" xmlns:xsi="http://www.w3.org/2001/XMLSchema-instance" xsi:schemaLocation="http://schema.primaresearch.org/PAGE/gts/pagecontent/2013-07-15 http://schema.primaresearch.org/PAGE/gts/pagecontent/2013-07-15/pagecontent.xsd">
    <Metadata>
        <Creator>prov=READ-COOP:name=TrHtr:version=2.1.0:model_id=51170:date=27_07_2023_22:29</Creator>
        <Created>2023-05-02T08:10:54.268+02:00</Created>
        <LastChange>2023-07-27T22:29:42.713+02:00</LastChange>
        <TranskribusMetadata docId="1416743" pageId="54953796" pageNr="194" tsid="131305838" status="IN_PROGRESS" userId="64420" imgUrl="https://files.transkribus.eu/Get?id=KIFMYHWAJSHQVOCFGEKOOAFV&amp;fileType=view" xmlUrl="https://files.transkribus.eu/Get?id=CNOHNQYEMNNWBFNBWNTSHTFK" imageId="44457521"/>
    </Metadata>
    <Page imageFilename="1416743_0194.jpg" imageWidth="3096" imageHeight="3865">
        <ReadingOrder>
            <OrderedGroup id="ro_1711826252127" caption="Regions reading order">
                <RegionRefIndexed index="0" regionRef="tr_1"/>
            </OrderedGroup>
        </ReadingOrder>
        <TextRegion id="tr_1" custom="readingOrder {index:0;}">
            <Coords points="411,146 2832,146 2832,3654 411,3654"/>
            <TextLine id="tr_1_tl_1" custom="readingOrder {index:0;}">
                <Coords points="1583,267 1599,264 1610,256 1633,261 1641,251 1649,256 1662,253 1649,150 1618,150 1612,145 1591,164 1589,161 1573,164"/>
                <Baseline points="1590,196 1635,199 1665,205"/>
                <TextEquiv>
                    <Unicode>4</Unicode>
                </TextEquiv>
            </TextLine>
            <TextLine id="tr_1_tl_2" custom="readingOrder {index:1;}">
                <Coords points="1269,372 1298,372 1364,422 1404,412 1414,420 1441,406 1457,417 1480,412 1472,288 1451,293 1433,277 1404,277 1370,306 1319,306 1267,327"/>
                <Baseline points="1283,364 1328,370 1372,370 1417,376 1462,376 1483,376"/>
                <TextEquiv>
                    <Unicode>„34</Unicode>
                </TextEquiv>
            </TextLine>
            <TextLine id="tr_1_tl_3" custom="readingOrder {index:2;}">
                <Coords points="728,546 2312,520 2277,388 2095,430 1950,369 1852,435 1433,404 1314,459 1177,391 731,409"/>
                <Baseline points="743,537 752,537 796,534 841,537 886,540 931,543 975,540 1020,537 1065,531 1110,531 1155,528 1199,528 1244,525 1289,528 1334,528 1378,528 1423,525 1468,522 1513,522 1557,519 1602,519 1647,519 1692,519 1737,516 1781,516 1826,513 1871,510 1916,513 1960,513 2005,513 2050,510 2095,510 2139,507 2184,507 2229,504 2274,504 2319,504"/>
                <TextEquiv>
                    <Unicode>S. Fischer. Verlag. Berlin</Unicode>
                </TextEquiv>
            </TextLine>
            <TextLine id="tr_1_tl_4" custom="readingOrder {index:3;}">
                <Coords points="2288,617 2322,612 2354,617 2367,607 2380,610 2407,588 2422,602 2438,604 2441,522 2414,512 2401,517 2383,512 2375,520 2364,509 2354,512 2341,501 2319,522 2290,528"/>
                <Baseline points="2301,581 2313,579 2357,579 2402,576 2447,576"/>
                <TextEquiv>
                    <Unicode>xx</Unicode>
                </TextEquiv>
            </TextLine>
            <TextLine id="tr_1_tl_5" custom="readingOrder {index:4;}">
                <Coords points="665,649 681,652 686,646 718,654 731,639 752,646 768,644 760,544 734,546 712,541 702,549 689,549 676,565 660,562"/>
                <Baseline points="674,596 719,599 764,602 773,602"/>
                <TextEquiv>
                    <Unicode>annumme.</Unicode>
                </TextEquiv>
            </TextLine>
            <TextLine id="tr_1_tl_6" custom="readingOrder {index:5;}">
                <Coords points="599,741 1900,676 2193,757 2457,697 2459,591 599,654"/>
                <Baseline points="614,683 626,686 671,683 716,686 761,686 805,686 850,689 895,686 940,686 984,686 1029,686 1074,686 1119,683 1163,683 1208,683 1253,683 1298,680 1343,680 1387,680 1432,677 1477,677 1522,674 1566,674 1611,671 1656,674 1701,671 1745,671 1790,671 1835,671 1880,671 1925,671 1969,668 2014,668 2059,668 2104,668 2148,665 2193,665 2238,665 2283,662 2327,665 2372,662 2417,659 2462,656"/>
                <TextEquiv>
                    <Unicode>Amt Lützow 1662 u. 6162 Theaterabteilung postscheckkonto Nr. 16892</Unicode>
                </TextEquiv>
            </TextLine>
            <TextLine id="tr_1_tl_7" custom="readingOrder {index:6;}">
                <Coords points="1111,794 1216,776 1264,815 1325,797 1425,823 1623,765 1720,797 1794,765 1955,776 1955,691 1876,683 1710,712 1620,686 1304,718 1114,699"/>
                <Baseline points="1128,752 1155,749 1199,752 1244,752 1289,752 1334,752 1378,749 1423,749 1468,746 1513,746 1557,746 1602,743 1647,743 1692,743 1737,740 1781,740 1826,740 1871,737 1916,734 1960,734"/>
                <TextEquiv>
                    <Unicode>Berlin W 57, Bülowstraße Nr. 90</Unicode>
                </TextEquiv>
            </TextLine>
            <TextLine id="tr_1_tl_8" custom="readingOrder {index:7;}">
                <Coords points="1678,939 1720,945 1771,918 1797,929 1831,905 1860,929 1908,897 1953,908 2011,889 2013,813 1887,815 1858,829 1821,802 1773,815 1686,794"/>
                <Baseline points="1695,880 1704,880 1748,880 1793,877 1838,877 1883,874 1928,871 1972,868 2017,865"/>
                <TextEquiv>
                    <Unicode>tober 1919</Unicode>
                </TextEquiv>
            </TextLine>
            <TextLine id="tr_1_tl_9" custom="readingOrder {index:8;}">
                <Coords points="1230,939 1327,926 1422,961 1486,926 1536,945 1562,924 1607,958 1636,958 1641,829 1607,823 1586,839 1515,831 1499,815 1472,834 1322,823 1232,863"/>
                <Baseline points="1247,898 1286,898 1331,898 1375,895 1420,892 1465,889 1510,889 1554,889 1599,880 1644,880"/>
                <TextEquiv>
                    <Unicode>Den... dom 2.. (</Unicode>
                </TextEquiv>
            </TextLine>
            <TextLine id="tr_1_tl_10" custom="readingOrder {index:9;}">
                <Coords points="636,963 652,968 728,947 781,976 797,961 834,966 844,805 823,810 813,797 797,800 773,784 691,800 649,773"/>
                <Baseline points="656,904 668,901 713,895 758,892 802,892 847,889"/>
                <TextEquiv>
                    <Unicode>G/sch</Unicode>
                </TextEquiv>
            </TextLine>
            <TextLine id="tr_1_tl_11" custom="readingOrder {index:10;}">
                <Coords points="649,1359 665,1362 681,1351 720,1346 739,1359 757,1348 771,1351 826,1309 844,1317 850,1224 786,1230 720,1174 689,1195 670,1185 654,1187"/>
                <Baseline points="665,1298 671,1301 716,1301 761,1301 805,1298 850,1295"/>
                <TextEquiv>
                    <Unicode>Herrn</Unicode>
                </TextEquiv>
            </TextLine>
            <TextLine id="tr_1_tl_12" custom="readingOrder {index:11;}">
                <Coords points="1108,1425 1288,1425 1417,1457 1607,1399 1794,1420 1794,1322 1752,1301 1684,1327 1536,1311 1467,1343 1354,1301 1298,1330 1267,1311 1108,1340"/>
                <Baseline points="1122,1393 1131,1393 1175,1393 1220,1393 1265,1390 1310,1390 1354,1387 1399,1387 1444,1384 1489,1384 1534,1384 1578,1384 1623,1381 1668,1381 1713,1381 1757,1381 1802,1381"/>
                <TextEquiv>
                    <Unicode>Dr. Arthur Schnitzler</Unicode>
                </TextEquiv>
            </TextLine>
            <TextLine id="tr_1_tl_13" custom="readingOrder {index:12;}">
                <Coords points="1924,1488 1953,1499 1992,1472 2021,1494 2069,1475 2172,1491 2172,1406 2145,1396 2098,1414 2071,1406 2042,1412 2011,1393 1987,1409 1953,1388 1924,1401"/>
                <Baseline points="1939,1477 1984,1477 2029,1477 2074,1477 2119,1477 2163,1474 2178,1477"/>
                <TextEquiv>
                    <Unicode>w i en</Unicode>
                </TextEquiv>
            </TextLine>
            <TextLine id="tr_1_tl_14" custom="readingOrder {index:13;}">
                <Coords points="1871,1562 1895,1557 1932,1589 1990,1562 2021,1565 2042,1544 2116,1578 2198,1560 2264,1575 2264,1478 2195,1465 2164,1491 2140,1491 2119,1472 2095,1488 2074,1478 2008,1488 1987,1472 1947,1499 1871,1475"/>
                <Baseline points="1886,1525 1910,1525 1954,1525 1999,1525 2044,1522 2089,1522 2133,1522 2178,1522 2223,1522 2268,1522"/>
                <TextEquiv>
                    <Unicode>................. ̃-</Unicode>
                </TextEquiv>
            </TextLine>
            <TextLine id="tr_1_tl_15" custom="readingOrder {index:14;}">
                <Coords points="673,1662 752,1713 939,1678 990,1697 1124,1654 1180,1676 1377,1654 1428,1681 1530,1657 1515,1560 1412,1594 1314,1557 1277,1586 1182,1557 1011,1589 910,1549 813,1599 676,1589"/>
                <Baseline points="689,1650 731,1653 775,1653 820,1653 865,1653 910,1653 955,1653 999,1650 1044,1647 1089,1650 1134,1647 1178,1647 1223,1644 1268,1644 1313,1641 1357,1641 1402,1641 1447,1641 1492,1644 1537,1647"/>
                <TextEquiv>
                    <Unicode>Sehr geehrter Herr Doktor,</Unicode>
                </TextEquiv>
            </TextLine>
            <TextLine id="tr_1_tl_16" custom="readingOrder {index:15;}">
                <Coords points="1552,1749 1815,1786 2544,1734 2644,1779 2676,1639 2248,1649 2182,1612 1998,1660 1860,1615 1552,1660"/>
                <Baseline points="1566,1742 1605,1742 1650,1739 1695,1739 1739,1737 1784,1737 1829,1737 1874,1737 1919,1737 1963,1734 2008,1737 2053,1734 2098,1734 2142,1731 2187,1731 2232,1731 2277,1728 2321,1728 2366,1728 2411,1728 2456,1728 2501,1728 2545,1725 2590,1725 2635,1725 2680,1728"/>
                <TextEquiv>
                    <Unicode>in: Ergänzung unseres Schreibens vom</Unicode>
                </TextEquiv>
            </TextLine>
            <TextLine id="tr_1_tl_17" custom="readingOrder {index:16;}">
                <Coords points="686,1900 2425,1874 2676,1852 2676,1779 686,1808"/>
                <Baseline points="701,1859 710,1859 755,1856 799,1856 844,1856 889,1856 934,1853 978,1853 1023,1853 1068,1850 1113,1850 1158,1847 1202,1847 1247,1847 1292,1847 1337,1847 1381,1847 1426,1844 1471,1844 1516,1844 1560,1844 1605,1841 1650,1841 1695,1841 1739,1841 1784,1838 1829,1835 1874,1838 1919,1835 1963,1835 2008,1835 2053,1835 2098,1835 2142,1832 2187,1832 2232,1832 2277,1832 2321,1832 2366,1832 2411,1832 2456,1829 2501,1829 2545,1829 2590,1826 2635,1826 2680,1826"/>
                <TextEquiv>
                    <Unicode>29.. v. Mts. möchten wir noch darauf aufmerksam machen, dass es</Unicode>
                </TextEquiv>
            </TextLine>
            <TextLine id="tr_1_tl_18" custom="readingOrder {index:17;}">
                <Coords points="689,1971 2267,1998 2692,1971 2728,1866 689,1921"/>
                <Baseline points="704,1960 719,1957 764,1960 808,1960 853,1957 898,1957 943,1957 987,1954 1032,1954 1077,1954 1122,1951 1166,1951 1211,1948 1256,1948 1301,1948 1346,1948 1390,1948 1435,1948 1480,1948 1525,1945 1569,1945 1614,1945 1659,1942 1704,1942 1748,1942 1793,1942 1838,1939 1883,1939 1928,1936 1972,1939 2017,1936 2062,1936 2107,1936 2151,1936 2196,1933 2241,1931 2286,1931 2330,1933 2375,1931 2420,1933 2465,1931 2510,1931 2554,1931 2599,1931 2644,1928 2689,1928 2733,1931"/>
                <TextEquiv>
                    <Unicode>bei der Ihnen von Prag noch zustehenden Restsumme von Mk. 1338.32</Unicode>
                </TextEquiv>
            </TextLine>
            <TextLine id="tr_1_tl_19" custom="readingOrder {index:18;}">
                <Coords points="683,2108 2604,2074 2726,2050 2728,1969 683,1984"/>
                <Baseline points="698,2062 719,2062 764,2062 808,2062 853,2062 898,2062 943,2062 987,2059 1032,2059 1077,2059 1122,2056 1166,2056 1211,2053 1256,2056 1301,2053 1346,2053 1390,2050 1435,2050 1480,2047 1525,2047 1569,2047 1614,2047 1659,2044 1704,2044 1748,2044 1793,2044 1838,2044 1883,2044 1928,2041 1972,2041 2017,2038 2062,2038 2107,2038 2151,2038 2196,2035 2241,2035 2286,2035 2330,2035 2375,2032 2420,2032 2465,2032 2510,2032 2554,2032 2599,2032 2644,2029 2689,2029 2733,2029"/>
                <TextEquiv>
                    <Unicode>nicht ganz klar ist, ob es sich dabei durchgehend um tschechische</Unicode>
                </TextEquiv>
            </TextLine>
            <TextLine id="tr_1_tl_20" custom="readingOrder {index:19;}">
                <Coords points="683,2180 2385,2177 2665,2151 2668,2045 686,2111"/>
                <Baseline points="698,2163 704,2163 749,2163 793,2163 838,2163 883,2163 928,2163 972,2160 1017,2160 1062,2157 1107,2157 1152,2157 1196,2157 1241,2157 1286,2154 1331,2154 1375,2154 1420,2151 1465,2154 1510,2151 1554,2151 1599,2148 1644,2148 1689,2148 1734,2145 1778,2145 1823,2145 1868,2145 1913,2142 1957,2142 2002,2142 2047,2142 2092,2142 2136,2139 2181,2139 2226,2136 2271,2136 2316,2136 2360,2136 2405,2136 2450,2133 2495,2133 2539,2133 2584,2130 2629,2130 2674,2127"/>
                <TextEquiv>
                    <Unicode>Kronen handelt. Es ist also nicht ganz ausgeschlossen, dass die</Unicode>
                </TextEquiv>
            </TextLine>
            <TextLine id="tr_1_tl_21" custom="readingOrder {index:20;}">
                <Coords points="691,2288 2451,2285 2670,2246 2670,2151 694,2222"/>
                <Baseline points="707,2268 752,2265 796,2265 841,2265 886,2265 931,2265 975,2265 1020,2262 1065,2259 1110,2259 1155,2259 1199,2259 1244,2256 1289,2256 1334,2256 1378,2256 1423,2253 1468,2256 1513,2253 1557,2253 1602,2253 1647,2253 1692,2253 1737,2250 1781,2250 1826,2250 1871,2250 1916,2247 1960,2247 2005,2244 2050,2244 2095,2244 2139,2241 2184,2238 2229,2238 2274,2238 2319,2238 2363,2238 2408,2238 2453,2238 2498,2238 2542,2238 2587,2235 2632,2235 2677,2235"/>
                <TextEquiv>
                    <Unicode>Summe, die Ihnen von Prag zugehen wird, mit diesem Betrag nicht</Unicode>
                </TextEquiv>
            </TextLine>
            <TextLine id="tr_1_tl_22" custom="readingOrder {index:21;}">
                <Coords points="691,2407 2726,2351 2726,2277 2562,2248 694,2293"/>
                <Baseline points="707,2378 719,2378 764,2372 808,2369 853,2369 898,2366 943,2366 987,2366 1032,2363 1077,2363 1122,2360 1166,2360 1211,2357 1256,2357 1301,2357 1346,2357 1390,2357 1435,2357 1480,2354 1525,2354 1569,2354 1614,2351 1659,2351 1704,2351 1748,2351 1793,2351 1838,2348 1883,2351 1928,2351 1972,2348 2017,2348 2062,2351 2107,2348 2151,2348 2196,2345 2241,2345 2286,2345 2330,2342 2375,2345 2420,2342 2465,2342 2510,2339 2554,2339 2599,2336 2644,2336 2689,2336 2733,2342"/>
                <TextEquiv>
                    <Unicode>genau übereinstimmen könnte. Wir haben Prag gebeten, Ihnen noch</Unicode>
                </TextEquiv>
            </TextLine>
            <TextLine id="tr_1_tl_23" custom="readingOrder {index:22;}">
                <Coords points="697,2494 2620,2470 2676,2359 699,2417"/>
                <Baseline points="710,2474 755,2474 799,2471 844,2471 889,2471 934,2468 978,2468 1023,2468 1068,2468 1113,2468 1158,2465 1202,2465 1247,2465 1292,2462 1337,2462 1381,2459 1426,2459 1471,2459 1516,2456 1560,2456 1605,2456 1650,2453 1695,2453 1739,2453 1784,2453 1829,2450 1874,2453 1919,2453 1963,2453 2008,2450 2053,2450 2098,2450 2142,2450 2187,2447 2232,2444 2277,2444 2321,2444 2366,2444 2411,2444 2456,2441 2501,2441 2545,2441 2590,2441 2635,2438 2680,2441"/>
                <TextEquiv>
                    <Unicode>nals Abrechnung über die Rückstände zugehen zu lassen und evtl.</Unicode>
                </TextEquiv>
            </TextLine>
            <TextLine id="tr_1_tl_24" custom="readingOrder {index:23;}">
                <Coords points="691,2578 897,2631 1243,2573 2710,2591 2763,2449 691,2523"/>
                <Baseline points="707,2575 752,2575 796,2575 841,2572 886,2572 931,2569 975,2569 1020,2569 1065,2569 1110,2569 1155,2569 1199,2569 1244,2566 1289,2566 1334,2563 1378,2563 1423,2563 1468,2563 1513,2563 1557,2563 1602,2560 1647,2560 1692,2557 1737,2557 1781,2557 1826,2557 1871,2554 1916,2554 1960,2551 2005,2551 2050,2551 2095,2551 2139,2551 2184,2548 2229,2548 2274,2545 2319,2545 2363,2545 2408,2545 2453,2545 2498,2542 2542,2542 2587,2539 2632,2539 2677,2539 2721,2539 2766,2542"/>
                <TextEquiv>
                    <Unicode>differenzen, die sich durch den Unterschied zwischen Eschechischen</Unicode>
                </TextEquiv>
            </TextLine>
            <TextLine id="tr_1_tl_25" custom="readingOrder {index:24;}">
                <Coords points="689,2684 818,2734 2383,2649 2739,2694 2742,2591 691,2628"/>
                <Baseline points="704,2677 734,2677 778,2680 823,2677 868,2677 913,2677 958,2677 1002,2677 1047,2674 1092,2674 1137,2671 1181,2671 1226,2668 1271,2668 1316,2668 1360,2665 1405,2665 1450,2665 1495,2665 1540,2665 1584,2665 1629,2665 1674,2662 1719,2662 1763,2662 1808,2662 1853,2659 1898,2659 1942,2659 1987,2656 2032,2656 2077,2656 2122,2653 2166,2653 2211,2653 2256,2650 2301,2650 2345,2650 2390,2647 2435,2647 2480,2647 2524,2647 2569,2647 2614,2644 2659,2644 2704,2644 2748,2641"/>
                <TextEquiv>
                    <Unicode>und österreichischen Kronen ergeben, darin besonders anzumerken.</Unicode>
                </TextEquiv>
            </TextLine>
            <TextLine id="tr_1_tl_26" custom="readingOrder {index:25;}">
                <Coords points="1689,2773 1858,2808 2082,2773 2182,2808 2246,2765 2372,2794 2552,2763 2826,2834 2829,2710 2699,2673 1691,2699"/>
                <Baseline points="1704,2769 1713,2766 1757,2763 1802,2763 1847,2760 1892,2763 1936,2760 1981,2760 2026,2760 2071,2760 2116,2760 2160,2757 2205,2754 2250,2754 2295,2754 2339,2754 2384,2751 2429,2751 2474,2754 2518,2754 2563,2751 2608,2751 2653,2751 2698,2748 2742,2748 2787,2745 2832,2745"/>
                <TextEquiv>
                    <Unicode>Wir hoffen, dass diese Angelegenxx -</Unicode>
                </TextEquiv>
            </TextLine>
            <TextLine id="tr_1_tl_27" custom="readingOrder {index:26;}">
                <Coords points="697,2958 958,2908 1494,2926 1610,2876 1969,2905 1971,2802 1438,2821 1150,2781 699,2837"/>
                <Baseline points="710,2892 725,2889 770,2886 814,2886 859,2886 904,2883 949,2883 993,2880 1038,2880 1083,2880 1128,2880 1172,2877 1217,2877 1262,2877 1307,2880 1352,2877 1396,2877 1441,2874 1486,2874 1531,2871 1575,2871 1620,2868 1665,2868 1710,2868 1754,2868 1799,2865 1844,2862 1889,2862 1933,2859 1978,2859"/>
                <TextEquiv>
                    <Unicode>heit damit endgültig geregelt sein wird.</Unicode>
                </TextEquiv>
            </TextLine>
            <TextLine id="tr_1_tl_28" custom="readingOrder {index:27;}">
                <Coords points="1433,2977 1549,3006 2127,2969 2306,3006 2335,2998 2338,2884 2174,2858 1779,2929 1689,2887 1581,2945 1435,2911"/>
                <Baseline points="1450,2972 1495,2975 1540,2975 1584,2969 1629,2969 1674,2969 1719,2969 1763,2969 1808,2966 1853,2966 1898,2966 1942,2963 1987,2963 2032,2963 2077,2963 2122,2960 2166,2960 2211,2960 2256,2960 2301,2960 2345,2960"/>
                <TextEquiv>
                    <Unicode>Mit vorzüglicher Hochachtung</Unicode>
                </TextEquiv>
            </TextLine>
            <TextLine id="tr_1_tl_29" custom="readingOrder {index:28;}">
                <Coords points="1633,3029 2040,3035 2137,3016 2180,3035 2211,3029 2211,2969 1633,2984"/>
                <Baseline points="1647,3017 1692,3017 1737,3017 1781,3014 1826,3017 1871,3011 1916,3014 1960,3014 2005,3014 2050,3014 2095,3014 2139,3017 2184,3014 2214,3017"/>
                <TextEquiv>
                    <Unicode>S. FISCHER,VERI.AG</Unicode>
                </TextEquiv>
            </TextLine>
            <TextLine id="tr_1_tl_30" custom="readingOrder {index:29;}">
                <Coords points="1633,3108 1776,3111 1871,3079 2011,3077 2061,3122 2214,3116 2217,3029 1636,3029"/>
                <Baseline points="1650,3074 1686,3074 1731,3074 1775,3074 1820,3071 1865,3074 1910,3074 1954,3074 1999,3074 2044,3074 2089,3074 2133,3071 2178,3071 2223,3071"/>
                <TextEquiv>
                    <Unicode>THEATERABTEILUNG</Unicode>
                </TextEquiv>
            </TextLine>
            <TextLine id="tr_1_tl_31" custom="readingOrder {index:30;}">
                <Coords points="501,3570 2570,3539 2623,3449 1879,3502 1235,3415 1045,3494 794,3409 501,3473"/>
                <Baseline points="516,3533 522,3533 567,3536 611,3539 656,3539 701,3536 746,3536 790,3536 835,3536 880,3533 925,3533 969,3533 1014,3533 1059,3533 1104,3533 1149,3530 1193,3530 1238,3530 1283,3530 1328,3530 1372,3530 1417,3530 1462,3527 1507,3527 1551,3524 1596,3524 1641,3524 1686,3521 1731,3521 1775,3521 1820,3518 1865,3518 1910,3521 1954,3518 1999,3521 2044,3521 2089,3518 2133,3518 2178,3518 2223,3515 2268,3515 2313,3512 2357,3515 2402,3512 2447,3512 2492,3512 2536,3509 2581,3509 2626,3506"/>
                <TextEquiv>
                    <Unicode>Die oben genannten Bedingungen haben Sältigkeit bis zum    Sollten wir an diesem Tag noch keine</Unicode>
                </TextEquiv>
            </TextLine>
            <TextLine id="tr_1_tl_32" custom="readingOrder {index:31;}">
                <Coords points="507,3620 2248,3628 2618,3589 2618,3517 507,3565"/>
                <Baseline points="522,3590 564,3590 608,3590 653,3590 698,3590 743,3590 787,3587 832,3587 877,3587 922,3587 966,3587 1011,3587 1056,3584 1101,3587 1146,3584 1190,3587 1235,3584 1280,3584 1325,3584 1369,3584 1414,3584 1459,3584 1504,3584 1548,3581 1593,3584 1638,3581 1683,3581 1728,3581 1772,3581 1817,3581 1862,3581 1907,3581 1951,3581 1996,3578 2041,3578 2086,3575 2130,3575 2175,3575 2220,3572 2265,3572 2310,3572 2354,3569 2399,3569 2444,3569 2489,3569 2533,3566 2578,3566 2623,3566"/>
                <TextEquiv>
                    <Unicode>entscheidende Antwort erhalten haben, so nehmen wir an, daß wir über das in Frage frehende Werk anderweitig verfügen können</Unicode>
                </TextEquiv>
            </TextLine>
            <TextLine id="tr_1_tl_33" custom="readingOrder {index:32;}">
                <Coords points="396,3649 435,3660 454,3649 496,3655 499,3507 472,3510 462,3504 443,3517 425,3510 417,3515 412,3510 396,3512"/>
                <Baseline points="411,3644 414,3641 459,3641 504,3641"/>
                <TextEquiv>
                    <Unicode>B.H.</Unicode>
                </TextEquiv>
            </TextLine>
        </TextRegion>
    </Page>
</PcGts>
