3062 3848
815 214 2293 399 S. Fischer/Verlag/A.=G. Berlin W 57.
573 466 2529 556 Bankkonto: Deutsche Bank, Depositenkasse P in Berlin / Pottscheckkonto; Berlin Nr. 1669.
981 506 2102 607 Fernsprechanschlüsse: Amt Lützow Nr. 6162 bis 616
1383 565 1753 680 Bülowstraße 90
2060 599 2344 792 April 24
441 641 599 818 7/51
826 826 1737 998 Herrn Dr. Arthur Schnitzler
2124 891 2245 1076 en
568 1051 1028 1208 Lieber Freund
663 1155 2664 1293 Herr Professor Herrmann schickte mir vor einigen Tagen einen
573 1264 2681 1447 Brief von Ihnen, mit welchem Sie sich erkundigen, ob Ihre drama-
573 1363 2093 1526 tischen Werke befeits an ihn geliefert wurden.
674 1486 2759 1602 Wir haben verschiedene dramatische Werke auf Wunsch der respek-
584 1582 2748 1686 tiven Ausboren Herrn Prof. Herrmann überlassen und ich habe infolge
584 1675 2751 1782 Ihres Briefes an Herrn Herrman festgestellt, dass Sie am 26.Januar
570 1779 2698 1919 in einer Nachschrift)die Versendung Ihrer dramatischen Schriften
579 1914 2692 2029 an Herrn Heermann wünschten. Das ist übersehen worden; die Werke
584 2015 2627 2133 sind aber jetzt an Herrn Herrmann geliefert. Im gleichen Brief
576 2113 2830 2237 hatten Sie auch den Wunsch ausgesprochen, die beiden Ergänzungsbände
584 2186 2731 2344 an Frau Marthe Grusemann-Bergmann zu schicken; auch das ist jetzt
582 2273 2686 2445 nachgeholt worden. Ich bitte die Unachtsamkeit zu entschuldigen.
680 2386 2788 2580 Bei unserm Bühnenvertrieb sind vernachiedene Anfragen wegen Ihres
584 2504 1453 2678 neuen Stückes eingegangen.
1520 2588 2279 2737 Mit herzlichen Grüssen
1762 2698 1880 2818 Ihr
2032 2830 2161 3024 De
