3363 4199
985 470 2429 668 Fischer. Verlag. Berlin
1447 623 1889 723 Aktien=Gesellschaft
785 715 2607 846 Amt Lützow Nummer 6162 Theaterabteilung postscheckkonto Nr. 16692
1013 799 2351 882 Bankkonto: Deutsche Bank Depositenkasse P in Berlin
1099 840 2059 960 Berlin W, Bülowstraße 90, den
2126 835 2243 918 192
1166 1302 1834 1491 Sehr geehrter Herr!
1158 1469 2855 1606 Innerhalb der Schriftstellerverbände machen sich Be-
729 1592 2927 1697 strebungen bemerkbar, einen Zusammenschluss der an dem Verkauf von
729 1653 2927 1789 Filmen interessierten Autoren und Verleger hervorzurufen, um gegen-
729 1753 2941 1881 über den Filmgesellschaften günstigere Bedingungen beim Verkauf von
723 1864 2952 1976 Filmrechten zu erzielen. Obwohl wir diesen Bestrebungen sympathisch
735 1931 2941 2081 gegenüberstehen, würden wir Ihnen doch empfehlen, etwa in der näch-
737 2053 2919 2159 sten Zeit an Sie gelangende Zuschriften nur insofern zustimmend zu
737 2137 2969 2265 beantworten, als sie eine prinzipielle Stellungnahme zu dieser Frage
735 2212 2947 2365 bedeuten. Sofern es sich aber um eine Uebertragung Ihrer Filmrechte
732 2318 2930 2463 handelt. bitten wir Sie, vorläufig keine Dispositionen zu treffen.
737 2429 2961 2538 sondern sich zunächst mit uns in Verbindung zu setzen, mit Rücksicht
729 2546 2919 2657 auf die zwischen uns schon bestehenden oder noch zu treffenden Ver-
737 2632 1138 2763 einbarungen.
1608 2691 2518 2821 Mit vorzüglicher Hochachtung
1675 2799 2496 2958 S. FISCHER VERLAG  A.-G.
