3082 3865
1259 171 1385 343 58
434 263 2675 491 S. Fischer/Verlag/Berlin W 57/Bülowstrasse 90.
631 440 2444 574 Bankkonto: Deutsche Bank. Depositenkasse P in Berlin / Postscheckkonto; Berlin Nr. 16892
936 502 2138 614 Fernsprechanschlüsse: Amt Lützow Nr. 1662, 6162 und 9292
2081 565 2578 728 30. Okt. 1922
371 540 605 728 Gr/si.
671 777 1585 959 Herrn Dr. Arthur Schnitzler
1959 916 2207 1039 Wien
537 976 1422 1142 Sehr geehrter Herr Doktor,
648 1165 2615 1273 da sich eventuell weitere Möglichkeiten wegen Verkauf Ihrer
520 1256 2732 1376 Werke nach Polen ergeben, ist es notwendig, einmal ergänzungshalber
520 1365 2609 1493 festzustellen, was Ihrer Kenntnis nach autorisiert in Polen von
520 1476 2604 1605 Ihnen erschienen ist. Wir haben nur folgende Vormerkungen über:
514 1585 2427 1710 Abschied / Frau Berta Garlan / Freiwild / Ruppenspieler /
902 1659 1316 1739 G.C.H.F.S.
1339 1662 1453 1724 G.C.H.P.
525 1682 2609 1819 Der Verlag jedoch, an dem wir unter anderm auch „Dämmerseelen „
528 1747 2772 1887 verkaufen wollen, erklärt, dass der weitsus grösste Teil Ihrer Werke
522 1853 2715 2018 bereits in polnischer Sprache erschienen sei, darunter dürfte sich
525 1984 2695 2107 wohl viel Unautorisiertes befinden. Ich bitte Sie daher, dan was
534 2107 2826 2247 unsere Vormerkungen enthalten, einmal nach Ihrer Kenntnis zu ergänzen,
528 2176 2384 2330 damit ich für weitere Verhandlungen freie Hand gewinnen.
1445 2355 2064 2492 Mit besten Grüssen
1536 2455 1990 2609 Ihr ergebener
2013 2595 2578 2749 5. La jeune jeune LAG.
2013 2715 2578 2866 AUSLANDSABTEILUNG
