3060 3993
299 414 2241 640 o0 og aaarflorotiié se lu niiinä gaiitn
510 587 2312 701 Süddl wird wiederholt und nicht nicht aufzuschrägell. Ausfl. schade (1. wirndel)
795 648 2024 739 2826 hat xxx Seelakt wortül xxx
428 704 2679 857 dass Sie diesen Prozentsatz diskret behandeln. Es ist mit dem besten
425 804 1916 962 Willen nicht möglich, ihn zu verallgemeinern.
1951 857 2579 1012 nicht notwendig.Es
590 921 1549 1033 Eine Neu-Formulierung des Kol
1537 924 2224 1053 traktes wäre.
1191 986 1546 1065 cʼest avec les moutres sontenueux ou parceaux.
434 1027 2620 1156 würde genügen, diese Punkte als Nachtrag zu unserem Vertrag hinzu-
434 1074 2549 1262 zufügen. Man  kann ja auch nicht wissen, wie sich die Verhältnisse
440 1229 2596 1361 weiter entwickeln und welche Veränderungen im Laufe der Zeit etwa
1960 1300 2203 1420 G.H.F.P.
1784 1347 1886 1464 G.F.P.
1435 1350 1561 1423 G.C.F.P.
437 1323 986 1464 in Frage kommen.
575 1435 2596 1549 Die Abrechnungen können fertiggestellt werden, sobald wir uns
452 1464 549 1596 G.H.F.P.
2787 1493 2901 1634 id
455 1531 2564 1658 wegen des Prozentsatzes geeinigt haben, evtl. können Sie auf die
1303 1602 1960 1672 vesterreichischen
777 1631 1121 1702 mauvais
437 1625 1980 1766 Valuten à Conto-Zahlungen in Valuten bekommen.
590 1731 1308 1798 iHVVVttVVWVVJVVt'VV.A.H.V.S
613 1728 2596 1889 Ich höre zu meinem Bedauern, dass Sie bei Vergebung von zwei
452 1831 2637 1957 neuen Werken nicht in erster Linie an meinen Verlag denken. Es wäre
458 1933 2649 2065 schade, wenn die Continuität Ihrer Produktion im meinem verlag aus
461 2039 2591 2200 einer Verstimmung unterbrochen wäre. Ich kann mir denken, dass ein
455 2118 2811 2294 Konkurrenz-Verlag durch ein verlockendes Honorar-Angebot eine momentane
461 2247 2620 2373 Wirkung hervorrufen kann, besonders wenn es sich um eine grössere
461 2344 2599 2470 Pauschalsumme handelt. Aber letzten Endes bestimmt sich, doch das
466 2470 2652 2585 Honorar durch den Prozentsatz. Ich würde Sie bitten, mir zu sagen,
472 2546 2696 2720 unter welchen Bedingungen Sie mir auch den Verlag Ihrer neuen Werke
472 2637 2705 2796 übergeben würden, denn ich bin trotz allem der Meinung, dass Sie auf
478 2746 2828 2893 die Däuer einen besseren Tausch nicht machen werden. Mögen im einzelnen
481 2881 2769 3001 Differenzen zwischen uns bestehen, die wahrscheinlich durch die Natur
487 2972 2702 3101 der Dinge unvermeidlich waren, Sie werden mich immer bereit finden,
437 3107 2793 3218 in localer Weise Ihren Wünschen, soweit sie tragbar sind, nachzukommen
1546 3163 2441 3327 Mit besten Grüssen
1018 3218 1182 3309 G.C.H.F.P.
1297 3274 2461 3424 Ihr ergebener
607 3286 1300 3509 Vertraulich!
2121 3362 2640 3482 F. Fischer.
575 3421 2095 3635 Was halten Sie von den Logalität
2456 3453 2632 3600 über
587 3523 2793 3679 eines Wiener derlags der, während er eine
587 3635 2837 3790 gegenseitige Beteiligung mit uns verhandelt
590 3717 2828 3843 den Anforen inneres Verlags Concurrenzenerbietungen
2456 3743 2811 3811 nuncht.
