3175 3991
2565 307 2669 389 3.
691 561 2934 775 reich behilflich sein könnten. Geht das nicht bei Prinzhorn, so geht
705 696 2819 848 es vielleicht bei Tennenbaum. Kann ich das Papier in Oesterreich
693 806 2906 927 nicht bekommen, so würde ich versuchen, es in der Schweiz zu bekom-
702 925 2903 1057 men. Keineswegs sollen die österreichischen Autoren meines Verlages
710 1020 2884 1173 gegen deutsche Autoren zurückstehen, und ich erkläre hiermit, dass
710 1130 2974 1280 ich in demselben prozentualen Verhältnis deutsche und österreichische
716 1226 2979 1384 Autoren gleicherweise drucken werde, auch wenn sich mir Papierquellen
719 1345 2097 1477 in Oesterreich nicht erschliessen sollten.
843 1409 2917 1562 Bitte geben Sie Herrn Prinzhorn davon Nachricht. Ich bin bereit
722 1516 2838 1657 nach Wien zu kommen, wenn die Frage der Papierbedarfs für meinen
724 1632 2864 1770 Verlag von dem Plan der Gründung eines oesterreichischen Verlages
724 1756 2946 1877 vollkommen getrennt wird, sehe aber andererseits keine Veranlassung
730 1846 2974 1984 dazu, bei der Gründung eines österreichischen Verlages behilflich zu
724 1911 2943 2077 sein, wenn ich nicht auf ein Entgegenkommen im Interesse der öster-
733 2018 2447 2199 reichischen Autoren meines Verlages zu rechnen habe.
829 2123 2917 2269 Haben Sie vielen Dank für die freundlichen Bemühungen und seien
727 2266 2111 2399 Sie und Ihre Frau herzlichst gegrüsst von
1545 2385 2069 2540 Ihrem ergebenen
