3268 4120
1519 448 1644 606 156
870 553 2468 734 S. Fischer. Verlag. Berlin
2420 691 2590 785 1 ̄ ̃
751 683 890 827 auch
742 785 2604 935 Amt Lützow 1662 u. 6162 Theaterabteilung postscheckkonto Nr. 16692
1088 867 2270 946 Bankkonto: Deutsche Bank Depositenkasse p in Berlin
1139 915 2290 1057 Berlin W, Bülowstraße 90, den 18.1.19126
649 1139 864 1352 Herrn
1014 1270 1754 1451 Dr. Arthur Schnitzler
1822 1366 2105 1488 Wien
652 1553 1595 1737 Sehr gerehrter Herr Doktor,
1598 1593 2876 1763 Ihre Weisungen wegen Dresden habe ich
663 1740 2873 1879 zur Kenntnis genommen. Herr Dr. Wollf, dessen Vornahme ich leider
660 1845 2766 2003 nicht kenne, hat heute auch aus Dresden angerufen und ich habe
674 1981 2678 2134 ihn entsprechend informiert. Vermutlich wird er sich um die
672 2111 2542 2219 gleichzeitige Uraufführung mit dem Burgtheater bemühen.
1176 2171 2820 2338 Wir haben mit dem Berliner Rundfunk über "Grüher
672 2304 2950 2460 Kakadu" und "Gefährtin " abgeschlossen und senden Ihnen beiliegend
672 2443 2307 2570 die Vorankündigung aus dem "Deutschen Rundfunk".
1170 2468 2834 2689 Ihr Wunsch wegen der Exemplare des "Weihers" ist
680 2644 1063 2771 vorgemerkt.
1644 2695 2460 2873 Mit ergebensten Grüssen
1958 2845 2332 2953 herzlichst
2125 2899 2647 3032 S. FISCHER, VERLAG
2159 2995 2621 3072 AKTRINGESESLLSCHAFT
2111 3021 2669 3143 THEATERABTEILUNG
2247 3114 2701 3262 Dixerie
