3144 3799
674 1029 2941 1213 ebenfalls ein Nendruck vorbereitet des
524 1213 2932 1357 regleichen von den Bänden der Roman.
496 1251 2872 1481 bibliothek! Dabei sind alle Hilfs
496 1397 2972 1572 Kräfte knapp und aufs äußerste an¬
502 1534 3010 1722 gespäumt; von den vierfach gesteigerten
518 1647 2997 1862 Herstellungskosten gar nicht zu sprechen
1562 1771 1871 1881 nun
636 1787 2944 1977 Sie können sich denken, wie unruhige
499 1909 2910 2058 mein Sommer war und noch ist. Ich
493 2037 3000 2189 muste hier mit einem Secretaire arbeiten
499 2186 2922 2383 und eine Ort filialbureau etablieren
521 2252 2963 2473 um überhaupt fortreisen zu können
549 2367 2991 2585 dennoch konnten wir bisher alles leidlich
480 2526 2982 2738 schaffen und wenn nicht eine arge¬
499 2638 2829 2847 Verschlimmerung der Papiernot eintritt
583 2751 2907 2978 was freilich zu befürchten ist - so
496 2838 2904 3103 wird es (mit Einschränkungen) auch
2701 2988 2844 3078 aber
1937 3000 2408 3131 ergählende
496 3022 2947 3203 noch weiter gehen. Neue Bücher muß ich jetzt
1753 3122 2785 3259 schon zurückstelle.
608 3172 2982 3371 Wir haben hier ein kleines Haus gemietet
496 3306 2957 3509 und haben einen ruhigen und tätigen
