3220 3975
1369 208 1501 333 411
901 254 2396 445 S. FISCHER/VERLAG
629 424 2694 565 Bankkonto: Deutsche Bank, Depositenkasse P Berlin, Postscheckkonto=Berlin 1662
1076 503 2238 670 BERLIN W 57 / BÜLowSTRASSE 90
1269 582 2042 720 Fernruf: Lützow 1662, 6162 und 9292
1857 611 2782 778 z. Zt. Travemünde, 22/8. 18
1895 749 2434 872 Villa Felsenburg
722 971 1623 1141 Herrn Dr. Arthur Schnitzler
1623 1079 1828 1208 Wien
670 1302 1155 1451 Lieber Freund,
910 1384 2732 1553 ich hatte die Absicht, Rosenbaum auf einige Monate nach
1764 1506 2027 1580 ahmeen
649 1503 2826 1653 Berlin kommen zu lassen, damit er sich einarbeitet. Für die Wiener
644 1609 2861 1770 Filiale ist eine Kraft notwendig, die auch nach der technischen und
652 1723 2770 1898 praktischen Seite hin erfahren Lenug ist, um Anordnungen und Ent
661 1811 2834 1971 Schlüsse aus eigenem Urteil treffen zu können. Auch die Vertretung
664 1939 2808 2118 der Angelegenheiten den Bähden gegenüber setzt einen erfahrenen
664 2012 2928 2179 Menschen voraus, und es war vielleicht von mir ein bisschen voreilig,
673 2112 2916 2282 R###enbaum eine Zusage zu machen, an die ich mich natürlich moralisch
673 2223 2995 2422 gebunden halte. Vergessen Sie nicht, dass Rosenbaum ein schwerfälliger,
2100 2325 2355 2393 Mais elle est eu une autre estime
676 2311 2919 2501 weltfremder Philologe ist, der zwar alle Eigenschaften mitbringt, um
1123 2460 1422 2518 G.C.H.F.P.S.
673 2407 2907 2589 ein Amt mit aller Sachlichkeit und Treue zu verwalten, kaum aber im-
676 2542 2905 2709 stande sein dürfte, aus eigenerbringing etwas zu unternehmen oder
682 2632 2823 2820 selbständige Entschlüsse zu fassen. Was noch schwerer ins Gewicht
687 2764 2951 2899 fällt, ist, dass ihm eine gewisse Elastizität und Anpassungsfähigkeit
690 2861 2834 3004 abzugehen scheint, um sich auch mit den technischen Verhältnissen
696 2940 2869 3130 Schnell bekannt zu machen. Ich habe einen mir sehr gut empfohlenen
687 3074 2902 3218 österreichischen Buchhändler, der in Deutschland bei Hans von Weber
696 3115 3051 3343 das Technische gelernt hat, namens Brettschneider in Aussicht, bekomme
708 3270 1969 3457 ich ihn, dann würde ich, ihn vorziehen.
831 3329 2995 3516 Mit Rosenbaum habe ich eine vierteljährliche Probezeit vereinbart;
