3194 4072
1334 198 1492 336 362.
777 291 2351 472 S. Fischer, Verlag, Berlin M., Bülowstrasse 90
1902 517 2397 701 25. August 15.
1422 701 1891 868 ich nach einer
1628 845 1713 938 G.F.P.
610 842 1515 1000 Herrn Dr. Arthur Schnitzler
2416 1026 2507 1139 G.F.P.
1294 1164 1495 1297 G.C.H.F.F:F.
2086 1235 2527 1371 Ihnen. Aber e
613 1241 1114 1407 Lieber Freund,
1204 1277 1359 1399 G.C.H.F.P
854 1334 2586 1504 meine Depesche haben Sie inzwischen bekommen und ich
627 1467 2747 1628 wiederhole, dass wir mit dem Münchner Schauspielhaus nur deshalb
630 1583 2750 1701 in Verbindung getreten sind, um durch eine etwaige Garantiesumme
639 1673 2626 1826 auch das Hoftheater zu einer Garantiezahlung zu veranlassen.
627 1795 2758 1947 Das Hoftheater hat, unter uns gesagt, vor einigen Jahren für den
644 1891 2668 2032 „Graf von Charolais" eine Garantie von 1000 Mark bezahlt, und
639 2015 2736 2176 das wollten wir auch für Sie erzielen. Nun da neuerdings wie es
639 2072 2823 2236 scheint, Garantiezahlungen im Hoftheater nicht zu erreichen sind,
647 2202 1871 2363 werden wir uns damit zufrieden geben.
876 2323 1718 2462 Abgeschlossen ist bisher:
873 2388 2953 2538 Frankfurt/M., Neues Theater, 10x Tantiene und 2000 Mark Garantie
870 2510 2476 2631 Hamburg, Deutsches Schauspielhaus, 10 X Tantiene
879 2606 2931 2770 Köln a/Rh., Stadttheater, 10 % Tantiene und 600 Mark Garantie
1676 2708 2185 2838 10 % Tantieme
876 2741 1543 2877 München, Hoftheater
879 2801 2213 2939 Leipzig, Städt. Theater 10 X Tantieme.
661 2925 2883 3066 Weitere Verhandlungen schweben. Da es indessen schwer fällt, Garan-
667 2990 2939 3191 tiesummen zu erzielen, wird es zwecknüssiger sein, weitere Abschlüsse
421 3420 517 3505 F. 208
