3125 4122
1268 231 1369 365 1909
722 309 2222 474 S. Fischer Verlag/Berlin W57 Bülowstratze 90
1151 429 1801 549 AKTIEN GESELISCHAFT
479 510 2461 644 Bankkonto: Deutsche Bank, Depositenkasse P in Berlin / Postscheckkonto Berlin Nr. 16692
920 580 2035 658 Fernsprechanschlüsse: Amt Lützow Nr. 6162 bis 6164
912 633 2043 786 Telegramm-Adresse: Fischerverlag 6162 Berlinlützow
1792 677 2138 825 1.2.4
1408 702 1631 822 here.
1915 783 2389 920 15. April 29
357 820 493 945 Si.
758 964 1675 1143 Herrn Dr. Arthur Schnitzler
2107 1068 2300 1243 Wien
571 1201 1424 1397 Sehr geehrter Herr Doktor,
624 1335 2712 1567 unser Herr Dr. Maril musste sich einer kleinen Operation unter-
538 1533 2559 1681 ziehen und ist infolgedessen genötigt, dem Bureau einige Tage
530 1614 1023 1759 fernzubleiben
736 1667 2656 1859 Auf Ihre Anfrage vom 11. ds. M. teilen wir Ihnen höflichst
544 1806 2718 1943 mit, dass wir mit der "T. I. L. A.. wegen "Therese " einig geworden
532 1946 2718 2046 sind, wir erwarten in den nächsten Tagen den unterzumeten Vertrag
530 2035 2743 2152 ( mit der Firma "Modernissimaus.A.Casa Editrice di Milano ) mit der
544 2144 2746 2266 Garantiezahlung von 5000 Lire, zurück. Wir haben (mit Ihrem Einver-
552 2266 2564 2353 ständnis ) obengenannte Garantiezahlung und eine Tantième von
510 2319 2682 2498 17 ½ % verlangt. Die „T.I.L.A.“ berechnet sich für ihre Bemühungen
549 2484 1712 2592 von diesen zahlungen 10 % Tantieme.
675 2548 2534 2687 Wir haben der mT.I.L.A.m seinerzeit ein Lesexemplar der
549 2662 2788 2785 " Traumnovelle „ gesandt: über dieses Werk schweben aber einstweilen
541 2774 1221 2910 keine Verhandlungen.
767 2893 1558 3022 Wir empfehlen uns Ihnen
1486 2938 2431 3111 mit vorzüglicher Hochachtung
1664 3047 2191 3136 S. FISCHER, VERLAG
1703 3122 2149 3186 AKτIENGESELISCHAFT
1633 3128 2210 3275 AUSLANDSABTEILUNG
1734 3225 2297 3362 i. a. Lehmitt
282 3462 471 3680 p. 23.0000.
