3117 4119
1081 168 1910 369 904 Çrope suis
815 275 2223 520 Fischer / Verlag / A.=G. Berlin W 57.
1193 440 1724 596 Theaterabteilung
472 484 2462 685 Bankkonto: Deutsche Bank, Depositenkasse P in Berlin / Postscheckkonto. Berlin Nr. 16692
915 626 2008 682 Fernsprechanschlüsse: Amt Lützow Nr. 6162 bis 6164
862 673 2040 759 Telegramm - Adresse: Fischerverlag 6162, Berlinlützow
1293 717 1615 853 Bülowstratze so
1645 797 2324 954 Berlin, den 26.2.29.
797 735 1036 942 Ma/Hb.
1007 1072 1205 1187 Herrn
1169 1178 2105 1385 Dr. A. Schnitzler,
2386 1243 2607 1450 XVIII
2017 1352 2637 1544 Sternwartestr. 71.
963 1624 1642 1804 Lieber Herr Doktor!
1317 1780 2510 1916 Zur vorläufigen Nachricht, dass die
440 1848 2492 2031 Abrechnung für "Grosse Scene" von der Societa Italiana degli
440 1978 2607 2149 Autori nunmehr eingetroffen ist und für 6 Aufführungen einen Be-
440 2120 2551 2250 trag von Lire 95.37 ausweist. Obwohl es sich nur um einen Ein-
440 2211 2817 2362 akter handelt, müsste man doch wegen dieses kläglichen Ergebnisses noch
443 2309 2595 2454 Nachforschungen anstellen. Trotzdem möchte ich zu erwägen geben,
446 2445 2459 2572 ob es nicht besser ist, diese ganze Angelegenheit fallen zu
437 2527 2580 2693 lassen, die vielmehr Arbeit und Mähe Kostet als das Ergebnis je
446 2666 2521 2769 wert sein kann, zumal der Erfolg jeder Bemühung in Italien von
449 2766 1370 2896 vornhereim zweifelhaft ist.
1544 2885 2327 3062 Mit herzlichen Grüssen
1689 3032 2149 3183 Ihr ergebener
2067 3118 2327 3330 Uren
