3113 3879
1266 320 1415 425 1612
403 378 2609 598 S. Fischer/Verlag/Berlin M 57/Bülowstraße 90
927 538 2278 676 anschli###se: Amt Lützow Nr. 1662. 6162 und 9292 / Pestelsekkosto: Berlin Nk. 16692
1131 615 1911 731 THEATERABTEILUNG
1092 695 1950 877 Berlin, den 29. März 1923
535 1059 775 1211 Herrn
819 1109 1566 1282 Dr. Arthur Schnitzler
427 1169 521 1296 en de
1638 1211 1916 1348 Wien
579 1412 1506 1572 Sehr gerehrter Herr Doktor,
1508 1522 2661 1668 in der Angelegenheit Wotitzky er -
585 1583 2647 1787 laube ich mir darauf hinzuweisen, dass eine Bewerbung seitens
590 1726 2746 1927 des Foreich, Press Service nicht notwenig auszuschliessen braucht,
596 1892 2749 2043 dass jemand in Amerika, mit Wotitzkys Uebersetzung in der Hand,
593 1988 2556 2151 im Trüben fischt. Die betreffenden Kreise arbeiten da sehr
601 2123 2598 2278 energisch Hand in Hand und Sie können nicht wissem, wer das
601 2267 2796 2402 Toreign Press Service von Amerika aus aufgefordert hat, sich hier
604 2338 2639 2529 bei Ihnen um das Aufführungsrecht zu bewerben. Im übrigen be
607 2490 2644 2658 steht in dieser Angelegenheit zwischen uns wohl insofern ein
604 2636 2771 2777 Missverständnis, xxxx als ich ja nicht gesagt, noch auch gedacht
615 2727 2713 2915 habe, Sie hätten in Amerika irgend jemand ausser Woditzky be-
618 2854 2766 3044 rechtigt, das Aufführungsrecht von "Weites Land " zu vergeben.
626 3000 2606 3157 Vielmehr nahm ich an, dass irgendwer in Amerika an Sie ge-
634 3088 2851 3303 schrieben habe und Ihnen deshalb nun die Erledigung der Angelegen-
626 3235 2807 3408 heit Wohitzky dringlich geworden sei, da Sie negativenfalls dann
634 3367 2829 3574 jene andere person evtl. ermächtigen würden. Jedenfalls danke ich
962 3513 2744 3725 für Ihre Aufklärungen. Eine befristete Verlängerung
