3297 4200
1247 503 1414 687 re7
702 654 2252 811 S. Fischer-Verlag Berlin
1163 817 1795 884 Aktien-Gesellschaft
2225 766 2374 914 0
542 875 2401 987 Amt Lützow Nummer 6162 Theaterabteilung postscheckkonto Nr. 16692
212 905 678 1005 Telegramm-Adresse
796 954 2143 1014 Bankkonto: Deutsche Bank Depositenkasse P in Berlin
203 999 693 1087 Fischerverlag 6162
884 999 2162 1132 Berlin W, Bülowstraße 90, den 29. Juni 192 26
291 1054 606 1147 Berlinlützow
394 1269 609 1396 Herrn
711 1347 1441 1502 Dr. Arthur Schnitzler
1541 1474 1823 1605 Wien
400 1659 1341 1816 Sehr verehrter Herr Doktor,
1347 1765 2758 1886 der neue Direktor vom Kölner Stadttheater
400 1850 2525 2013 ist der frühere Leiter des Grazer Schauspielhauses, Theo Moses
397 2007 2625 2119 Nach -nsicht verschiedener massgebender Heute ist diese Wahl eine
403 2107 2722 2219 gute gewesen. Ich selbst kenne ihn zu wenig, um ein verantwortliches
409 2213 2634 2322 Urteil darüber abgeben zu können. Vielleicht ist Ihnen sogar mehr
394 2319 2825 2419 über seine Person bekannt. Ich habe jedenfalls Köln Ihren prinzipiellen
397 2437 2667 2549 Standpunkt mitgeteilt und erwarte noch die Rückäusserung, von der
394 2519 1692 2682 ich Ihnen sofort Kenntnis geben werde.
1393 2628 2146 2758 Mit ergebenen Grüssen
1708 2719 2228 2810 S. FISCHER, VERLAG
1741 2776 2183 2840 AKTRENGE SELLSCHAFT
1704 2816 2237 2940 THEATERABTEILUNG
1726 2885 2134 3021 Dkllare
