4330 4055
1707 672 2504 882 nicht schrieb, schon es
1552 744 2949 972 hier zu kömmelten zu wissen
2589 835 3011 1025 nachher
1619 887 2479 1081 Heeling Kächner
1385 987 2991 1182 ob ich herausgeh, daß ich in um
1260 1050 3020 1267 nur zu beschrißen. Nachdem erschaffen, wenn
2314 1170 3076 1372 magt, der ung
1494 1177 2341 1403 tum, die der Ohren¬
1418 1280 3147 1485 meinen Mann behindelt, ausführte;
1499 1398 3156 1584 matürlich hat das meinen Mann der
1503 1492 3174 1698 Elias sehn oft bei ihrem gemeinsamen
1508 1593 3201 1785 Arzt tief besonders erregt Es ist sehr
1499 1693 3226 1890 melancholisch zu sehen, wie die Reihen
1521 1791 3234 1999 der ülten Freunde lichter und lichter
1532 1930 1959 2071 worden. —
1762 1972 3259 2156 Mir gehen nun um Montag mich
1485 2026 3241 2225 Fälln (Ville Dr. Schöffler) und wollen
1481 2144 3281 2348 dann noch die Wochen gegen den 8ten
1510 2243 3268 2399 August in Kloberstein, Hotel Bemelmans¬
1514 2325 3226 2531 seine das man nur sehr empfohlen hat,
1528 2419 3232 2596 als gut geleitetes Hotel Es liegt 1200
1537 2506 3275 2710 melter u. Frau von jedem Anto-Meckehr
1532 2589 3284 2823 das ist sehr angenehm Es immer uns un¬
1537 2698 3306 2917 bürlich eine große Fenden Sie der fürlungen
1544 2772 3272 2978 der kurzen Zeit zu tieffen, nur es ihm
1584 2861 3248 3058 dispositionen zu lassen. Mir wollen
1602 2926 3310 3152 das bis Ende August bleiben — Auf dem
2511 3018 3293 3250 zu Klobensbein auss.
1622 3089 2408 3234 Wege mich xyz
