2909 3975
1127 365 1324 495 48 4
646 478 866 634 33
1781 463 2192 600 Berlin
915 458 1758 640 lischer. Verlag
2068 585 2163 652 110
2216 550 2421 666 idasaa
1176 600 1260 649 in
446 571 935 727 Adolm aaab.
1932 582 2253 695 (v. 2)
1190 597 1451 712 B. J.
397 675 2427 791 Theaterabteilung
1022 753 1839 843 Berlin W 57, Bülowstraße Nr. 90
362 730 2442 898 — sie sehmtelxi? as doch nie Tebsaslerednich segnærdädtrei kath
2253 825 2528 962 Reigen
417 854 2418 1002 ###ach dola Jafedaa J.D###d.M.J.I.Mxx.Mv.
2216 883 2722 1040 Jource Hovet
434 964 2427 1141 Te enäw osmedä.neilow na meräIkne nebnajarevaie eIls'inolei
495 1066 2725 1225 meaeib as anegie mi xxx
1384 1147 2647 1312 &    [?]
432 1176 634 1306 Herrn
1245 1205 1332 1315 P.S.
342 1225 1141 1355 enie xxx wiedolasus dol
739 1295 1477 1402 Dr. Arthur Schnitzler,
420 1240 2746 1468 tov eifnara0 ohnadoeigstne anendenreſssen maaag aeb aaam T'alei in Malv
1674 1399 1839 1471 Wien
440 1402 2447 1573 ndt möt meid esnag heb aasb steds Freunde müsseldssenaus
417 1523 2459 1677 Sehr geehrter Herr Doktor, nach Jdoin unew gebrew giffälmid
356 1616 2485 1810 xxxbezugnehmend auf Ihr Schreiben vom
455 1720 2450 1891 4. 2. erlauben wir uns folgendes zu erwidern:
446 1828 2444 2024 Wir haben uns inswischen mit Herrn Sladeck
426 1943 2462 2126 wegen der "Reigen"- Tournee in Verbindung gesetzt und mehr
1350 2074 1457 2137 G.C.H.
918 2082 1309 2140 maisillez lʼannée de nouvelle.
458 2068 2581 2210 fache Besprechungen mit ihm gehabt, die sich naturgemäss nur auf
458 2175 2526 2329 Deutschland bezogen. Hierbei ergab sich, daas Sladeck keines-
472 2282 2572 2413 wegs, wie Sie in Ihrem Schreiben annehmen, heabsichtigt, in den
382 2360 2560 2540 grösseren deutachen Städten nur vorübergehend zu spielen, viel-
478 2494 2575 2656 mehr zielt er darauf ab, in Städten etwa von den Hange Breslaus
342 2583 469 2722 Dans
455 2607 2578 2772 ein Theater für drei bis vier Wochen zu mieten und allabendlich
301 2696 2523 2879 "Reigen " zu wiederholen. Er wäre damit einverstanden, dass,
359 2809 2537 3003 falls auch innerhalb dieser grösseren Anzahl von Aufführungen
426 2899 2583 3090 das Stück nicht abgeapielt sein sollte, wir die Fortsetzung der
414 3035 2520 3206 Aufführungen den regulären Theatern übergeben. Mir sagten ihm
284 3151 2552 3299 sofort, dass falle wir uns für den ganzen Plan entschlössen,
443 3238 2717 3383 uns natürlich gewisse Bicherheiten für die größtmösliche Ausnützung
863 3354 2633 3481 an jedem einzelnen Orte gegeben werden mönnen. Dies
521 3383 808 3467 des Stück
348 3380 814 3525 net ten xxx
524 3478 1848 3588 wäre praktisch so durchführbar; dass für
1839 3441 2572 3594 Soliten wir an diesem Tag
461 3533 1547 3626 Die oben genannten Bedingungen haben Sültigkeit die zum
463 3559 2540 3710 entscheidende Antwort erhalten haben, so nehmen wir an, daß wir über das in Frage stehende Werk anderweitig verfügen können
