2957 3976
618 290 2368 463 scher / Verlag / Berlin M 57/Bülowstraß.
648 431 2345 522 konto: Deutsche Bank. Depositenkasse P in Berlin / Portscheckkonto; Berlin Nr. 16692
1172 507 1961 613 ###se: Amt Lützow Nr. 1662, 6162 und 9
1973 601 2574 753 14. Sept. 1922
1293 701 1386 862 G.F.P
2351 838 2433 923 G.F.P.
2465 838 2565 961 H.F.P.
786 830 1545 979 m Dr. Arthur Schnitzler
2008 906 2562 1052 Wien
879 947 1222 1058 J.M.D.L.W.
2228 1026 2585 1167 G.C.H.F.P.
454 1011 1392 1181 Lieber Freund,
1671 1029 1853 1131 G.H.F.P.
618 1090 2623 1263 vielen Dank für Ihren freundlichen Brief. Ich hoffe, dass Sie
147 1205 293 1381 G.H.F.P
387 1225 2720 1372 erfrischt aus Berchtesgaden nach Hause gekommen sind. Es scheint ja als
393 1328 2653 1483 ob uns viel Erfreuliches in diesem Winter nicht blühen wird, man muss
396 1454 2714 1574 anfangen, diesen Dingen mit einem gewissen Gleichmut gegenüberzustehen,
393 1539 2521 1688 da man gezwungenermassen ja nur Objekt der Entwicklung ist.
516 1653 2626 1776 In den letzten vier Wochen hat sich eine katastophale Verschär-
399 1756 2700 1882 fung der Herstellungsverhältnisse ergeben und wir waren gezwungen, die
182 1882 270 2002 G.F.P.
399 1853 2732 1984 Bücher ganz bedeutend im Preis zu erhöhen. Die Preiserhöhungen betragen
399 1982 2735 2102 zumeist über 50 % und die mit recht so unbeliebten Einbände sind derart
405 2064 2688 2181 teuer geworden, dass hier die Preiserhöhung zum teil noch grösser ist.
120 2193 220 2275 G.H.F.P.
393 2169 2726 2292 Da Sie an den Preiserhöhungen mit Ihrer vollen Tantiene beteiligt sind,
1381 2257 1694 2327 natürliche
149 2260 261 2371 G.H.F.P.
402 2278 2641 2404 so wird die Sache für Sie ja die Kompensation der weiter entwerteten
405 2401 2729 2541 mark darstellen. Für uns ist die Sache aber erheblich schwieriger, weil
182 2371 349 2512 G.H.F.P
405 2459 2591 2597 der Kapitalaufwand und das Risiko immer weiter wachsen und weil der
393 2568 2697 2708 Moment eintreten kann - er scheint schon ziemlich nahegerückt zu sein-
399 2670 2752 2817 wo die anormen Herstellungskosten zu Ladenpreisen führen, die nicht mehr
2160 2767 2673 2928 beneidenswerte
413 2791 1926 2928 bezahlt werden können. Wir Verleger haben da d
2055 2884 2711 3028 eiten schmackhaft zu
407 2878 1776 3031 Aufgabe, dem Autor die wirtschaftlichen Sohn
2380 2993 2641 3139 nur um
399 2990 1448 3151 machen, was natürlich nicht leid
2339 3110 2662 3230 in glücklich
1568 3110 1823 3230 tionsmöge
1885 3087 1970 3204 ich
410 3095 1510 3245 Honorare, sondern auch um die Pro-
2178 3183 2442 3312 vorhand.
419 3210 2014 3324 dass wir alles von Ihnen gedruckt haben und dass
1627 3298 1882 3447 schaffen
1498 3324 1589 3432 zu
428 3304 1466 3447 denn heute wäre das garnicht mehr
