<?xml version="1.0" encoding="UTF-8" standalone="yes"?>
<PcGts xmlns="http://schema.primaresearch.org/PAGE/gts/pagecontent/2013-07-15" xmlns:xsi="http://www.w3.org/2001/XMLSchema-instance" xsi:schemaLocation="http://schema.primaresearch.org/PAGE/gts/pagecontent/2013-07-15 http://schema.primaresearch.org/PAGE/gts/pagecontent/2013-07-15/pagecontent.xsd">
    <Metadata>
        <Creator>prov=READ-COOP:name=TrHtr:version=2.1.0:model_id=51170:date=27_07_2023_22:31</Creator>
        <Created>2023-05-02T08:11:28.045+02:00</Created>
        <LastChange>2023-07-27T22:31:46.228+02:00</LastChange>
        <TranskribusMetadata docId="1416743" pageId="54954666" pageNr="447" tsid="131306111" status="IN_PROGRESS" userId="64420" imgUrl="https://files.transkribus.eu/Get?id=MAJVZSLDDEAJGQZQBHCGQZNK&amp;fileType=view" xmlUrl="https://files.transkribus.eu/Get?id=NCWQAOCJWKZCUJCEOZMKNDVD" imageId="44458391"/>
    </Metadata>
    <Page imageFilename="1416743_0447.jpg" imageWidth="2940" imageHeight="3895">
        <ReadingOrder>
            <OrderedGroup id="ro_1711826450498" caption="Regions reading order">
                <RegionRefIndexed index="0" regionRef="tr_2"/>
                <RegionRefIndexed index="1" regionRef="tr_1"/>
            </OrderedGroup>
        </ReadingOrder>
        <TextRegion id="tr_2" custom="readingOrder {index:0;}">
            <Coords points="223,409 2739,409 2739,1708 223,1708"/>
            <TextLine id="tr_2_tl_1" custom="readingOrder {index:0;}">
                <Coords points="2092,495 2150,484 2196,512 2218,492 2261,487 2256,372 2236,375 2230,369 2218,378 2204,369 2196,378 2181,378 2158,358 2133,366 2084,366"/>
                <Baseline points="2104,459 2148,465 2193,471 2238,471 2265,465"/>
                <TextEquiv>
                    <Unicode>13th</Unicode>
                </TextEquiv>
            </TextLine>
            <TextLine id="tr_2_tl_2" custom="readingOrder {index:1;}">
                <Coords points="1712,487 1735,492 1749,510 1769,510 1795,489 1809,498 1835,481 1855,489 1875,475 1909,495 1926,492 1932,386 1895,378 1884,361 1866,361 1815,395 1798,389 1760,398 1746,386 1718,389"/>
                <Baseline points="1728,480 1754,474 1799,477 1844,471 1889,471 1934,462"/>
                <TextEquiv>
                    <Unicode>pehre</Unicode>
                </TextEquiv>
            </TextLine>
            <TextLine id="tr_2_tl_3" custom="readingOrder {index:2;}">
                <Coords points="724,527 819,507 870,527 959,521 1053,481 1122,501 1119,312 1062,326 982,312 907,369 847,349 770,404 724,395"/>
                <Baseline points="740,471 784,468 829,468 874,465 919,465 964,465 1008,465 1053,465 1098,477 1128,480"/>
                <TextEquiv>
                    <Unicode>Welmé</Unicode>
                </TextEquiv>
            </TextLine>
            <TextLine id="tr_2_tl_4" custom="readingOrder {index:3;}">
                <Coords points="1248,524 1294,527 1314,515 1328,524 1337,515 1374,527 1400,512 1460,518 1466,364 1446,369 1434,358 1411,381 1391,366 1374,378 1320,369 1305,384 1254,386"/>
                <Baseline points="1265,477 1289,477 1334,477 1378,471 1423,471 1468,471"/>
                <TextEquiv>
                    <Unicode>rais de</Unicode>
                </TextEquiv>
            </TextLine>
            <TextLine id="tr_2_tl_5" custom="readingOrder {index:4;}">
                <Coords points="409,581 429,581 475,604 489,618 521,618 524,512 487,515 481,510 464,515 447,510 429,518 412,515"/>
                <Baseline points="429,558 474,555 519,555 531,558"/>
                <TextEquiv>
                    <Unicode>auch</Unicode>
                </TextEquiv>
            </TextLine>
            <TextLine id="tr_2_tl_6" custom="readingOrder {index:5;}">
                <Coords points="341,701 2636,658 2636,590 2470,564 341,590"/>
                <Baseline points="355,635 361,632 405,635 450,635 495,635 540,635 584,629 629,632 674,635 719,632 764,635 808,632 853,632 898,629 943,629 987,626 1032,626 1077,626 1122,626 1167,623 1211,626 1256,626 1301,626 1346,626 1390,629 1435,626 1480,623 1525,626 1569,626 1614,626 1659,626 1704,623 1749,623 1793,623 1838,623 1883,623 1928,623 1972,623 2017,623 2062,623 2107,626 2151,626 2196,626 2241,629 2286,629 2331,629 2375,629 2420,629 2465,629 2510,629 2554,626 2599,623 2644,620"/>
                <TextEquiv>
                    <Unicode>leisten, als uns den daraus erstehenden Schwierigkeiten auszu-</Unicode>
                </TextEquiv>
            </TextLine>
            <TextLine id="tr_2_tl_7" custom="readingOrder {index:6;}">
                <Coords points="515,787 550,790 581,767 598,779 635,773 653,790 684,764 704,770 724,753 767,764 764,661 741,661 721,676 704,664 678,670 638,647 618,647 578,673 552,650 538,664 510,658"/>
                <Baseline points="528,707 573,710 617,710 662,713 707,713 752,716 773,716"/>
                <TextEquiv>
                    <Unicode>setzen.</Unicode>
                </TextEquiv>
            </TextLine>
            <TextLine id="tr_2_tl_8" custom="readingOrder {index:7;}">
                <Coords points="1460,764 1551,781 1677,773 1712,790 1760,767 1789,779 1789,710 1735,727 1683,690 1649,707 1623,690 1594,718 1580,707 1534,721 1486,690 1460,696"/>
                <Baseline points="1477,758 1522,764 1566,767 1611,767 1656,767 1701,764 1746,764 1790,758 1796,758"/>
                <TextEquiv>
                    <Unicode>cadodian</Unicode>
                </TextEquiv>
            </TextLine>
            <TextLine id="tr_2_tl_9" custom="readingOrder {index:8;}">
                <Coords points="744,822 1062,899 2012,827 2645,864 2645,741 2465,779 2201,690 1718,793 959,713 744,753"/>
                <Baseline points="761,817 773,817 817,817 862,817 907,820 952,820 996,820 1041,820 1086,820 1131,820 1175,820 1220,820 1265,820 1310,823 1355,823 1399,820 1444,826 1489,826 1534,823 1578,823 1623,823 1668,823 1713,820 1757,820 1802,817 1847,823 1892,823 1937,823 1981,823 2026,820 2071,823 2116,823 2160,823 2205,823 2250,823 2295,823 2339,820 2384,820 2429,820 2474,820 2519,820 2563,817 2608,817 2653,814"/>
                <TextEquiv>
                    <Unicode>An den Alian Propertydreiten in Washington haben wir bes</Unicode>
                </TextEquiv>
            </TextLine>
            <TextLine id="tr_2_tl_10" custom="readingOrder {index:9;}">
                <Coords points="515,953 2571,962 2605,887 515,893"/>
                <Baseline points="531,925 576,928 620,928 665,928 710,928 755,931 799,931 844,931 889,934 934,934 978,934 1023,934 1068,934 1113,934 1158,934 1202,934 1247,934 1292,934 1337,937 1381,934 1426,934 1471,934 1516,934 1560,934 1605,934 1650,931 1695,934 1740,934 1784,934 1829,934 1874,934 1919,931 1963,934 2008,934 2053,934 2098,934 2142,934 2187,934 2232,934 2277,934 2322,934 2366,934 2411,937 2456,934 2501,934 2545,937 2590,937 2611,940"/>
                <TextEquiv>
                    <Unicode>reits vor einigen Wochen direkt gewendet und sind in Erwartung</Unicode>
                </TextEquiv>
            </TextLine>
            <TextLine id="tr_2_tl_11" custom="readingOrder {index:10;}">
                <Coords points="487,1076 2659,1114 2731,973 487,993"/>
                <Baseline points="501,1035 546,1035 590,1035 635,1035 680,1038 725,1038 770,1038 814,1038 859,1038 904,1038 949,1038 993,1038 1038,1038 1083,1038 1128,1038 1172,1041 1217,1041 1262,1041 1307,1041 1352,1038 1396,1038 1441,1038 1486,1041 1531,1041 1575,1038 1620,1038 1665,1038 1710,1038 1754,1038 1799,1041 1844,1038 1889,1038 1934,1041 1978,1041 2023,1041 2068,1041 2113,1044 2157,1041 2202,1041 2247,1044 2292,1044 2337,1044 2381,1044 2426,1044 2471,1044 2516,1047 2560,1044 2605,1044 2650,1044 2695,1041 2739,1038"/>
                <TextEquiv>
                    <Unicode>seiner Antwort. Herrn Bartsch haben wir nochmals durch Einschreibe-</Unicode>
                </TextEquiv>
            </TextLine>
            <TextLine id="tr_2_tl_12" custom="readingOrder {index:11;}">
                <Coords points="481,1185 2596,1208 2542,1065 481,1105"/>
                <Baseline points="498,1146 543,1149 587,1149 632,1149 677,1149 722,1152 767,1149 811,1149 856,1149 901,1149 946,1149 990,1149 1035,1149 1080,1152 1125,1149 1169,1152 1214,1152 1259,1152 1304,1152 1349,1152 1393,1152 1438,1152 1483,1149 1528,1149 1572,1152 1617,1152 1662,1152 1707,1152 1752,1152 1796,1152 1841,1152 1886,1152 1931,1152 1975,1152 2020,1152 2065,1152 2110,1152 2154,1152 2199,1152 2244,1152 2289,1152 2334,1152 2378,1152 2423,1152 2468,1155 2513,1155 2557,1155 2602,1155"/>
                <TextEquiv>
                    <Unicode>brief darauf aufmerksam gemacht, dass die Angelegenheit unseres</Unicode>
                </TextEquiv>
            </TextLine>
            <TextLine id="tr_2_tl_13" custom="readingOrder {index:12;}">
                <Coords points="489,1277 1551,1337 2021,1285 2067,1199 489,1225"/>
                <Baseline points="504,1268 507,1268 552,1271 596,1271 641,1271 686,1271 731,1271 776,1271 820,1271 865,1271 910,1271 955,1268 999,1268 1044,1268 1089,1268 1134,1271 1178,1268 1223,1268 1268,1268 1313,1268 1358,1268 1402,1268 1447,1268 1492,1265 1537,1268 1581,1268 1626,1271 1671,1271 1716,1271 1760,1271 1805,1265 1850,1262 1895,1262 1940,1259 1984,1256 2029,1256 2074,1256"/>
                <TextEquiv>
                    <Unicode>Verlages nicht mehr seine Sache seien xxx</Unicode>
                </TextEquiv>
            </TextLine>
            <TextLine id="tr_2_tl_14" custom="readingOrder {index:13;}">
                <Coords points="747,1414 2613,1431 2662,1277 2333,1334 1987,1280 1863,1334 747,1317"/>
                <Baseline points="764,1372 787,1372 832,1375 877,1375 922,1375 967,1375 1011,1375 1056,1375 1101,1375 1146,1372 1190,1375 1235,1372 1280,1372 1325,1375 1369,1372 1414,1372 1459,1372 1504,1372 1549,1372 1593,1372 1638,1372 1683,1375 1728,1372 1772,1372 1817,1372 1862,1372 1907,1372 1951,1372 1996,1372 2041,1375 2086,1372 2131,1372 2175,1372 2220,1372 2265,1372 2310,1372 2354,1372 2399,1372 2444,1369 2489,1372 2533,1369 2578,1369 2623,1369 2668,1366"/>
                <TextEquiv>
                    <Unicode>Was Raggio anbetrifft, so haben wir ihm,was wir Ihnen be-</Unicode>
                </TextEquiv>
            </TextLine>
            <TextLine id="tr_2_tl_15" custom="readingOrder {index:14;}">
                <Coords points="278,1440 295,1440 306,1428 344,1460 355,1460 381,1437 409,1446 429,1426 489,1411 489,1334 475,1334 455,1317 401,1357 361,1340 335,1354 309,1334 278,1331"/>
                <Baseline points="292,1393 337,1396 382,1396 426,1396 471,1396 498,1393"/>
                <TextEquiv>
                    <Unicode>Tiefste</Unicode>
                </TextEquiv>
            </TextLine>
            <TextLine id="tr_2_tl_16" custom="readingOrder {index:15;}">
                <Coords points="842,1443 862,1446 890,1428 933,1428 939,1434 962,1428 979,1448 985,1443 1005,1446 1008,1394 973,1391 956,1397 950,1391 939,1400 916,1394 890,1403 882,1397 864,1405 844,1403"/>
                <Baseline points="856,1423 880,1423 925,1423 970,1420 1014,1417"/>
                <TextEquiv>
                    <Unicode>G.C.H.S.</Unicode>
                </TextEquiv>
            </TextLine>
            <TextLine id="tr_2_tl_17" custom="readingOrder {index:16;}">
                <Coords points="492,1514 2550,1543 2608,1417 492,1440"/>
                <Baseline points="507,1477 510,1477 555,1480 599,1480 644,1480 689,1480 734,1480 779,1480 823,1480 868,1480 913,1480 958,1480 1002,1480 1047,1477 1092,1477 1137,1480 1181,1477 1226,1480 1271,1480 1316,1480 1361,1480 1405,1480 1450,1480 1495,1480 1540,1483 1584,1480 1629,1480 1674,1480 1719,1480 1763,1480 1808,1480 1853,1480 1898,1480 1943,1480 1987,1480 2032,1480 2077,1480 2122,1480 2166,1480 2211,1480 2256,1480 2301,1477 2345,1477 2390,1477 2435,1477 2480,1477 2525,1477 2569,1477 2614,1474"/>
                <TextEquiv>
                    <Unicode>reits mitteilten, depeschiert, dass wir auf Reigen nicht wieder</Unicode>
                </TextEquiv>
            </TextLine>
            <TextLine id="tr_2_tl_18" custom="readingOrder {index:17;}">
                <Coords points="212,1563 240,1563 255,1543 312,1540 306,1440 286,1440 266,1420 255,1417 243,1426 238,1420 229,1420 218,1428 203,1428"/>
                <Baseline points="223,1501 268,1501 313,1507 319,1507"/>
                <TextEquiv>
                    <Unicode>.</Unicode>
                </TextEquiv>
            </TextLine>
            <TextLine id="tr_2_tl_19" custom="readingOrder {index:18;}">
                <Coords points="487,1592 2688,1620 2688,1520 2350,1500 487,1543"/>
                <Baseline points="501,1587 546,1587 590,1587 635,1584 680,1584 725,1587 770,1584 814,1584 859,1584 904,1584 949,1584 993,1584 1038,1584 1083,1584 1128,1584 1172,1587 1217,1587 1262,1587 1307,1587 1352,1587 1396,1584 1441,1584 1486,1587 1531,1587 1575,1590 1620,1587 1665,1587 1710,1587 1754,1587 1799,1587 1844,1587 1889,1587 1934,1587 1978,1584 2023,1584 2068,1587 2113,1587 2157,1587 2202,1584 2247,1587 2292,1584 2337,1584 2381,1584 2426,1587 2471,1587 2516,1587 2560,1587 2605,1587 2650,1590 2692,1593"/>
                <TextEquiv>
                    <Unicode>zurückkommen könnten, ohne von ihre einen endgültigen Entschluss,</Unicode>
                </TextEquiv>
            </TextLine>
            <TextLine id="tr_2_tl_20" custom="readingOrder {index:19;}">
                <Coords points="478,1726 2470,1752 2685,1712 2685,1620 478,1660"/>
                <Baseline points="495,1692 540,1695 584,1692 629,1692 674,1695 719,1692 764,1695 808,1692 853,1692 898,1692 943,1692 987,1692 1032,1692 1077,1692 1122,1692 1167,1695 1211,1698 1256,1698 1301,1695 1346,1692 1390,1695 1435,1695 1480,1695 1525,1695 1569,1695 1614,1692 1659,1695 1704,1695 1749,1695 1793,1695 1838,1692 1883,1692 1928,1692 1972,1692 2017,1692 2062,1692 2107,1692 2151,1692 2196,1692 2241,1692 2286,1692 2331,1695 2375,1692 2420,1695 2465,1695 2510,1695 2554,1695 2599,1695 2644,1695 2689,1695 2692,1695"/>
                <TextEquiv>
                    <Unicode>hinsichtlich "Anatol", empfangen zu haben. Er erklärte uns darauf,</Unicode>
                </TextEquiv>
            </TextLine>
        </TextRegion>
        <TextRegion id="tr_1" custom="readingOrder {index:1;}">
            <Coords points="238,1746 2736,1746 2736,3451 238,3451"/>
            <TextLine id="tr_1_tl_1" custom="readingOrder {index:0;}">
                <Coords points="489,1829 2336,1852 2671,1826 2671,1715 489,1763"/>
                <Baseline points="504,1799 549,1799 593,1799 638,1799 683,1799 728,1796 773,1799 817,1799 862,1799 907,1799 952,1796 996,1799 1041,1799 1086,1799 1131,1799 1175,1799 1220,1799 1265,1799 1310,1802 1355,1799 1399,1802 1444,1802 1489,1802 1534,1802 1578,1799 1623,1799 1668,1799 1713,1799 1757,1799 1802,1799 1847,1799 1892,1799 1937,1799 1981,1799 2026,1799 2071,1802 2116,1799 2160,1799 2205,1802 2250,1799 2295,1802 2339,1799 2384,1799 2429,1802 2474,1802 2519,1802 2563,1802 2608,1802 2653,1802 2677,1799"/>
                <TextEquiv>
                    <Unicode>dass er nicht einsehen könne, aus welchem Grunde wir diese beiden</Unicode>
                </TextEquiv>
            </TextLine>
            <TextLine id="tr_1_tl_2" custom="readingOrder {index:1;}">
                <Coords points="478,1938 2359,1958 2682,1929 2682,1852 478,1861"/>
                <Baseline points="495,1907 540,1907 584,1907 629,1907 674,1910 719,1907 764,1907 808,1907 853,1907 898,1907 943,1907 987,1907 1032,1907 1077,1907 1122,1904 1167,1907 1211,1907 1256,1910 1301,1910 1346,1910 1390,1910 1435,1907 1480,1910 1525,1907 1569,1907 1614,1907 1659,1907 1704,1907 1749,1907 1793,1907 1838,1907 1883,1910 1928,1910 1972,1907 2017,1907 2062,1910 2107,1910 2151,1910 2196,1910 2241,1910 2286,1910 2331,1910 2375,1910 2420,1910 2465,1910 2510,1913 2554,1913 2599,1913 2644,1913 2689,1910"/>
                <TextEquiv>
                    <Unicode>Dinge miteinander verbänden. Nun teilen Sie uns ja inzwischen mit</Unicode>
                </TextEquiv>
            </TextLine>
            <TextLine id="tr_1_tl_3" custom="readingOrder {index:2;}">
                <Coords points="487,2052 2301,2021 2573,2087 2636,1944 487,1969"/>
                <Baseline points="501,2014 546,2014 590,2014 635,2014 680,2014 725,2014 770,2011 814,2014 859,2014 904,2014 949,2014 993,2014 1038,2014 1083,2014 1128,2017 1172,2017 1217,2017 1262,2017 1307,2017 1352,2017 1396,2014 1441,2014 1486,2014 1531,2014 1575,2014 1620,2014 1665,2014 1710,2014 1754,2014 1799,2014 1844,2014 1889,2014 1934,2014 1978,2014 2023,2014 2068,2014 2113,2017 2157,2017 2202,2014 2247,2014 2292,2014 2337,2014 2381,2014 2426,2014 2471,2017 2516,2017 2560,2014 2605,2017 2644,2014"/>
                <TextEquiv>
                    <Unicode>dass Frau Vivanti sich gemeldet habe; wir warten daher erst Ihre</Unicode>
                </TextEquiv>
            </TextLine>
            <TextLine id="tr_1_tl_4" custom="readingOrder {index:3;}">
                <Coords points="481,2153 2639,2150 2608,2075 2279,2035 481,2087"/>
                <Baseline points="498,2116 543,2119 587,2119 632,2122 677,2119 722,2119 767,2122 811,2122 856,2122 901,2119 946,2119 990,2119 1035,2122 1080,2122 1125,2122 1169,2122 1214,2122 1259,2122 1304,2125 1349,2122 1393,2122 1438,2122 1483,2122 1528,2122 1572,2122 1617,2122 1662,2122 1707,2122 1752,2122 1796,2122 1841,2122 1886,2122 1931,2122 1975,2122 2020,2122 2065,2122 2110,2122 2154,2122 2199,2122 2244,2122 2289,2125 2334,2125 2378,2125 2423,2128 2468,2125 2513,2125 2557,2125 2602,2125 2647,2125"/>
                <TextEquiv>
                    <Unicode>weiteren Nachrichten in dieser Sache ab, ehe wir die Verhandlung</Unicode>
                </TextEquiv>
            </TextLine>
            <TextLine id="tr_1_tl_5" custom="readingOrder {index:4;}">
                <Coords points="481,2264 2611,2261 2608,2176 2218,2144 478,2190"/>
                <Baseline points="495,2223 540,2226 584,2229 629,2226 674,2226 719,2226 764,2226 808,2226 853,2226 898,2226 943,2226 987,2226 1032,2226 1077,2226 1122,2229 1167,2229 1211,2229 1256,2229 1301,2232 1346,2229 1390,2229 1435,2229 1480,2229 1525,2229 1569,2229 1614,2229 1659,2226 1704,2229 1749,2229 1793,2226 1838,2229 1883,2232 1928,2229 1972,2229 2017,2229 2062,2229 2107,2229 2151,2232 2196,2232 2241,2232 2286,2232 2331,2232 2375,2232 2420,2232 2465,2232 2510,2232 2554,2232 2599,2232 2614,2232"/>
                <TextEquiv>
                    <Unicode>mit Raggio fortsetzen, sehr zuverlässig scheint dieser ja nicht</Unicode>
                </TextEquiv>
            </TextLine>
            <TextLine id="tr_1_tl_6" custom="readingOrder {index:5;}">
                <Coords points="481,2353 2705,2367 2705,2287 2181,2241 481,2290"/>
                <Baseline points="498,2334 543,2337 587,2337 632,2337 677,2339 722,2337 767,2337 811,2337 856,2337 901,2337 946,2337 990,2337 1035,2337 1080,2337 1125,2337 1169,2337 1214,2337 1259,2339 1304,2339 1349,2337 1393,2339 1438,2339 1483,2339 1528,2337 1572,2339 1617,2339 1662,2337 1707,2337 1752,2337 1796,2337 1841,2337 1886,2337 1931,2337 1975,2337 2020,2337 2065,2337 2110,2339 2154,2339 2199,2339 2244,2339 2289,2339 2334,2339 2378,2342 2423,2339 2468,2342 2513,2342 2557,2342 2602,2342 2647,2342 2692,2342 2713,2339"/>
                <TextEquiv>
                    <Unicode>zu sein, doch haben wir dadurch, dass die Società deel### Autori die</Unicode>
                </TextEquiv>
            </TextLine>
            <TextLine id="tr_1_tl_7" custom="readingOrder {index:6;}">
                <Coords points="2327,2496 2344,2496 2356,2479 2393,2485 2473,2456 2490,2465 2499,2456 2508,2462 2550,2453 2548,2362 2488,2367 2470,2353 2450,2356 2436,2347 2410,2367 2382,2356 2362,2359 2342,2376 2321,2370"/>
                <Baseline points="2339,2408 2384,2414 2429,2417 2474,2420 2519,2417 2557,2417"/>
                <TextEquiv>
                    <Unicode>G.C.H.F.P.</Unicode>
                </TextEquiv>
            </TextLine>
            <TextLine id="tr_1_tl_8" custom="readingOrder {index:7;}">
                <Coords points="492,2485 2196,2473 2193,2376 2027,2353 489,2390"/>
                <Baseline points="504,2432 549,2438 593,2441 638,2441 683,2441 728,2441 773,2438 817,2441 862,2438 907,2441 952,2438 996,2441 1041,2444 1086,2441 1131,2441 1175,2444 1220,2441 1265,2444 1310,2447 1355,2447 1399,2447 1444,2444 1489,2444 1534,2447 1578,2444 1623,2441 1668,2441 1713,2441 1757,2441 1802,2444 1847,2444 1892,2441 1937,2441 1981,2441 2026,2444 2071,2444 2116,2444 2160,2444 2199,2447"/>
                <TextEquiv>
                    <Unicode>Verrechnungen vornimmt, eine gewisse Rückendeckung.</Unicode>
                </TextEquiv>
            </TextLine>
            <TextLine id="tr_1_tl_9" custom="readingOrder {index:8;}">
                <Coords points="744,2599 2639,2593 2593,2488 2041,2450 1909,2505 744,2496"/>
                <Baseline points="761,2542 805,2545 850,2545 895,2545 940,2545 984,2545 1029,2545 1074,2545 1119,2545 1164,2545 1208,2545 1253,2545 1298,2548 1343,2548 1387,2548 1432,2548 1477,2551 1522,2548 1566,2545 1611,2545 1656,2545 1701,2548 1746,2548 1790,2548 1835,2548 1880,2548 1925,2548 1969,2551 2014,2548 2059,2545 2104,2548 2148,2548 2193,2548 2238,2548 2283,2548 2328,2548 2372,2548 2417,2548 2462,2548 2507,2548 2551,2551 2596,2551 2641,2548 2647,2551"/>
                <TextEquiv>
                    <Unicode>Was den hohen Betrag für "Der Schleier der pierette" an-</Unicode>
                </TextEquiv>
            </TextLine>
            <TextLine id="tr_1_tl_10" custom="readingOrder {index:9;}">
                <Coords points="489,2588 527,2591 538,2582 561,2599 584,2599 590,2605 624,2585 647,2588 644,2513 621,2516 604,2530 593,2522 564,2530 538,2513 487,2513"/>
                <Baseline points="504,2572 549,2575 593,2575 638,2575 653,2578"/>
                <TextEquiv>
                    <Unicode>lew</Unicode>
                </TextEquiv>
            </TextLine>
            <TextLine id="tr_1_tl_11" custom="readingOrder {index:10;}">
                <Coords points="489,2699 2728,2702 2728,2605 2582,2593 489,2602"/>
                <Baseline points="504,2650 549,2653 593,2653 638,2656 683,2656 728,2656 773,2653 817,2653 862,2656 907,2656 952,2656 996,2656 1041,2653 1086,2653 1131,2653 1175,2653 1220,2653 1265,2656 1310,2653 1355,2653 1399,2656 1444,2656 1489,2656 1534,2656 1578,2656 1623,2659 1668,2659 1713,2659 1757,2659 1802,2659 1847,2659 1892,2662 1937,2659 1981,2662 2026,2662 2071,2659 2116,2659 2160,2659 2205,2662 2250,2662 2295,2662 2339,2662 2384,2659 2429,2662 2474,2665 2519,2665 2563,2665 2608,2665 2653,2665 2698,2662 2736,2659"/>
                <TextEquiv>
                    <Unicode>belangt, so wäre es uns angenehm, zu wissen, für welche Rechte die-</Unicode>
                </TextEquiv>
            </TextLine>
            <TextLine id="tr_1_tl_12" custom="readingOrder {index:11;}">
                <Coords points="1572,2797 1683,2808 1772,2791 1852,2808 1892,2788 1967,2814 2004,2791 2055,2822 2084,2814 2090,2702 1987,2722 1952,2688 1915,2714 1889,2696 1821,2725 1623,2705 1574,2728"/>
                <Baseline points="1590,2757 1599,2757 1644,2763 1689,2763 1734,2760 1778,2760 1823,2757 1868,2757 1913,2754 1957,2748 2002,2748 2047,2745 2092,2745"/>
                <TextEquiv>
                    <Unicode>anb Jdoln xxx</Unicode>
                </TextEquiv>
            </TextLine>
            <TextLine id="tr_1_tl_13" custom="readingOrder {index:12;}">
                <Coords points="472,2805 864,2837 1105,2794 1194,2837 1360,2797 1551,2834 1551,2722 1448,2711 1139,2734 945,2685 713,2731 644,2696 472,2751"/>
                <Baseline points="489,2772 531,2772 576,2772 620,2772 665,2772 710,2772 755,2772 799,2772 844,2769 889,2769 934,2769 978,2769 1023,2769 1068,2769 1113,2769 1158,2769 1202,2769 1247,2769 1292,2769 1337,2769 1381,2769 1426,2769 1471,2769 1516,2769 1560,2763"/>
                <TextEquiv>
                    <Unicode>se Garantie bezahlt worden ist.</Unicode>
                </TextEquiv>
            </TextLine>
            <TextLine id="tr_1_tl_14" custom="readingOrder {index:13;}">
                <Coords points="461,2931 2281,2914 2301,2765 1901,2831 1357,2797 862,2854 644,2797 461,2848"/>
                <Baseline points="477,2892 516,2898 561,2898 605,2898 650,2898 695,2898 740,2895 784,2892 829,2892 874,2889 919,2889 964,2886 1008,2883 1053,2883 1098,2880 1143,2880 1187,2880 1232,2880 1277,2877 1322,2877 1366,2877 1411,2877 1456,2874 1501,2874 1546,2874 1590,2871 1635,2874 1680,2874 1725,2874 1769,2874 1814,2871 1859,2871 1904,2871 1948,2874 1993,2874 2038,2871 2083,2871 2128,2871 2172,2874 2217,2874 2262,2874 2307,2871"/>
                <TextEquiv>
                    <Unicode>Mit vorzüglicher Hochachtung</Unicode>
                </TextEquiv>
            </TextLine>
            <TextLine id="tr_1_tl_15" custom="readingOrder {index:14;}">
                <Coords points="1592,2937 2107,2963 2147,2948 2147,2888 1915,2903 1863,2880 1823,2897 1592,2900"/>
                <Baseline points="1608,2933 1653,2939 1698,2939 1743,2936 1787,2939 1832,2936 1877,2936 1922,2939 1966,2939 2011,2939 2056,2942 2101,2939 2145,2936 2154,2939"/>
                <TextEquiv>
                    <Unicode>B. FISCHER, VERLAU</Unicode>
                </TextEquiv>
            </TextLine>
            <TextLine id="tr_1_tl_16" custom="readingOrder {index:15;}">
                <Coords points="263,3006 2035,3034 2167,2957 1248,2951 1102,2885 263,2977"/>
                <Baseline points="280,2996 325,3005 370,3002 414,3005 459,3002 504,3002 549,3002 593,3002 638,3002 683,3002 728,3002 773,2999 817,2999 862,2993 907,2990 952,2990 996,2990 1041,2990 1086,2990 1131,2990 1175,2987 1220,2987 1265,2987 1310,2984 1355,2984 1399,2981 1444,2978 1489,2978 1534,2981 1578,2981 1623,2984 1668,2987 1713,2990 1757,2990 1802,2990 1847,2990 1892,2990 1937,2990 1981,2990 2026,2990 2071,2993 2116,2990 2160,2993 2175,2996"/>
                <TextEquiv>
                    <Unicode>T.C..R.T.F.K.R.P.S. ri.TATERABTEII UNC</Unicode>
                </TextEquiv>
            </TextLine>
            <TextLine id="tr_1_tl_17" custom="readingOrder {index:16;}">
                <Coords points="2158,3026 2184,3026 2250,3077 2273,3080 2296,3069 2310,3080 2396,3043 2445,3043 2436,2908 2399,2903 2353,2931 2301,2925 2233,2897 2216,2914 2153,2920"/>
                <Baseline points="2175,3014 2220,3020 2265,3032 2310,3032 2354,3032 2399,3032 2444,3029 2447,3029"/>
                <TextEquiv>
                    <Unicode>Gecia</Unicode>
                </TextEquiv>
            </TextLine>
            <TextLine id="tr_1_tl_18" custom="readingOrder {index:17;}">
                <Coords points="1818,3112 1846,3117 1872,3097 1995,3071 2032,3071 2052,3089 2081,3077 2141,3089 2201,3071 2204,3020 2184,3026 2155,3008 2092,3034 2067,3014 2027,3026 1952,3008 1918,3026 1909,3014 1821,3011"/>
                <Baseline points="1832,3077 1850,3077 1895,3074 1940,3071 1984,3068 2029,3068 2074,3071 2119,3068 2163,3065 2208,3062"/>
                <TextEquiv>
                    <Unicode>dass ist Iin</Unicode>
                </TextEquiv>
            </TextLine>
            <TextLine id="tr_1_tl_19" custom="readingOrder {index:18;}">
                <Coords points="263,3117 630,3120 724,3177 1071,3092 1623,3132 1643,3011 263,3063"/>
                <Baseline points="280,3113 304,3110 349,3110 393,3107 438,3107 483,3110 528,3107 573,3110 617,3110 662,3110 707,3107 752,3107 796,3104 841,3104 886,3101 931,3098 975,3098 1020,3092 1065,3089 1110,3089 1155,3089 1199,3089 1244,3086 1289,3086 1334,3086 1378,3086 1423,3086 1468,3083 1513,3083 1558,3083 1602,3086 1647,3083"/>
                <TextEquiv>
                    <Unicode>nid xxx. novab xxxrej</Unicode>
                </TextEquiv>
            </TextLine>
            <TextLine id="tr_1_tl_20" custom="readingOrder {index:19;}">
                <Coords points="1935,3203 1969,3206 1989,3189 2035,3203 2072,3183 2121,3203 2184,3186 2236,3206 2279,3180 2336,3195 2339,3071 2267,3074 2213,3100 2153,3077 2113,3112 2072,3114 2021,3074 1938,3083"/>
                <Baseline points="1951,3181 1984,3181 2029,3181 2074,3181 2119,3178 2163,3178 2208,3175 2253,3175 2298,3175 2342,3175"/>
                <TextEquiv>
                    <Unicode>Ditto selb</Unicode>
                </TextEquiv>
            </TextLine>
            <TextLine id="tr_1_tl_21" custom="readingOrder {index:20;}">
                <Coords points="896,3235 1042,3206 1062,3215 1076,3200 1294,3215 1322,3209 1325,3146 1294,3154 1257,3129 1179,3120 1096,3157 1039,3117 1002,3114 962,3146 899,3149"/>
                <Baseline points="913,3202 925,3202 970,3205 1014,3202 1059,3199 1104,3193 1149,3196 1193,3193 1238,3196 1283,3193 1328,3190"/>
                <TextEquiv>
                    <Unicode>I was as I have to be</Unicode>
                </TextEquiv>
            </TextLine>
            <TextLine id="tr_1_tl_22" custom="readingOrder {index:21;}">
                <Coords points="346,3223 427,3252 495,3229 544,3229 564,3249 615,3217 730,3226 773,3209 773,3166 724,3177 627,3120 593,3134 550,3120 472,3180 346,3166"/>
                <Baseline points="361,3214 376,3214 420,3223 465,3220 510,3220 555,3220 599,3217 644,3214 689,3214 734,3211 779,3208"/>
                <TextEquiv>
                    <Unicode>F</Unicode>
                </TextEquiv>
            </TextLine>
            <TextLine id="tr_1_tl_23" custom="readingOrder {index:22;}">
                <Coords points="510,3292 1852,3343 2184,3243 2505,3341 2676,3309 2676,3163 1967,3209 1603,3109 1314,3217 510,3229"/>
                <Baseline points="525,3274 534,3268 579,3259 623,3259 668,3262 713,3265 758,3265 802,3262 847,3256 892,3253 937,3253 981,3253 1026,3253 1071,3253 1116,3253 1161,3256 1205,3256 1250,3253 1295,3253 1340,3250 1384,3247 1429,3244 1474,3244 1519,3241 1563,3238 1608,3238 1653,3238 1698,3238 1743,3235 1787,3235 1832,3238 1877,3238 1922,3238 1966,3238 2011,3241 2056,3244 2101,3244 2145,3241 2190,3244 2235,3244 2280,3250 2325,3250 2369,3247 2414,3253 2459,3253 2504,3250 2548,3253 2593,3250 2638,3244 2683,3232"/>
                <TextEquiv>
                    <Unicode>Pausser einigen Referenzen, die Käger aufgiebt</Unicode>
                </TextEquiv>
            </TextLine>
            <TextLine id="tr_1_tl_24" custom="readingOrder {index:23;}">
                <Coords points="2018,3338 2038,3338 2064,3318 2092,3335 2110,3326 2135,3338 2176,3335 2193,3320 2198,3326 2230,3312 2261,3318 2267,3249 2224,3255 2181,3243 2158,3255 2141,3240 2118,3255 2107,3240 2087,3252 2027,3246"/>
                <Baseline points="2038,3295 2044,3295 2089,3295 2134,3295 2178,3289 2223,3283 2268,3280"/>
                <TextEquiv>
                    <Unicode>R</Unicode>
                </TextEquiv>
            </TextLine>
            <TextLine id="tr_1_tl_25" custom="readingOrder {index:24;}">
                <Coords points="298,3329 349,3352 427,3341 461,3349 484,3335 521,3369 552,3369 584,3343 656,3329 658,3286 610,3286 575,3263 521,3295 447,3246 424,3255 406,3237 386,3252 366,3243 301,3263"/>
                <Baseline points="313,3327 328,3327 373,3330 417,3330 462,3330 507,3330 552,3324 570,3324 614,3324 659,3324 662,3324"/>
                <TextEquiv>
                    <Unicode>ressere, il ne</Unicode>
                </TextEquiv>
            </TextLine>
            <TextLine id="tr_1_tl_26" custom="readingOrder {index:25;}">
                <Coords points="223,3469 238,3469 252,3484 278,3464 289,3472 306,3472 309,3298 275,3295 263,3306 226,3303"/>
                <Baseline points="238,3441 265,3438 310,3438"/>
                <TextEquiv>
                    <Unicode>Pas</Unicode>
                </TextEquiv>
            </TextLine>
        </TextRegion>
    </Page>
</PcGts>
