3082 3865
1411 399 1567 613 639
1012 550 2201 709 S. FISCHER/VERLAG
790 689 2380 767 Bankkonto: Deutsche Bank. Depositenkasse P Berlin  Postscheckkoto: Berlin 16‘692
1060 757 2100 878 BERLIN W 57 / BÜLowSTRASSE 90
1229 840 1941 959 Fernruf: Lützow 1662, 6162 und 9292
1421 883 2203 1050 Berlin, den 6. 11. 1923.
989 891 1234 1050 Ro./Re.
1146 1128 2047 1312 Herrn Dr. Arthur Schnitzler,
1678 1237 2153 1393 W i e n XVIII
1971 1350 2130 1403 P.S.
1595 1363 2153 1494 Sternwartestr. 71
1181 1456 2016 1600 Sehr geehrter Herr Doktor!
1158 1547 2398 1711 Unsere Ueberweisung vom 23. 10. in Höhe
1002 1666 2456 1815 von M. 400, O80, Millionen (Vierhundert Milliar-
1002 1792 2324 1913 den à conto der Bücher-Abrechnung und
1010 1878 2440 2042 880 Millienen für Bühnen-Tantièmen) wurde der
997 1991 2342 2115 Bank für auswärtigen Handel unterm 24. 10.
1012 2085 2420 2239 gemeldet. Wir hoffen, dass Sie inzwischen in
1012 2191 2403 2329 den Besitz der Empfangsanzeige gelangt sind.
1143 2309 2307 2428 Heute haben wir für Bühnentantiemen
1022 2405 2380 2567 weitere 148 Milliarden Mark an die Bank für
1017 2506 2440 2675 auswärtigen Handel überwiesen und dieser Bank
1015 2610 2216 2766 gleichzeitig davon Mitteilung gemacht.
1262 2733 2163 2887 Mit vorzüglicher Hochachtung
1393 2844 2135 2998 S. Fischer / Verlag 4.-
1272 2912 2133 3119 ppa. Kranbein Rühlen
729 3238 2637 3389 xxx wung werden) ou Sie sich nun zur à Conto-
601 3296 2632 3516 Zahlung in Buchmark verstehen sollen, die an Exemplaren gemessen
