2929 3928
407 515 2681 649 zu zahlen, angesichts der Tatsache, dass sie eine grosse Leistung für
380 604 2520 712 Schnitzler unternehmen, wenn sie eine Menge von nichtgeschützten
401 634 2648 769 Büchern herausgeben. Aber sie wären geneigt, 5 für alle geschützten
377 703 2717 823 oder andern Bücher zu zahlen. Es wäre notwendig B. + L. zu autorisieren
371 748 2777 895 als die offiziellen Verleger Schnitzler's in diesem Land zu handeln, und
380 817 2651 946 sie müssten ein Vorrecht haben, bei einer Tantième von 10% und einer
389 871 2568 985 entsprechenden Anzahlung, auf Schnitzler's Bücher für die nächsten
712 925 2630 1095 Wenn möglich soll Fischer die Herstellung übernehmen, und
389 979 658 1068 3 Jahre.
518 1071 1718 1200 die Texte der Uebersetzung liefern.
