3197 3994
920 364 1898 565 cher. Verlag. Be
771 594 1741 705 xxx Theaterabteilung
603 623 2291 809 Wir halten es Ihrer Unerfahrenheit zugute, dass Sie
2443 687 2527 792 be
521 769 2559 902 tigt fühlen, eine interne geschäftliche Angelegenheit Herrn Br.
1674 850 1974 920 G.C.H.F.P.M
1080 844 1415 914 aie että
509 865 2739 1001 Schmitzler vorzutragen, um auf uns einen Druck auszuüben. Es tat uns
501 987 2836 1109 sehr leid, dass Sie zur Mehrung Ihrer eigenen Interessen einen illogalen
495 1086 2812 1226 Weg gewählt haben, der uns nicht mit Vertrauen für Ihre Firma erfüllten
492 1164 2757 1351 kann und aus dem wir im Wiederholungsfalle die weiteren Konsequenzen
486 1246 967 1429 zithen würden.
827 1272 1493 1432 Dr. Arthur Schnitzler
1796 1342 2422 1540 Hochachtungsvord
1796 1476 2553 1639 ppa s. FISCHER, VERLAG
1115 1616 1217 1723 G.C.F.P.
1499 1662 1624 1811 G.C.F.P.
769 1677 2466 1866 P.S. Es wäre zwecknüssig, wenn Sie sowohl von der Nr.
2507 1735 2774 1875 26.11.o
1913 1828 2102 1898 G.C.H.F.P
472 1852 2451 1971 thek, wie von der Nesen Romanreihe ein vollständiges Exemplar
2620 1846 2754 1997 at a
1729 1930 2055 2006 G.C.F.P.S
463 1962 2568 2099 20 Exemplaren ständig auf Lager führen. Von der Regen Romanreihs
480 2035 2643 2201 würden wir Ihnen auch broschierte Exemplare liefern. Solche Bücher
469 2134 2713 2303 können aber nicht mit dem Bücherwagen geschickt werden, dazu ist die
460 2253 2643 2416 Fracht viel zu teuer, wie wir Überhaupt empfehlen würden, Lagerer-
1499 2341 1587 2425 G.H.P.
1648 2346 1735 2411 G.F.P.
457 2367 2670 2544 gänzungen so zeitig zu bestellen, dass wir den Bücherwagen nicht zu
1132 2440 1747 2562 ein Betreis von Kz¬
466 2445 1066 2585 benutzen brauchen.
1342 2611 1779 2763 zur weiteren
2291 2725 2603 2940 Défautement
1357 2780 1953 2961 Die Ihnen direkt v
2559 2870 2684 3039 G.C.F.P
623 2946 2009 3068 3.3229.37 osterreichtscher Wahrung enthalten
541 3039 1817 3205 men für „ Professor Bernhard!“ sonders
603 3135 1948 3301 Litteratur "Diese sind, wir bereits in
576 3234 1895 3429 bemerzten mit 3^ beziehungsweise 2¼ abgeren
1004 3400 1377 3555 Das Günstalt bis zum
396 3400 894 3569 Die über genannten Bedingen
405 3453 1985 3680 zuscheidende Antwort gehalten haben, ja nehmen wir an, xxx über xxx in Frage stehende
297 3613 396 3700 O. 226.
