3227 4105
1334 307 1500 442 353
811 369 2381 571 S. Fischer Verlag, Berlin W., Bülowstrasse 90
1503 529 1909 692 18. Mai 1915
1253 667 2421 847 Klefna edind eheflsins samma medosino
1607 760 2314 932 Gewaüre Nachricht für
802 946 1700 1213 Herrn Dr. Arthur Schnitzler
1728 1084 1875 1261 Wien
670 1354 1143 1545 Lieber Freund,
901 1388 2601 1650 ich sende Ihnen heute Ihre Freiexemplare vom "Blinden
695 1531 2905 1720 Geronimo." Brauchen Sie Exemplare zur Versendung an die Wiener Presse,
698 1661 2801 1866 so ist es vielleicht am besten. Sie versenden Sie direkt und geben
707 1740 2866 1962 uns die Anzahl der benötigten Exemplare und die bezüglichen Adressen
707 1793 2964 2052 an, um die Versendung von Duplikaten zu vermeiden. Wir haben von diesem
709 1965 2933 2153 Buch 2700 Exemplare gedruckt, davon, um es noch einmal zu wiederholen,
721 2089 2652 2229 200 zur Signierung, die Ihnen in diesen Tagen zugehen werden.
2387 2153 2961 2244 6 dem Buch für die
1002 2201 2401 2373 Wir haben zwei Möglichkeiten, den Ertrag aus
2387 2207 2947 2294 de la rivre de lʼannée.
1244 2263 2975 2415 führen, und zwar entweder an die Medizinalabteilung des
732 2373 2998 2562 Kriegsministeriums in Berlin oder an das Rote Kreuz, das eine spezielle
740 2348 1202 2491 Erblindeten ab
1241 2396 1408 2457 ou les mauvaises
752 2480 2967 2660 Organisation für die Fürsorge der Kriegserblindeten getroffen hat. Ich
746 2579 2852 2764 würde vorschlagen, dass wir von diesen beiden Institutionen keinen
757 2677 2911 2866 Gebrauch machen, den Ertrag vielmehr an das Berliner Tageblatt über-
757 2781 2984 2970 weisen, das eine öffentliche Sammlung für die Erblindeten im Felde mit
760 2888 2961 3085 Erfolg durchführt. Ich denke dabei daran, das Berliner Tageblatt auch
763 3004 2942 3184 für den Vertrieb des Buches zu interessieren, wenn wir unsere Erträg-
785 3094 2885 3274 nisse in diese Kasse fliessen lassen. Bitte lassn Sie mich wissen
771 3189 2894 3384 wie Sie darüber denken. Auch möchte ich gern wissen, wohin der der
