3656 4103
1518 340 1686 468 357.
981 335 2552 649 S. Fischer, Verlag, Berlin M., Bülowstrasse 90
1817 580 2151 690 26/6. 1915
1101 912 1980 1124 Herrn Dr. Arthur Schnitzler
1980 1030 2136 1152 Wien
887 1249 1367 1423 Lieber Freund,
1101 1341 2785 1536 wir verhandeln mit dem Städtischen Theater in Leipzig
861 1467 2913 1671 (Direktion Martersteig) wegen des. "Grünen Kahadn." Dieses Theater
861 1574 2823 1745 verlangt, dass dem Vertrag ein Revers hinzugefügt wird, wonach
856 1663 2759 1822 wir uns verpflichten müssten, dass vom "Grünen Kakadu" keine
858 1791 2890 1947 kinomatographische Bearbeitung oder Aufführung während der Dauer
866 1883 2851 2036 des Vertrages in Leipzig zugelassen wird. Ich habe das als eine
871 1990 2810 2139 Schmälerung der Autorenrechte prinzipiell zurückgewiesen. Nun
879 2082 2826 2254 schreibt mir Martersteig, dass er den Vertrag nur unter dieser
874 2200 2808 2368 Bedingung schliessen könnte, weil ein Beschluss des Deutschen
874 2284 2928 2450 Bühnenvereins vorliegt, der die Vereinsbühren zwingt, die Abwehr-
884 2399 2808 2542 massregel gegen schädigende Konkurenz des Kinos aufzustellen.
889 2512 2828 2698 Bitte dessen Sie mich wissen, wie Sie sich dazu verhalten. Zu
889 2601 2905 2757 machen wäre ja die Sache eventl. auch so, dass wir uns eine Kün-
902 2719 2890 2882 digung für den Moment vorbehalten, wo Sie eine Kino-Bearbeitung
897 2823 1704 3000 für wünschenswert halten.
1252 2864 2300 3081 Auf Robert Adam werde ich achten,
1658 3015 2404 3214 Mit herzlichen Grüssen
2494 3043 2624 3176 Ihr
2407 3178 2823 3380 Fischer
657 3521 751 3651 F. 208
