3083 4008
1162 460 1745 659 Der / Verlag / A.
975 626 2336 747 utsche Bank, Depositenkasse P in Berlin / Postscheckkonto: Berl
1066 694 2058 823 Fernsprechanschlüsse: Amt Lützow Nr. 6160 bi
1426 761 1780 852 Bülowstraße
1092 802 2160 978 elegramm.Adresse: Fischerverlag 6162 Berlinlützo
483 969 708 1110 7/S1.
831 1124 1323 1285 Lieber Freund,
811 1230 2743 1426 ich freue mich sehr, dass Ihr neuer Roman seinem Abschluss
624 1385 2928 1622 entgegengeht und ich bin Ihnen dankbar dafür, dass Sie die Buchausgabe
612 1508 1654 1660 meinem Verlag übergeben wollen.
717 1601 2942 1721 Mit dem Satz des Manuskripts könnten wir sogleich beginnen; in etwa
624 1710 2805 1856 4 Wochen könnten die Fahnenkorrekturen auf gutem Papier abgezogen,
635 1754 2936 1976 vorliegen. Wenn Sie keine Streichungen oder Hinzufügungen im Text vor.
635 1953 2878 2070 haben, so könnte der Satz schon in Bogen umbrochen werden anstatt in
641 2055 2881 2201 sogenannten Fahnen, die Sie nicht lieben. Die Fahnenabzüge haben den
641 2137 2989 2272 technischen Zweck, etwaige Einfügungen oder Streichungen ohne schwierige
635 2216 2758 2365 Umbrucharbeit herzustellen. Bestimmen Sie also bitte darüber das
644 2298 2878 2471 Wähere. Im übrigen können die Fahnenkorrekturen immerhin so gehalten
638 2424 2995 2573 sein, dass sie eine gewisse Gleichmässigkeit im Format aufweisen. Bestim
638 2556 2219 2687 men Sie bitte auch, wieviel Abzüge Sie brauchen.
703 2644 2245 2805 Wir reisen Montag früh und hoffen sehr, Sie in
2696 2644 2945 2784 penstein
2646 2761 2834 2892 ersohn
635 2769 2424 2933 zu sehen. In meiner Abwesenheit werden Maril und mein
647 2846 2155 2971 für die Ausführung Ihrer Wünsche Sorge tragen.
2377 3203 2822 3411 finhe.
834 3244 1625 3457 für die Kleine kar
846 3381 1639 3504 würde Ullstein,
849 3469 1353 3621 bezahlen.
1897 3443 1994 3583 in
2017 3466 2163 3577 werden
2518 3440 2740 3624 -4-
1063 3572 1212 3712 mit
577 3639 1209 3815 2 die in einer
