3046 3929
1499 578 2378 677 Berlin / Postscheckkonto: Berlin Nr. 166
536 544 1476 615 L'Exposieur et d'un armeau et très de l'autre
1666 646 2037 768 Nr. 6162 bis 6164
890 657 1476 802 Fernsprechanschlüsse: Amt
1508 646 1635 728 Jützov
686 980 861 1116 Herrn
1006 1009 1907 1159 Dr. Arthur Schnitzl
972 1261 1865 1411 Sehr verehrter Herr Doktor!
850 1386 2726 1533 Da Hartung, wie Sie wahrscheinlich gelesen haben, nunmehr
878 1525 966 1581 G.C.H.
536 1493 2752 1686 das Renaissance-Theater übernommen hat, könnten sich gewisse Chancen
521 1644 2732 1765 für den -Gang zum Weihers oder auch die „Komödie der Verführung“ an
530 1743 2655 1887 dieser Bühne eröffnen. Im Augenblick kann man darüber noch nichts
536 1848 2293 1975 sagen, weil Hartung erst sein Ensemble zusammenstellt.
861 1873 2757 2080 Herrn Direktor Schädlich, der wie ich glaube, seinen Namen
541 2003 2783 2176 nicht zu Unrecht trägt, habe ich immerhin aufgefordert, uns Vorschlä-
536 2122 2633 2264 ge zu machen. Wenn sie so beruhigend ausfallen sollten, dass man
541 2182 2794 2363 nichts zu befürchten hat, könnte man mit ihm in Verhandlungen treten,
541 2312 2820 2474 aber es ist kaum anzunehmen, dass er irgend etwas zu bieten haben wird.
861 2420 2743 2584 Der Plan, "Zwischenspieln zu bringen ist unterdessen, wie
553 2545 2743 2661 ich erfahre, von der Direktion des Trianon-Theater wieder fallen ge-
558 2644 2783 2783 lassen worden wegen des Glässner-Gastspiels, das dort jetzt stattfin-
564 2740 2142 2916 det und voraussichtlich längere Zeit dauern wird.
1618 2825 2202 3024 Mit herzliches Grüs¬
1649 3004 2066 3126 Ihr ergebener
1853 3151 2009 3301 vie
