3065 3895
1267 178 1442 344 1627
663 277 2568 487 scher/Verlag/Berlin M 57/Bülowstraße 90
1007 438 2239 540 2: Amt Lützow Nr. 1662. 6162 und 9292 / Postscheckkonto: Berlin Nr 16692
1080 514 1856 645 THEATERABTEILUNG
1100 595 2119 773 Berlin, den 4. September 1923
368 972 575 1138 Herrn
686 1062 1448 1270 Dr. Arthur Schnitzler
1585 1211 1874 1337 Wien
377 1343 1319 1608 Sehr verehrter Herr Doktor,
1319 1509 2682 1672 von Kalckar ist versehentlich ein Betrag
388 1614 2653 1760 von norweg. Kr. 160.— Tantiemen "Liebelei," in Norwegen, in Bank -
1979 1725 2315 1801 A.W.S.
808 1748 1249 1824 A.W.A.S.
385 1722 2624 1900 noten hier eingetroffen. Da wir diese Noten nicht nach Oesterreich
394 1865 2560 2034 ausführen können, so möchten wir vorschlagen, dass wir sie vor -
382 2029 2586 2215 läufig hier behalten, bis sich Gelegenheit ergibt Sie Ihnen zuzu-
388 2169 2679 2315 stellen. Unsere Provision beträgt norweg. Kr. 19,20. Ich hoffe Sie
394 2294 2738 2443 damit einverstanden, dass wir hierfür 20 Kronen einbehalten und Ihnen
1742 2353 2169 2446 G.C.H.F.P.S.
391 2376 2679 2516 den Spitzenbetrag von 80 Oere in Mark gutschreiben. In diesem Falle
406 2487 2671 2729 würden dann also Kr. 140.— in Originalbanknoten zu Ihrer Verfügung
972 2615 1226 2726 G.P.
403 2639 683 2787 bleiben,
890 2674 1710 2928 Mit besten Empfehlungen
350 2779 960 3038 Cum H M
1725 2779 2326 3038 Ihr sehr ergebener
2350 2863 2735 3123 Eurpuns
