3194 4072
933 661 2347 824 spielen. Das Züricher Stadttheater übt diese
927 799 2367 944 Praxis nicht aus, weil es selbst zu den trei-
933 887 2382 1069 benden Kräften gehört, die auf eine Aenderung
936 1017 2367 1153 dieses veralteten Gesetzes drängen. Immerhin
940 1122 2297 1247 hat Herr Reucker erklärt, dass dadurch die
946 1195 2361 1361 Möglichkeit eintreten könnte, das Stück ohne
957 1324 2371 1454 Vertrag zu spielen, wenn eine andere dortige
964 1412 2413 1566 Bühne oder Tournée das Stück in Zürich heraus¬
977 1533 2347 1658 brächte. Dieser Fall ist in der vergangenen
977 1610 2385 1759 Spielzeit bei einem französischen Stück ein-
977 1724 2229 1897 getreten. Die höchste Tantieme, die das
990 1816 2468 1965 Züricher Stadttheater in normalen Zeiten zahlt,
1884 1904 2051 1961 ein
984 1926 2440 2079 ist 7 % Herr Reucker hat sich bereit erklärt,
1003 2024 2429 2170 einen Vertrag mit 4 % für „Zwischenspiel“ ab-
1006 2119 2464 2303 zuschliessen. Er hat ausserdem den Wunsch, die
1014 2240 2483 2396 „Komödie der Worte“ zu erwerben und würde hier-
1010 2350 2473 2532 für 6 % zahlen wollen. Eine Garantie zahlt das
1015 2440 2428 2587 Züricher Stadttheater unter den vorliegenden
1028 2552 2380 2688 Umständen niemals. Wir bitten Sie höfl. um
1030 2637 2407 2787 Bescheid, ob Sie mit den Abschlüssen in dem
1037 2756 2163 2898 gedachten Sinne einverstanden sind.
1831 2815 2350 2927 Hochachtungsvoll
1972 2876 2262 2964 ergebenst
1932 2931 2385 3033 ISONER, VERLAG
2211 3000 2372 3142 LUNG
