3210 4007
1476 550 1651 671 ζ36
869 648 2337 772 S. Fischer. Verlag Berlin
855 824 2334 884 Amt Letzow 1662 u. 6162 Theaterabteilung postscheckkonto Nr. 16692
1254 875 1950 962 Berlin W 57, Bülowstraße Nr. 90.
1252 946 1989 1116 Den 20. Oktober 191 5.
915 1155 1829 1325 Herrn Dr. Arthur Schnitzler
2020 1175 2107 1320 P.S.
1894 1302 2111 1476 Wien
919 1515 1567 1693 Sehr geehrter Herr,
1080 1658 2320 1800 unser ungarischer Vertreter, Herr Dr.
917 1782 2440 1898 Marton, teilt uns mit, dass er einen Abschluss
911 1863 2401 1997 mit dem Nationaltheater auf "Kontesse Mizzi=
915 1976 2425 2105 gemacht habe. Aus seinen Ausführungen schlies-
915 2105 2347 2229 sen wir, dass Herr Dr. Eirich ebenfalls für
915 2206 2365 2328 dieses Stück in Budapest bemüht gewesen ist.
909 2305 2411 2417 Wir bitten Sie höflichst, uns mitzuteilen, ob
911 2394 2463 2523 Sie Herrn Dr. Kirich zu einem Abschluss ermäch-
900 2535 2440 2634 tigt haben. Sollte dies der Fall sein, so wird
900 2614 2407 2763 es uns voraussichtlich noch möglich sein, aus
888 2699 2396 2868 den Abschluss mit Herrn Dr. Marten heraus zu
418 3464 524 3636 F. 208
372 3655 584 3789 G.C.H.F.P.
