3057 4004
660 336 2673 580 Fischer/Verlag/Berlin W 57/Bülowstrasse 9c
536 404 644 572 2.
1128 528 2360 630 ###e: Amt Lützow Nr. 1662. 6162 und 9292 / Postscheckkonto: Berlin Nr 1669
1226 597 1988 764 THEATERABTEILUNG
1336 896 1521 1018 IV.
679 990 2728 1199 wäre es möglich, dass hier ein Irrtum vorliegt. Denn bei uns
676 1122 2888 1334 findet sich merkwürdigerweise nirgens eine Erwähnung der zweiten
688 1326 2800 1499 Zahlung von 300 Dollar. Für welches Stück sollen diese bezahlt
682 1411 1130 1617 worden sein?
1119 1507 2816 1719 Indem ich Ihrer freundlichen Antwort entgegensehe,
690 1708 1928 1848 bin ich, Sehr verehrter Herr Doktor,
1490 1722 2299 1964 Ihr ergebener Strafen
696 2277 2668 2464 P.S. Soweit noch einzelne Fragen aus Ihren während meiner
704 2439 2780 2607 Urlaubsabwesenheit hier eingetroffenen Briefen zu beantworten
701 2563 2904 2725 sein sollten, werde ich auf diese in den nächsten Tagen eingehen.
