3082 3943
1297 237 1469 369 soe
660 613 1238 762 fehler geben wird.
864 685 2619 876 Für die neuen drei Auflagen der "Erzählenden Schriften",
682 819 2662 961 die wir jetzt zum Preise von 12 Mark herausgeben, lege ich eine
690 926 2692 1043 Gutschriftnote bei. Das Honorar hat sich um 400 Mark pro Tausend
687 1018 2639 1168 für Sie erhöht, beträgt also insgesamt M. 7200.- die wir Ihrem
687 1145 2385 1267 Bankkonto (zur Verrechnung auf Mark-Konto) überweisen.
854 1250 2659 1340 Ich wünsche Ihnen schöne Tage in dem prachtvollen Gastein.
687 1317 2669 1459 Ich habe keine sehr gute Erinnerung an die Bäder, die mich sehr
700 1432 2619 1581 aufgeregt hatten. Die Aerzte meinten damals, ich wäre noch zu
702 1536 2206 1691 jung für Gastein. Aber warum sind Sie dann dort?
854 1656 2819 1770 Fielen Dank für die sehr freundliche Aufnahme meines Schwagers.
1347 1750 2074 1885 Mit herzlichen Grüssen
1676 1917 2336 2154 F.fischer
418 3548 533 3613 uur
558 3444 1541 3710 Hirer Gesäum
