3041 3880
1748 271 2027 508 2.3.
972 468 2019 573 ###nachsassen ###
1066 570 1813 681 0 W0 UJISTASSTAIH
399 653 2575 790 gutem Gewissen sagen, dass ich in jener Sache alle irgend ver-
405 730 2566 930 fügbaren Mittel zu Ihrem Schutze angewendet habe und Reyding mir
399 881 1360 1061 dabei tüchtig geholfen hat.
847 995 2580 1152 Ihre Bemerkung, dass in solchen Fällen nicht einmal
1497 1095 1899 1172 G.H.F.P.F:S.
413 1121 2657 1263 die Steuerbehörde einen Abzug mache, und nicht nur diese Bemerkung
419 1252 2580 1400 erweckt mir den Anschein, als empfänden Sie die Provisionsabzüge
413 1323 2521 1494 als eine Kontribution, die dem Autor auferlegt wird oder aber
419 1483 2646 1622 wie eine Beute, die zu erhaschen ich dauernd auf der Lauer liege.
425 1602 2583 1751 Zugegeben, dass das ganze Provisionssystem ziemlich leidig ist,
428 1734 2495 1865 so ist es doch das einzige, daseinem Verlage die Möglichkeit
433 1859 2615 2007 bietet sich auf diesem Gebiete bezahlt zu machen, in einer Weise,
431 1987 2600 2121 die einem gewissen Billigkeitsgefühl entspricht. Im übrigen aber
433 2113 2546 2247 ist Provision nichtssanderes als ein genereller Arbeitsentgelt,
975 2207 1277 2278 Ce dernier mn
433 2193 2532 2367 der nicht nur nach den einzelnen Abschlüssen, sondern nach der
439 2367 2529 2489 Gesamtarbeitsleistung abgeschätzt werden darf. Was der Verlag
450 2429 2740 2612 im einzelnen Falle zuviel zu erhalten scheint, bekommt er im anderen
439 2558 2583 2757 zu wenig, wenn überhaupt kein Abschluss zustandekommt oder von
456 2709 2603 2894 vornherein unproduktive Aufgaben wie Verhinderung unberechtigter
450 2814 2575 2991 Aufführungen oder Uebersetzungen und dergl. in Frage stehen. Der
450 2957 2617 3119 Ausgleich stellt sich dann schon von selbst authomatisch her, be-
459 3057 2512 3250 sonders, hoffe ich bei uns, wodurch das Festhalten niedriger
2173 3208 2743 3345 bei irgend einem
459 3213 1919 3387 Provisionssätze weit billiger gearbeitet wir
490 3336 1568 3513 anderen mir bekannten deutschen
1357 3490 1528 3618 er nie
