<?xml version="1.0" encoding="UTF-8" standalone="yes"?>
<PcGts xmlns="http://schema.primaresearch.org/PAGE/gts/pagecontent/2013-07-15" xmlns:xsi="http://www.w3.org/2001/XMLSchema-instance" xsi:schemaLocation="http://schema.primaresearch.org/PAGE/gts/pagecontent/2013-07-15 http://schema.primaresearch.org/PAGE/gts/pagecontent/2013-07-15/pagecontent.xsd">
    <Metadata>
        <Creator>prov=READ-COOP:name=TrHtr:version=2.1.0:model_id=51170:date=27_07_2023_22:28</Creator>
        <Created>2023-05-02T08:10:32.001+02:00</Created>
        <LastChange>2023-07-27T22:28:42.150+02:00</LastChange>
        <TranskribusMetadata docId="1416743" pageId="54953056" pageNr="26" tsid="131305655" status="IN_PROGRESS" userId="64420" imgUrl="https://files.transkribus.eu/Get?id=XXQMNNURZYRLAIMXKFFMLDBN&amp;fileType=view" xmlUrl="https://files.transkribus.eu/Get?id=RJFHHWCCMFIMTMTWAVXFESQQ" imageId="44456781"/>
    </Metadata>
    <Page imageFilename="1416743_0026.jpg" imageWidth="3194" imageHeight="4072">
        <ReadingOrder>
            <OrderedGroup id="ro_1711826121250" caption="Regions reading order">
                <RegionRefIndexed index="0" regionRef="tr_1"/>
                <RegionRefIndexed index="1" regionRef="tr_2"/>
            </OrderedGroup>
        </ReadingOrder>
        <TextRegion id="tr_1" custom="readingOrder {index:0;}">
            <Coords points="641,233 2725,233 2725,2284 641,2284"/>
            <TextLine id="tr_1_tl_1" custom="readingOrder {index:0;}">
                <Coords points="1199,324 1215,324 1225,332 1263,314 1279,314 1292,298 1308,292 1327,308 1333,303 1359,308 1357,217 1311,209 1287,231 1276,220 1263,228 1233,201 1220,209 1196,209"/>
                <Baseline points="1212,286 1256,283 1301,286 1346,286 1367,289"/>
                <TextEquiv>
                    <Unicode>363</Unicode>
                </TextEquiv>
            </TextLine>
            <TextLine id="tr_1_tl_2" custom="readingOrder {index:1;}">
                <Coords points="743,450 1043,472 1209,421 1351,475 1590,432 1745,483 2301,405 2303,319 1965,268 1367,351 748,290"/>
                <Baseline points="761,432 785,429 829,426 874,423 919,423 964,414 1009,414 1053,411 1098,411 1143,408 1188,408 1232,408 1277,408 1322,408 1367,408 1412,403 1456,400 1501,397 1546,397 1591,394 1635,394 1680,397 1725,397 1770,400 1815,397 1859,397 1904,397 1949,397 1994,394 2038,391 2083,391 2128,391 2173,394 2218,394 2262,391 2307,391"/>
                <TextEquiv>
                    <Unicode>S. Fischer, Verlag, Berlin M., Bülowstrasse 90</Unicode>
                </TextEquiv>
            </TextLine>
            <TextLine id="tr_1_tl_3" custom="readingOrder {index:2;}">
                <Coords points="1367,587 1410,598 1443,582 1467,598 1512,601 1593,536 1611,531 1654,550 1657,432 1569,437 1544,458 1491,434 1440,469 1367,472"/>
                <Baseline points="1382,525 1426,525 1471,525 1516,522 1561,522 1606,522 1650,525 1662,525"/>
                <TextEquiv>
                    <Unicode>6/9. 1915</Unicode>
                </TextEquiv>
            </TextLine>
            <TextLine id="tr_1_tl_4" custom="readingOrder {index:3;}">
                <Coords points="770,1032 984,1003 1035,1051 1113,1030 1338,1062 1512,1008 1654,1030 1654,909 1555,871 1453,874 1381,922 1314,893 1247,933 1145,922 1086,968 1000,922 772,928"/>
                <Baseline points="788,1000 809,1000 853,997 898,997 943,997 988,997 1032,997 1077,994 1122,994 1167,994 1212,994 1256,991 1301,988 1346,988 1391,985 1435,985 1480,985 1525,985 1570,985 1615,985 1659,988"/>
                <TextEquiv>
                    <Unicode>Herrn Dr. Arthur Schnitzler</Unicode>
                </TextEquiv>
            </TextLine>
            <TextLine id="tr_1_tl_5" custom="readingOrder {index:4;}">
                <Coords points="1636,1153 1700,1142 1716,1158 1724,1150 1740,1156 1764,1134 1772,1142 1807,1145 1807,1011 1772,1005 1759,1019 1732,1022 1700,997 1684,1005 1636,1003"/>
                <Baseline points="1650,1086 1695,1086 1740,1086 1785,1086 1815,1086"/>
                <TextEquiv>
                    <Unicode>Wien</Unicode>
                </TextEquiv>
            </TextLine>
            <TextLine id="tr_1_tl_6" custom="readingOrder {index:5;}">
                <Coords points="627,1335 681,1351 716,1335 866,1338 989,1308 1094,1341 1094,1225 992,1239 955,1209 823,1223 775,1188 700,1204 627,1182"/>
                <Baseline points="641,1304 686,1304 731,1304 776,1304 820,1304 865,1304 910,1304 955,1301 1000,1301 1044,1301 1089,1304 1101,1304"/>
                <TextEquiv>
                    <Unicode>Lieber Freund,</Unicode>
                </TextEquiv>
            </TextLine>
            <TextLine id="tr_1_tl_7" custom="readingOrder {index:6;}">
                <Coords points="702,1477 2212,1440 2622,1507 2622,1381 2116,1384 1925,1292 1520,1405 1131,1362 702,1416"/>
                <Baseline points="716,1462 749,1456 794,1456 838,1456 883,1456 928,1453 973,1453 1018,1453 1062,1453 1107,1450 1152,1450 1197,1450 1241,1450 1286,1447 1331,1447 1376,1447 1421,1444 1465,1444 1510,1444 1555,1441 1600,1444 1644,1441 1689,1441 1734,1441 1779,1438 1824,1438 1868,1438 1913,1438 1958,1438 2003,1435 2047,1438 2092,1438 2137,1435 2182,1435 2227,1435 2271,1432 2316,1432 2361,1432 2406,1432 2450,1435 2495,1432 2540,1429 2585,1429 2630,1435"/>
                <TextEquiv>
                    <Unicode>die Frankfurter Garantiesumme überweisen wir laut anliegender</Unicode>
                </TextEquiv>
            </TextLine>
            <TextLine id="tr_1_tl_8" custom="readingOrder {index:7;}">
                <Coords points="1003,1526 1426,1504 1619,1512 1705,1544 1780,1536 1780,1459 1721,1475 1625,1440 1547,1467 1263,1456 1003,1485"/>
                <Baseline points="1018,1513 1026,1513 1071,1513 1116,1510 1161,1507 1206,1501 1250,1501 1295,1498 1340,1498 1385,1495 1429,1495 1474,1498 1519,1501 1564,1501 1609,1501 1653,1504 1698,1504 1743,1501 1788,1501"/>
                <TextEquiv>
                    <Unicode>lʼauteur de lʼhonneur de la nouvelle et très devenue</Unicode>
                </TextEquiv>
            </TextLine>
            <TextLine id="tr_1_tl_9" custom="readingOrder {index:8;}">
                <Coords points="638,1593 837,1606 877,1577 957,1598 1014,1574 1094,1601 1292,1555 1343,1585 1493,1555 1493,1523 1421,1502 1000,1534 917,1499 641,1480"/>
                <Baseline points="653,1564 695,1561 740,1561 785,1558 829,1558 874,1555 919,1555 964,1558 1009,1558 1053,1555 1098,1555 1143,1552 1188,1552 1232,1549 1277,1549 1322,1546 1367,1546 1412,1546 1456,1546 1501,1546"/>
                <TextEquiv>
                    <Unicode>Abrechnung Ihrem Bankkonto.</Unicode>
                </TextEquiv>
            </TextLine>
            <TextLine id="tr_1_tl_10" custom="readingOrder {index:9;}">
                <Coords points="732,1689 2692,1668 2695,1550 2110,1539 1689,1614 735,1571"/>
                <Baseline points="746,1659 776,1659 820,1659 865,1659 910,1656 955,1656 1000,1656 1044,1656 1089,1656 1134,1656 1179,1656 1223,1653 1268,1653 1313,1650 1358,1650 1403,1650 1447,1650 1492,1650 1537,1647 1582,1647 1627,1647 1671,1644 1716,1647 1761,1644 1806,1644 1850,1644 1895,1644 1940,1644 1985,1641 2030,1641 2074,1641 2119,1641 2164,1638 2209,1638 2253,1635 2298,1638 2343,1635 2388,1635 2433,1635 2477,1632 2522,1632 2567,1632 2612,1629 2656,1629 2701,1632"/>
                <TextEquiv>
                    <Unicode>Wir haben den deutschen Bühnen zur Pflicht gemacht, die Auffüh-</Unicode>
                </TextEquiv>
            </TextLine>
            <TextLine id="tr_1_tl_11" custom="readingOrder {index:10;}">
                <Coords points="635,1783 2550,1786 2657,1767 2660,1678 638,1687"/>
                <Baseline points="650,1764 695,1761 740,1764 785,1764 829,1764 874,1761 919,1761 964,1761 1009,1758 1053,1758 1098,1758 1143,1755 1188,1758 1232,1758 1277,1755 1322,1755 1367,1755 1412,1752 1456,1752 1501,1752 1546,1749 1591,1749 1635,1749 1680,1749 1725,1746 1770,1746 1815,1746 1859,1746 1904,1746 1949,1746 1994,1743 2038,1743 2083,1743 2128,1743 2173,1740 2218,1740 2262,1737 2307,1737 2352,1737 2397,1737 2442,1737 2486,1737 2531,1734 2576,1734 2621,1731 2665,1728"/>
                <TextEquiv>
                    <Unicode>rung im deutschen Reich nicht vor der Berliner Aufführung heraus-</Unicode>
                </TextEquiv>
            </TextLine>
            <TextLine id="tr_1_tl_12" custom="readingOrder {index:11;}">
                <Coords points="644,1896 2327,1890 2700,1853 2700,1767 644,1783"/>
                <Baseline points="659,1865 692,1865 737,1862 782,1862 826,1862 871,1862 916,1859 961,1862 1006,1859 1050,1859 1095,1859 1140,1859 1185,1859 1229,1859 1274,1859 1319,1859 1364,1856 1409,1856 1453,1853 1498,1853 1543,1853 1588,1853 1632,1853 1677,1850 1722,1847 1767,1847 1812,1847 1856,1847 1901,1847 1946,1847 1991,1847 2036,1844 2080,1844 2125,1844 2170,1844 2215,1841 2259,1841 2304,1841 2349,1838 2394,1841 2439,1841 2483,1841 2528,1838 2573,1835 2618,1835 2662,1835 2707,1835"/>
                <TextEquiv>
                    <Unicode>zubringen, weil wir angenommen haben, dass Sie Barnowsky gegenüber</Unicode>
                </TextEquiv>
            </TextLine>
            <TextLine id="tr_1_tl_13" custom="readingOrder {index:12;}">
                <Coords points="633,2008 1174,1965 1311,2027 1719,1957 2067,2019 2652,1955 2614,1853 635,1906"/>
                <Baseline points="650,1967 686,1967 731,1967 776,1964 820,1964 865,1964 910,1964 955,1964 1000,1964 1044,1961 1089,1961 1134,1958 1179,1958 1223,1958 1268,1955 1313,1955 1358,1955 1403,1955 1447,1955 1492,1955 1537,1952 1582,1952 1627,1952 1671,1952 1716,1949 1761,1949 1806,1949 1850,1949 1895,1949 1940,1946 1985,1946 2030,1943 2074,1943 2119,1943 2164,1943 2209,1943 2253,1940 2298,1946 2298,1946 2301,1946 2346,1943 2391,1940 2436,1940 2480,1940 2525,1937 2570,1937 2615,1937 2659,1937"/>
                <TextEquiv>
                    <Unicode>dazu verpflichtet sind. Wir haben das der Darmstädter Bühne auch</Unicode>
                </TextEquiv>
            </TextLine>
            <TextLine id="tr_1_tl_14" custom="readingOrder {index:13;}">
                <Coords points="646,2121 2676,2089 2679,1998 649,2016"/>
                <Baseline points="662,2077 671,2077 716,2071 761,2068 806,2068 850,2065 895,2065 940,2065 985,2065 1029,2065 1074,2065 1119,2062 1164,2062 1209,2062 1253,2062 1298,2062 1343,2059 1388,2059 1432,2062 1477,2059 1522,2059 1567,2056 1612,2056 1656,2053 1701,2053 1746,2053 1791,2053 1835,2053 1880,2050 1925,2053 1970,2053 2015,2050 2059,2050 2104,2050 2149,2047 2194,2047 2239,2044 2283,2047 2328,2044 2373,2041 2418,2041 2462,2038 2507,2038 2552,2038 2597,2038 2642,2038 2686,2041"/>
                <TextEquiv>
                    <Unicode>geschrieben, denn es ist ja nicht gut möglich, dieser Bühne etwas</Unicode>
                </TextEquiv>
            </TextLine>
            <TextLine id="tr_1_tl_15" custom="readingOrder {index:14;}">
                <Coords points="641,2220 2719,2164 2719,2086 2641,2070 644,2121"/>
                <Baseline points="656,2176 665,2176 710,2173 755,2173 800,2173 844,2170 889,2170 934,2167 979,2167 1023,2167 1068,2167 1113,2167 1158,2167 1203,2167 1247,2167 1292,2164 1337,2164 1382,2164 1426,2161 1471,2161 1516,2161 1561,2161 1606,2158 1650,2158 1695,2158 1740,2158 1785,2158 1830,2158 1874,2158 1919,2155 1964,2155 2009,2155 2053,2152 2098,2152 2143,2149 2188,2152 2233,2149 2277,2149 2322,2149 2367,2149 2412,2146 2456,2146 2501,2146 2546,2149 2591,2146 2636,2149 2680,2146 2725,2146"/>
                <TextEquiv>
                    <Unicode>zu gestatten, was den andern deutschen Bühnen versagt wurde. Legen</Unicode>
                </TextEquiv>
            </TextLine>
            <TextLine id="tr_1_tl_16" custom="readingOrder {index:15;}">
                <Coords points="641,2292 2394,2311 2628,2292 2630,2201 641,2220"/>
                <Baseline points="656,2274 662,2274 707,2274 752,2274 797,2274 841,2271 886,2271 931,2271 976,2268 1020,2268 1065,2268 1110,2265 1155,2265 1200,2268 1244,2268 1289,2265 1334,2265 1379,2262 1424,2262 1468,2262 1513,2262 1558,2259 1603,2259 1647,2259 1692,2259 1737,2256 1782,2256 1827,2253 1871,2253 1916,2253 1961,2253 2006,2253 2050,2253 2095,2253 2140,2253 2185,2253 2230,2253 2274,2250 2319,2250 2364,2250 2409,2247 2453,2247 2498,2247 2543,2244 2588,2244 2633,2247"/>
                <TextEquiv>
                    <Unicode>Sie aber Barnowsky gegenüber darauf kein Gewicht, so müssen wir</Unicode>
                </TextEquiv>
            </TextLine>
        </TextRegion>
        <TextRegion id="tr_2" custom="readingOrder {index:1;}">
            <Coords points="355,2299 2830,2299 2830,3496 355,3496"/>
            <TextLine id="tr_2_tl_1" custom="readingOrder {index:0;}">
                <Coords points="641,2413 2598,2368 2496,2284 644,2330"/>
                <Baseline points="659,2379 680,2379 725,2376 770,2376 814,2376 859,2376 904,2373 949,2373 994,2373 1038,2373 1083,2370 1128,2370 1173,2370 1218,2370 1262,2370 1307,2370 1352,2367 1397,2367 1441,2367 1486,2367 1531,2364 1576,2364 1621,2364 1665,2364 1710,2361 1755,2361 1800,2361 1844,2361 1889,2361 1934,2358 1979,2361 2024,2358 2068,2358 2113,2358 2158,2358 2203,2355 2247,2355 2292,2355 2337,2355 2382,2355 2427,2355 2471,2352 2516,2352 2561,2349 2606,2349"/>
                <TextEquiv>
                    <Unicode>auch den andern deutschen Bühnen auf Wunsch anheimstellen, den</Unicode>
                </TextEquiv>
            </TextLine>
            <TextLine id="tr_2_tl_2" custom="readingOrder {index:1;}">
                <Coords points="638,2502 1796,2472 1979,2545 2236,2461 2598,2475 2598,2405 2260,2384 641,2413"/>
                <Baseline points="656,2480 680,2480 725,2480 770,2480 814,2477 859,2477 904,2477 949,2477 994,2477 1038,2474 1083,2474 1128,2474 1173,2474 1218,2474 1262,2471 1307,2471 1352,2471 1397,2468 1441,2468 1486,2468 1531,2468 1576,2468 1621,2468 1665,2465 1710,2465 1755,2465 1800,2465 1844,2465 1889,2465 1934,2465 1979,2465 2024,2462 2068,2462 2113,2459 2158,2459 2203,2459 2247,2459 2292,2456 2337,2456 2382,2456 2427,2456 2471,2456 2516,2456 2561,2456 2606,2456"/>
                <TextEquiv>
                    <Unicode>Aufführungstermin gleichzeitig mit dem Burgtheater ansetzen zu</Unicode>
                </TextEquiv>
            </TextLine>
            <TextLine id="tr_2_tl_3" custom="readingOrder {index:2;}">
                <Coords points="641,2585 1115,2625 1721,2579 1898,2620 1901,2512 1759,2480 1609,2531 1346,2502 1099,2545 644,2507"/>
                <Baseline points="656,2585 698,2582 743,2582 788,2579 832,2579 877,2579 922,2579 967,2579 1012,2576 1056,2576 1101,2576 1146,2573 1191,2573 1235,2573 1280,2573 1325,2570 1370,2570 1415,2570 1459,2570 1504,2570 1549,2570 1594,2570 1638,2570 1683,2567 1728,2567 1773,2564 1818,2564 1862,2567 1907,2570"/>
                <TextEquiv>
                    <Unicode>können. Bitte schreiben Sie uns darüber.</Unicode>
                </TextEquiv>
            </TextLine>
            <TextLine id="tr_2_tl_4" custom="readingOrder {index:3;}">
                <Coords points="823,2697 1014,2748 1767,2681 1936,2740 2105,2671 2236,2730 2603,2668 2606,2550 2282,2531 1869,2628 1705,2577 1569,2636 826,2598"/>
                <Baseline points="838,2686 862,2683 907,2680 952,2680 997,2680 1041,2680 1086,2680 1131,2680 1176,2680 1221,2680 1265,2677 1310,2677 1355,2674 1400,2674 1444,2671 1489,2674 1534,2671 1579,2671 1624,2671 1668,2668 1713,2671 1758,2671 1803,2671 1847,2671 1892,2671 1937,2671 1982,2671 2027,2668 2071,2668 2116,2668 2161,2668 2206,2668 2250,2668 2295,2665 2340,2665 2385,2662 2430,2662 2474,2662 2519,2659 2564,2659 2609,2665"/>
                <TextEquiv>
                    <Unicode>Die Bücher werden rechtzeitig fertiggestellt, um bei der</Unicode>
                </TextEquiv>
            </TextLine>
            <TextLine id="tr_2_tl_5" custom="readingOrder {index:4;}">
                <Coords points="641,2791 2528,2818 2748,2783 2751,2684 641,2708"/>
                <Baseline points="656,2788 695,2785 740,2788 785,2785 829,2785 874,2785 919,2785 964,2782 1009,2782 1053,2782 1098,2779 1143,2779 1188,2779 1232,2779 1277,2779 1322,2776 1367,2779 1412,2776 1456,2776 1501,2776 1546,2773 1591,2776 1635,2773 1680,2773 1725,2773 1770,2773 1815,2773 1859,2773 1904,2773 1949,2773 1994,2770 2038,2770 2083,2770 2128,2770 2173,2767 2218,2767 2262,2767 2307,2767 2352,2764 2397,2764 2442,2767 2486,2767 2531,2767 2576,2764 2621,2764 2665,2764 2710,2761 2755,2764"/>
                <TextEquiv>
                    <Unicode>Wiener Uraufführung erscheinen zu können. Wir drucken zunächst drei</Unicode>
                </TextEquiv>
            </TextLine>
            <TextLine id="tr_2_tl_6" custom="readingOrder {index:5;}">
                <Coords points="638,2898 2156,2893 2244,2944 2555,2901 2606,2813 638,2853"/>
                <Baseline points="653,2892 686,2892 731,2892 776,2892 820,2892 865,2889 910,2889 955,2889 1000,2886 1044,2883 1089,2883 1134,2883 1179,2883 1223,2883 1268,2883 1313,2883 1358,2880 1403,2883 1447,2883 1492,2883 1537,2877 1582,2877 1627,2877 1671,2874 1716,2874 1761,2877 1806,2877 1850,2874 1895,2874 1940,2874 1985,2874 2030,2874 2074,2871 2119,2871 2164,2871 2209,2871 2253,2871 2298,2871 2343,2871 2388,2871 2433,2868 2477,2868 2522,2868 2567,2865 2612,2865"/>
                <TextEquiv>
                    <Unicode>Auflagen, in der Hoffnung, dass das trotz der sehr ungünstigen</Unicode>
                </TextEquiv>
            </TextLine>
            <TextLine id="tr_2_tl_7" custom="readingOrder {index:6;}">
                <Coords points="654,3008 1129,3024 1392,2992 1480,3035 1528,3008 1622,3038 1657,3030 1660,2904 1225,2947 960,2893 874,2936 654,2947"/>
                <Baseline points="668,2991 680,2991 725,2991 770,2991 814,2991 859,2991 904,2988 949,2988 994,2988 1038,2988 1083,2985 1128,2985 1173,2982 1218,2982 1262,2982 1307,2982 1352,2982 1397,2982 1441,2982 1486,2982 1531,2979 1576,2979 1621,2979 1665,2979"/>
                <TextEquiv>
                    <Unicode>Verhältnisse zu wenig sein wird.</Unicode>
                </TextEquiv>
            </TextLine>
            <TextLine id="tr_2_tl_8" custom="readingOrder {index:7;}">
                <Coords points="837,3116 1056,3102 1140,3169 1906,3078 2754,3113 2823,3100 2826,3011 839,3008"/>
                <Baseline points="850,3095 883,3092 928,3092 973,3092 1018,3089 1062,3089 1107,3086 1152,3086 1197,3086 1241,3086 1286,3086 1331,3086 1376,3083 1421,3083 1465,3080 1510,3080 1555,3077 1602,3078 1602,3078 1621,3071 1665,3077 1710,3077 1755,3077 1800,3077 1844,3077 1889,3077 1934,3077 1979,3077 2024,3077 2068,3077 2113,3077 2158,3074 2203,3074 2247,3077 2292,3077 2337,3074 2382,3074 2427,3074 2471,3074 2516,3074 2561,3071 2606,3071 2650,3071 2695,3071 2740,3071 2785,3071 2830,3071"/>
                <TextEquiv>
                    <Unicode>Die Abrechnung über den "Geronimo" werden wir Ihnen im nächsten</Unicode>
                </TextEquiv>
            </TextLine>
            <TextLine id="tr_2_tl_9" custom="readingOrder {index:8;}">
                <Coords points="641,3220 2443,3234 2636,3188 2636,3110 1906,3081 1142,3177 936,3121 641,3161"/>
                <Baseline points="656,3206 671,3200 716,3197 761,3197 806,3197 850,3197 895,3194 940,3194 985,3194 1029,3194 1074,3194 1119,3194 1164,3194 1209,3191 1253,3191 1298,3188 1343,3188 1388,3188 1432,3188 1477,3185 1522,3185 1567,3185 1612,3185 1656,3185 1701,3182 1746,3182 1791,3182 1835,3182 1880,3182 1925,3182 1970,3182 2015,3182 2059,3179 2104,3179 2149,3179 2194,3176 2239,3176 2283,3176 2328,3176 2373,3176 2418,3176 2462,3176 2507,3176 2552,3173 2597,3173 2642,3167"/>
                <TextEquiv>
                    <Unicode>Monat schicken, früher wird es sich nicht machen lassen. Augen-</Unicode>
                </TextEquiv>
            </TextLine>
            <TextLine id="tr_2_tl_10" custom="readingOrder {index:9;}">
                <Coords points="641,3325 1134,3309 1445,3389 2183,3290 2721,3357 2791,3335 2794,3156 2577,3234 644,3239"/>
                <Baseline points="656,3304 695,3301 740,3301 785,3298 829,3298 874,3298 919,3295 964,3295 1009,3295 1053,3295 1098,3292 1143,3292 1188,3292 1232,3292 1277,3292 1322,3292 1367,3292 1412,3292 1456,3292 1501,3292 1546,3292 1591,3289 1635,3289 1680,3286 1725,3283 1770,3283 1815,3283 1859,3280 1904,3283 1949,3283 1994,3280 2038,3280 2083,3280 2128,3280 2173,3280 2218,3283 2262,3280 2307,3280 2352,3277 2397,3277 2442,3277 2486,3277 2531,3280 2576,3277 2621,3277 2665,3274 2710,3274 2755,3271 2800,3280"/>
                <TextEquiv>
                    <Unicode>blicklich liegen die Dinge so, dass wir die Druckbogen der 4. und 5.</Unicode>
                </TextEquiv>
            </TextLine>
            <TextLine id="tr_2_tl_11" custom="readingOrder {index:10;}">
                <Coords points="338,3512 354,3518 378,3515 394,3531 405,3526 429,3539 442,3539 450,3405 429,3408 400,3384 386,3394 383,3386 346,3392"/>
                <Baseline points="355,3486 361,3486 406,3483 450,3480"/>
                <TextEquiv>
                    <Unicode>F. 208</Unicode>
                </TextEquiv>
            </TextLine>
        </TextRegion>
    </Page>
</PcGts>
