3112 4056
1362 310 1476 443 1713
825 379 2290 518 S. Fischer / Verlag / A.=G. Berlin W 57.
562 557 2556 640 Bankkonto: Deutsche Bank, Depositenkasse P in Berlin / Postscheckkonto; Berlin Nr. 16692
977 631 2126 739 Fernsprechanschlüsse: Amt Lützow Nr. 6162 bis 6164
1359 689 1742 806 Bülowstraße 90
2118 714 2522 883 10. Dez. 24
437 745 640 903 M/sl.
808 867 2052 1069 Herrn Dr. Arthur Schnitzler
2121 994 2370 1143 Wien
687 1116 1567 1263 Sehr geehrter Herr Doktor,
745 1271 2589 1390 unser amerikanischer Vertreter in New York schreibt uns
659 1362 2777 1517 Nachstehendes, wozu wir eventuell Ihre freundliche Stellungnahme
664 1501 2445 1642 erbitten, um unserm vertreter gefällig sein zu können.
1365 1584 2323 1717 Mit vorzüglicher Hochachtung
1586 1667 2115 1764 S. FISCHER, VERLAG.
1622 1736 2071 1811 AKTiEGESELISCHAFT
1573 1772 2137 1883 AUSLANDSABTEILUNG
1631 1852 2057 1977 DkMarig
756 2121 2683 2251 ...Perhaps you will remember that I have at several times
670 2207 2874 2351 indicated an interest in Schnitzler. Just what is his statue at the
1631 2273 2716 2353 I should like to “traighten the
662 2281 1503 2365 present
664 2315 2774 2442 matter out and see if a complete definitive edition could not be
667 2414 2783 2520 gotton out. I know there is a [?] publisher who would like
676 2481 2902 2583 to do this. You may remember that Mr. Schnitzler himself, through his
676 2536 2683 2628 personl proforences, quite took the things out of sur hands.
670 2594 2849 2655 Indeed, ist is possible that arrangements for a definitive edition
670 2650 2816 2733 have already been made direct with a publisher. If so, I can only
676 2708 2752 2769 congratulate Mr. Schnitzler an d the publisher, because it is a
673 2719 2874 2863 very good thing to do. If this has not been done, however, I should
670 2816 2063 2882 be very glad to make those arrangements.
839 3054 1407 3198 Reinerle, Almanes.
930 3129 2661 3295 zuirn (von mert oft ein atole kann - einmal xxx alles
966 3262 1814 3406 Seripote ut hic (wch she)
