3096 3865
1406 169 1584 306 430
839 249 2317 421 S. FISCHER / VerLAG
550 398 2623 536 Bankkonto: Deutsche Bank, Depositenkasse P Berlin / Postscheckkonto. Berlin 1662
954 481 2171 619 BERLIN W 57 BULÖWSTRASSE 90
1186 558 1965 702 Ferneuf: Lützow 1662, 6162 und 9292
1498 624 2678 868 z.Z. Glücksburg (Ostsee) 23/7. 1919.
1738 816 2122 962 Strandhotel
601 1031 1503 1188 Herrn Dr. Arthur Schnitzler
1518 1134 1730 1306 Wien
564 1343 1051 1498 Lieber Freund,
727 1463 2749 1652 ich lasse Ihnen eine Abschrift des Briefes zugehen, den meine
1821 1632 2732 1781 übermittelt. Es ist das Ein¬
570 1638 1798 1758 Leipziger Expedition an Friese & Lang
567 1758 1538 1873 fachste, Sie lesen den Brief.
736 1778 2698 1944 Sie haben vielleicht Herrn Friese nicht richtig verstanden,
578 1953 2786 2059 vielleicht hat er sich auch nicht klar ausgedrückt. Es handelt sich
576 2036 2806 2174 in der Hauptsache darum, dass Herr Friese, offenbar ein junger uner-
578 2154 2752 2280 fahrener Mann, das alte Verhältnis, dass wir mit Friese & Lang seit
578 2248 2755 2383 über zwanzig Jahren haben, grundsätzlich geändert sehen möchte. Er
581 2351 2881 2460 will ein grosses Lager des gesamten Verlags haben, um die Bestellungen
581 2440 2792 2586 der österreichischen Buchhandlungen an seine Auslieferungsstelle zu
584 2580 2726 2686 leiten. Er könnte das auf Grund der ihm gewährten Bedingungen mit
578 2683 2752 2795 Erfolg tun und uns vollkommen vom Verkehr mit dem österreichischen
581 2781 2849 2892 Sortiment ausschalten, und zwar dadurch, dass er den österreichischen
581 2849 2755 3007 Buchhändlern frachtfrei liefert, ein Vorzug, den wir Friese selbst
578 3004 2746 3110 nur deshalb eingeräumt haben, damit er in der Lage ist, dem öster-
765 3053 1469 3133 auf Lager fehlende,
584 3041 2758 3207 reichischen Sortiment xxx fehlende Bücher schnell zu
581 3164 2827 3322 liefern. Das war der Sinn und der Zweck der Barauslieferung, wie sie
587 3256 2735 3459 auch an andern Orten besteht. Im vorigen Jahr, als ich die Wiener
