2909 3975
328 410 2467 638 S. Fischer/Verlag/Berlin W 57/Bülowstraße 9o
585 582 2256 676 Bankkonto: Deutsche Bank. Depositenkasse P in Berlin / Postscheckkonto; Berlin Nr. 16692
825 653 1984 773 Fernsprechanschlüsse: Amt Lützow Nr. 1662, 6162 und 9292
275 691 1030 863 Dr. Schnitzler 4/6. 21
1314 846 1422 989 2.
410 931 2537 1097 Bücher neu zu drucken, das wird es erst dadurch, dass eben solche
407 1089 2672 1203 schwächer gehenden Bücher noch Schwächer wie sonst gekauft werden und
416 1165 2672 1288 dass damit das Risiko, ohne Aussicht auf irgend einen Gewinn bei sol-
427 1273 2637 1416 chen Büchern unverhältnismässig gross ist. Um solche Gleichgewichts-
418 1381 2669 1501 störung einigermassen auszugleichen, ist es dopplet wichtig für mich,
421 1478 2774 1615 dass ich auch in der Lage bin, ein Buch zu bekommen, das ich gleich möglich
421 1583 2642 1706 in 1000 Exemplaren drucken kann und das Aussicht auf einen schnellen
424 1700 2669 1805 und guten Verkauf in sich trägt. Also auch von dieser rein geschäft-
416 1779 2742 1937 lichen Seite aus betrachtet, wäre der Uebergang des meigensw in meinen
418 1879 1961 2025 Verlag im beiderseitigen Interesse von Vorteil.
521 1996 2710 2095 Wir haben die Absicht, Mitte Juli auf vier Wochen in die bayerischen
421 2072 2634 2206 Berge zu gehen. Haben Sie ähnliche Pläne, so würden wir Sie gern be-
418 2201 2461 2321 suchen wenn sie irgendwo in der Nähe sind.
1261 2291 2004 2440 Mit herzlichen Grüssen
1624 2376 1841 2528 th
1779 2502 2344 2695 Firchl
126 3579 298 3681 000 1. 21
