3192 3783
2262 517 2461 618 meiner
978 504 2056 691 Bestimmungen über den Bühnenver
2310 601 2474 711 11 d
1043 652 1475 815 sehen Werke.
1009 846 2500 983 1.) Für Aufführungen meiner abendfüllenden
866 954 2536 1084 Stücke sind 10g Tantiemen der gesammten Brutto-
868 1060 2648 1208 einnahme, also Abonnements und Vormerkgebühren mit¬
877 1162 1787 1325 einbegriffen, zu berechnen.
990 1290 2613 1405 2.) Ebenso sind 10 Mige Tantiemen für jede mei-
888 1369 2507 1524 ner Einakterreisen oder sonstige abendfüllende
917 1471 2341 1619 Kombinationen meiner Stücke zu berechnen.
983 1604 2505 1727 3.) Die Regularen Nachmittagsvorstellungen
897 1687 2487 1811 (also an sonn-und Feiertagen zu mindestens um
910 1796 2485 1944 30% herabgesetzten Preisen) geniessen die an
910 1888 2505 2043 den betreffenden Theatern üblicse Ermässigung.
1014 1979 2562 2129 4.) Von kleiner u Bühnen (Sommer-und Kurtse-
906 2107 2620 2257 atern, reisende Gesellschaften in kleineren Orten)
906 2191 2503 2346 kann statt der 10 Zigen Tantiene eine entspre-
2178 2302 2302 2363 etz
908 2317 2509 2454 ckende Oauschalsumme (die natürlich in einexxx
906 2423 2600 2547 richtigen Verhältnis zu den erhöhten Billetprei-
897 2518 2617 2662 sen gesetzt werden müsste) per Vorstellung gefor-
897 2606 1339 2741 dert werden.
