3829 4023
823 391 1518 560 DIE NEUE RUNDSCHAU
2262 497 2730 645 S. FISCHER Verla
1096 539 1312 620 DAKTIO
2264 564 2563 679 BERLIN W S. R.D.
503 1748 1773 1959 Sie suchen sollten. In
459 1898 1767 2055 Berlin sagte mir einmal
464 1992 814 2118 Krei 80
808 2015 1798 2170 ge Sie sollten eine
729 2091 814 2136 G.F.P.
443 2099 1827 2264 Kur bemühen, sie fahre zu
455 2212 1758 2373 Thüen? Sonst hörten wir
460 2347 1832 2489 Gerüchts, als daß ich jetzt in
439 2425 1825 2592 der Zeitung bis, daß Sie in
436 2544 1925 2694 Wien seien. Ich kann mir den¬
428 2634 1921 2798 dien, wie unfiegend diese Tage
409 2740 1846 2882 für Sie einern. Sie, die in
365 2849 1840 2980 unmittelbarer Hühe des so Euch
436 2951 1911 3103 Derhin geschiedenen lebten, vor¬
428 3058 1836 3210 lieren zu uns mehr als nur
455 3153 1863 3321 Ferner tohenden Land doch
2147 1729 3686 1925 haben mich mir so viele gemein¬
2147 1878 3659 2017 seine frohe, festliche und heitere
2170 1999 3659 2145 Stunden gehabt, die mit dem Ha¬
2155 2090 3671 2203 men Hofmannsthol verbunden sind.
2153 2187 3667 2343 so vieles ihm zu wordendken ge¬
2128 2279 3663 2408 habt, daß eine tiefe Mahmüt und
2143 2364 3659 2502 Zimmer diesen Abschied begleitet.
2260 2464 3640 2623 Unendlich leid tut mir die arme
2149 2558 3665 2717 Fini, der so Schweins auferlegt wird
2161 2667 3665 2813 fast zuviel der Schmerzen auf ein¬
2170 2753 3085 2907 Nlul zu ertrüzem.
2255 2838 3648 2976 Dendken Sie, daß, mein Ulmann
2157 2943 3665 3099 als wir schon die Todesmahnicht hatten,
2170 3041 3649 3177 mich einen sehr lieben, freundschaftliche
2168 3122 3649 3285 Brief vom 12ten dutiert von Flofe
2216 3208 3621 3417 mansthal erhielt in dem er
