3116 3816
1366 412 2083 529 auf ei 9 xxxnachol Jnad oder
1024 425 1211 533 geschieden
1350 501 2108 586 itt werden m.k. xxx
428 517 2774 678 eine Aufstellung über alle Preiszuschläge gegeben habe, obgleich es die
428 659 2774 805 andern Verleger nicht getan haben, weil in den Preiszuschlägen sich nur
428 723 2758 881 die Entwertung der Mark ausdrückt. - Die Schwierigkeit für uns besteht
1452 840 1769 910 G.C.H.F.P.
425 856 2821 992 in der ungeheuren Erschwernis der Abrechnung, die durch Nach-Honorierung
434 948 2584 1113 der in den einzelnen Preisperioden verkauften Exemplare entsteht.
812 1065 1018 1157 also
529 1059 2882 1230 Ich komme noch einmal auf meinen Vorschlag zurück, dass wir vom Verlags
431 1182 2796 1303 Erlös abrechnen. In diesen Verlagserlöss sind auch die Einnahmen aus den
425 1243 2805 1417 Einbänden eingeschlossen und das Resultat für Sie ist, wie ich Ihnen an
444 1350 2837 1499 einem Beispiel zeigen kann, nicht ungünstiger, im Segenteil, es ist noch
2260 1458 2425 1569 G.C.F.P.
450 1477 1680 1614 etwas vorteilhafter für Sie.
992 1553 2561 1728 bisheriger Honorarmohns :
238 1601 653 1753 Beispiele :
713 1683 2365 1848 1. Reihe in fünf Bänden 1/2 Leinen :
1078 1772 2397 1943 ord. 50 000 Mark
450 1889 1737 2035 errechneter Broschurpreis 30 000 »
583 2010 2111 2140 davon 15 % 4 500 M Honorar
1791 2086 2092 2229 G.C.H.F.P.
1040 2092 1493 2209 G.C.H.F.F:F.Hae
1008 2095 1791 2308 Honorierung vom Erlös :
1902 2175 2124 2305 G.H.F.P.
1335 2254 1534 2320 G.H.F.P.
1008 2263 1214 2314 G.C.H.F.P
552 2248 1870 2419 1/2 Leinen gebunden ord. 50 000 Mark
1033 2352 1354 2416 E.H.F.K.A. 'T
431 2393 1652 2558 ab Durchschnittsrabatt 37 % = 18 50
1480 2387 2111 2549 31 500 Erlös.
1132 2507 2241 2644 = 4 725 Honorar.
726 2536 1122 2660 davon 15 %
1924 2596 2086 2704 G.H.F.P
1157 2606 1766 2720 so ist xxx
380 2593 2796 2843 Sie sehen also, dass ich Ihnen einen Vorteil biete, gezwungenermassen, um
1255 2748 1896 2824 G. A. v. xxx
387 2777 2926 2932 den Abrechnungsmodus zu ermöglichen, da wir bei den Abrechungsarbeiten sonst
2048 2843 2187 2920 e V.V.
1610 2853 1721 2916 V. P.V.
384 2859 2758 3034 nicht durchkommen. In diesem Abrechnungsmodus wirken sich natürlich alle
1931 2948 2127 3021 Monsieur,
897 2977 1027 3050 G.C.P.
390 2992 2767 3148 Preiserhöhungen und Valutaeinnahmen automatisch aus. Die Abrechnung erfo-
1271 3075 1357 3129 de la faveur.
235 3059 346 3189 G.C.F.
393 3056 2710 3243 halbjährlich ; a Kontozahlungen jederzeit nach Massgabe der Einnahmen.
805 3186 903 3246 G.C.H.
273 3157 355 3275 P.S.
2070 3129 2805 3313 h gebundenen Band mit
488 3176 1712 3367 In den Richtlinien ist das Honorar für
1763 3170 1851 3322 de
238 3271 609 3386 D'o l ano o
393 3297 2935 3458 10 x festgesetzt; und in der Tat ist das für einen vorsichtigen Geschäftsmann
2292 3414 2752 3547 stellt sich die
393 3373 1934 3617 der zu kalkulieren versteht, die Grenze. Noch
