2882 3879
1175 187 1327 336 538
2347 293 2462 437 90
333 304 2332 506 S. Fischer/Verlag/Berlin W 57/ Bülowstrasse
534 425 2261 529 Bankkonto: Deutsche Bank. Depositenkasse P in Berlin / Postscheckkonto; Berlin Nr. 16892
2284 385 2715 603 W. L. Cumerck.
822 488 1976 577 Fernsprechanschlüsse: Amt Lützow Nr. 1662, 6162 und 9292
2353 537 2717 687 yant. 17.
1896 592 2284 755 14. Jan. 22
2358 620 2697 750 100 3. h.
310 646 520 793 Gr/Si.
2376 704 2623 836 me
761 755 1683 896 Herrn Dr. Arthur Schnitzler
2330 796 2694 948 pistrurper
1956 845 2143 971 Wien
485 957 1350 1152 Sehr geehrter Herr Doktor,
529 1069 2490 1250 Wotitzky übersendet uns einen Vertragsentwurf mit 500 Dollar
439 1227 2617 1370 Fauschale für das Buch „Das weite Land „, verlangt aber darin eine
1238 1304 1698 1376 iM^tM~iM~t~M
434 1324 2628 1462 zweijährige Option auf das Aufführungsrecht mit 5 % Tantiene, indem
971 1425 1132 1488 décembre le dernier ses
442 1416 2602 1563 er gleichzeitig erklärt, 1 500 Dollar für die Zeit von zwei Jahren
819 1448 925 1497 M r M r
445 1520 2694 1655 innerhalb deren die ersten Aufführungen von „Weites Land " in Amerika
448 1623 2723 1761 stattfinden, zu garantieren. Damit soll offenbar ausgesprochen werden,
451 1738 2643 1861 dass er, sobald er die Option ausübt, er die Garantie nicht voraus-
451 1818 2703 1971 bezahlt, sondern lediglich dafür haftet, dass während der zwei ersten
451 1933 2654 2083 Aufführungsjahre 1 500 Dollar als Minimalsumme eingehen müssen. Wir
462 2016 2663 2169 nehmen an, dass Ihnen dieses nicht entsprechen wird, würden aber be-
465 2129 2657 2264 fürworten, im Uebrigen auf den Vertrag einzugehen, sofern die 1 500
468 2243 2625 2378 Dollar an dem Tage ausbezahlt werden, an welchem sich Wotitzky zur
474 2321 2289 2476 Ausübung seines Aufführungs-optionsrechtes entschliesst.
595 2439 2706 2585 Es wird von uns verlangt, daß wir unzweideutig nachweisen, dass
488 2525 2789 2686 wir allein zur Vergebung des Buch- und Aufführungsrechtes „Weites Land“
483 2631 2795 2786 für Amerika berechtigt sind. Infolge der von dem verschiedensten Seiten
500 2749 2674 2893 ausgehende Angeböte, die mit Ihren Werken in Amerika gemacht werden,
491 2829 2775 2990 hat sich allmählich ein Misstrauem eingenistet, sodass die erwerbenden
500 2933 2643 3097 Verleger fürchten, zwischen sich durchkreuzende Rechte zu geraten.
503 3048 2669 3194 Wir ersuchen daher höflichst, uns auf einem besonderen Blatt zu be-
511 3168 2726 3272 stätigen, dass ausser uns niemand berechtigt ist, das Recht für eine
511 3234 2697 3392 englische Buchausgabe, sowie englischer Aufführungen in Amerika von
514 3361 2786 3499 „ Weites Land „ zu vergeben. Die Zchtheit Ihrer Unterschrift muss dann
