3221 4007
1572 285 1721 399 919
983 334 2459 542 B. Fischer Verlag/ Berlin W57 Buͤlowstraße 90.
1355 466 2021 607 AKTIEN GESELESCHAFT
688 567 2674 666 Bankkonto: Deutsche Bank, Depositenkasse P in Berlin / Postscheckkonto Berlin Nr. 16692
1127 646 2266 703 Fernsprechanschlüsse: Amt Lützow Nr. 6162 bis 6164
1119 693 2251 763 Telegramm-Adresse: Fischerverlag 6162 Berlinlützow
1033 738 1280 906 Ro./Re.
1775 738 2526 901 Berlin, den 29. 7. 1929
1231 1139 2432 1345 Herrn Dr. Arthur Schnitzler
2023 1275 2484 1419 W i e n XVIII
1959 1382 2528 1545 Sternwartestr. 71
1243 1511 2110 1681 Sehr verehrter Herr Doktor!
1402 1632 2845 1756 Wir bestätigen Ihren Brief an Herrn Dr. Maril,
1020 1733 2843 1865 der sich zur Zeit noch in Amerika aufhält. Wir bitten Sie,
1023 1837 2845 1979 uns das Manuskript Ihres neuen Theaterstückes einzusenden,
1015 1974 2798 2080 wir werden den Druck schleunigst bewerkstelligen und uns
1020 2070 2880 2196 dabei genau nach Ihren Anweisungen richten. Der Satz könnte
1020 2159 2189 2313 in etwa 14 Tagen fertiggestellt sein,
1389 2258 2751 2397 Wegen eines neuen Vertrages für den Bühnen-
1018 2367 2880 2506 vertrieb würden wir bitten, sich bis zur Rückkehr des Herrn
1008 2491 2840 2605 Fischer (gegen 7. August) zu gedulden. Wir möchten während
1003 2588 2811 2766 Herrn Fischer Abwesenheit von Berlin dieser Angelegenheit
1000 2716 1617 2806 nichts unternehmen.
1679 2818 2585 3004 Mit vorzüglicher Hochachtung
1763 2964 2585 3108 S. Fischer / Verlag A.-G.
1686 3053 2605 3246 ppa. Resenbarn Rückwe
451 3586 622 3702 29. 8000. V.
