3091 4057
2334 501 2673 602 12.11.1923.
1935 512 2164 594 Blatt 2
2515 561 2802 670 nitzler.
1932 580 2071 673 Herr
654 761 2744 859 wird oder die mit dem Erlös verrechnet wird, möchte ich nicht ent-
659 854 2668 914 scheiden, bemerke aber, dass ich beides für gleichwertig halte.
665 878 2742 958 Bleibt natürlich in diesem Falle immer noch die Schwierigkeit, wie
662 944 2766 1012 die Beträge die bereits gezahlt worden sind nun bis zum 1. November
654 996 2679 1067 verrechnet werden, denn dann soll ja der geregelte Zahlungsmodus
662 1048 991 1125 eintreten.
807 1062 2736 1163 Für den Auslandsabsetz gilt rolgendes: Herr Fischer sagte mir
668 1103 788 1168 G.H.F.P.
1409 1152 2712 1220 lich, er sei bereit, Ihnen Ihre Tantiemen
662 1146 1220 1226 persönlich und un
659 1182 2857 1270 in Auslandsvaluten zu geben, nur seien zwei Punkte zu berücksichtigen.
662 1253 2810 1335 Erstens sei nach dem Gebrauch samtlicher grossen Verleger der Verlag
659 1302 2654 1374 nicht dazu verpflichtet (ich persönlich stehe auf einem anderen
383 1319 627 1445 immer
670 1354 2829 1445 Standpunkt, weiss aber, dass sich dieser Auffassung des Herrn Fischer
659 1406 2397 1472 alle grossen Verlage Deutschlands angeschlossen haben).
342 1415 591 1551 mane
668 1439 2777 1543 Zweitens, andererseits habe er Ihnen persönlich die Auslandsvaluten
662 1521 2671 1576 zugesichert und möchte dieses Versprechen auch unbedingt halten.
320 1513 607 1634 mois, et
659 1573 2687 1631 nur fürchtet er einen Prazfidenzfall zu schaffen. Ich erbot mich
317 1582 607 1718 in wd
668 1614 2712 1683 darauf, darüber nachzudenken, wie Herr Fischer seinem Versprechen
665 1666 2714 1746 Ihnen gegenüber nachkommen könnte, ohne damit einen Präzidenzfall
348 1672 531 1779 Verh.
668 1724 1056 1817 zu schaffen.
328 1716 597 1847 in brud.
383 1790 613 1929 Adieu,
818 1773 2868 1899 Sehr verehrter Herr Doktor, vielleicht scheint Ihnen das Resultat
662 1863 2717 1948 meiner Bemühungen nicht sehr gross. Ich bin überzeugt, Sie kennen
326 1880 638 2039 neue vertre.
668 1926 2744 1995 die überaus schwierigen Einzelheiten einer solchen Besprechung und
665 1981 2769 2041 werden verstehen, dass ich bei meiner grundsätzlichen Stellungnahme
662 2041 2676 2096 erstaunt bin, beim Verlage nicht etwa auf eine kommerzielle Auf-
356 2033 569 2178 liche
665 2047 2731 2162 fassung zu stossen, sondern auf eine Unkla###eit In manchen Dingen.
662 2137 2714 2197 die mich erschreckte, aber auch entwaffnete. Unnütz zu sagen, dass
662 2186 2709 2288 ich Ihnen weiter zur Verfügung stehe und nun erst einmal abwarte,
659 2238 2616 2307 was Sie zu bemerken und zu beschliessen wünschen. Ich habe mir
268 2238 588 2394 xxx: ich las
670 2285 2794 2356 volle Entschlussfreiheit vorbehalten und Herrn Fischer Kenntnis von
665 2356 2772 2441 meiner Formulierung seiner Vorschlage gegeben, damit keine Missver-
279 2337 607 2449 ihm die ent¬
2528 2386 2761 2476 G.H.F.P.P
282 2397 594 2517 sprechenden
659 2394 1469 2493 ständnisse entstehen. xxx
296 2465 583 2569 Stellen am
818 2479 2772 2558 Sollte es vorläufig zu keinem Ergebnis kommen, so halte ich es
298 2509 627 2646 Telephon var.
665 2550 2780 2613 für ganz gut, wenn die Angelegenheit geregelt wird wenn ich in Wien
290 2580 580 2698 daranfhin
673 2608 2709 2687 bin, denn trotz des komplizierten brieflichen Verkehre ist es mir
662 2668 2118 2742 notwendiger, Sie zu sprechen als Herrn Fischer.
290 2643 575 2758 Kam eben.
2153 2676 2266 2766 G.C.F.P.
306 2692 632 2821 am 13. früh
1891 2698 2063 2772 G.C.F.P
1573 2712 2520 2837 möchte ich folgendes bemerken:
290 2750 662 2909 der inliegende
821 2720 1483 2835 Ueber Herrn Kiepenhey
668 2772 2747 2868 Er selbst ist interessiert, lebhaft und klug. Leider spielt er in
328 2857 621 2966 Drief, aus
668 2868 2747 2939 seinem Verlage keine grosse Holle mehr. Er ist nicht unbedingt zu-
285 2892 651 3035 dem sich allein,
673 2917 2682 2977 verlassig, und man muss ihn mit ungeheurer Geschicklichkeit fest-
670 2941 2788 3059 nageln. Falls Sie wirklich gewillt sind, zu einem anderen Verlage zu
309 2961 643 3106 zeitere egibt;
676 3010 2714 3095 gehen, könnte ich Ihnen guten Gewissens 'Die Schmiede“ empfehlen.
293 3040 613 3174 ich bitte er
668 3065 2654 3136 Sobald Sie mir genaues mitteilen, schreibe ich Ihnen noch einen
306 3128 618 3256 gebenst um
668 3114 2684 3182 ausführlichen Bericht über Kiepenhauer. Ich würde mich glücklich
673 3147 2862 3259 schätzen, Ihnen in diesen Dingen endgültig Huhe verschaffen zu können.
309 3160 662 3330 Rückwendung.
1220 3218 1316 3278 décembre
821 3229 2807 3352 Für heute muss ich schliessen. Meine Frau fährt Donnersteganach
665 3297 2761 3385 Zürich. Nach Abschluss ihres dortigen Auftretens hoffen wir uns in
670 3368 2747 3442 Wien zu treffen.- Es sieht hier sehr schlecht aus, und man wird mir
659 3429 2769 3497 nicht verdenken nach 10 Jahren Krieg wegzugehen, um Ruhe zu finden.
824 3481 2750 3554 Wir beide grüssen Sie und die Ihren recht herzlich. Ich freue
659 3491 2121 3587 mich, bald von Ihnen zu hören und bleibe stets
1735 3535 2501 3667 Ihr aufrichtig ergebener
1959 3647 2468 3809 Hans Jacob.
