3110 4040
1189 371 2176 608 S. Fischer. Verlag. Berlin
2644 520 2933 684 24/2.28.
736 596 2620 768 Fortsetzung Brief an Herrn Dr. Schnitzler, Blatt II
850 914 2880 1055 In der Angelegenheit des „Reigens habe ich hier eine längere
669 1022 2983 1195 Unterredung mit Herrn Harz gehabt, aus der nun leider hervorging, dass
681 1133 2945 1271 die Vorräte nicht so billig zu haben sein werden als wir es uns vor-
678 1247 2924 1370 stellten. Er besitzt noch zwischen 4-4¼ Tausend Exemplare, die alle
684 1332 2953 1496 aufgebunden sind. Er steht auf dem Standpunkt, dass er keine Ursache
678 1458 2950 1604 hat, diese Vorräte zu einem billigeren Preis abzugeben als zu dem er
684 1575 2866 1680 sie an Grossunternehmer verkaufen könnte und das wäre nach seiner
681 1653 2831 1811 Angabe ein Preis von R.M. 1.50 bis 1.80, wenn er den Vorrat an
689 1735 2986 1905 2-3 Firmen verkaufen wollte. Eine kleine Reduzierung des Preises wäre
695 1849 2889 2013 nur dann durch gerechtfertigt, dass er eben den ganzen Vorrat auf einmal
698 1975 2930 2112 absetzt. Es würde sich dadurch einn Uebernahmspreis von ca. R.M.1.40
695 2054 2784 2220 bis 1.60 ergeben, bei 4000 Exemplaren also eine Ausgabe von ca.
684 2173 2869 2305 R.M. 6000.-. Selbst wenn man den Preis auf 4½ oder 5 Tausend Mark
698 2284 2834 2419 drücken könnte, wäre das immerhin noch eine Ausgabe, die sehr zu
701 2384 3044 2530 überlegen ist und die ich auch zunächst Ihrer Ueberlegung anheimstelle
701 2454 3000 2670 da Herr Fischer nach diesem Ergebnis, wie er mir schreibt, zur Ueber-
701 2585 1504 2743 nahme wenig geneigt ist.
1721 2720 2489 2875 Mit herzlichen Grüssen
1823 2834 2290 2980 Ihr ergebener
2153 2912 2579 3152 Wmarij
