2909 3928
584 449 2521 662 Fischer/Verlag/Berlin M 57/Bülowstraße 91.
692 593 2353 710 nkkonto: Deutsche Bank, Depositenkasse P in Berlin / Postscheckkonto: Berlin Nr. 16892
898 656 2072 784 Fernsprechanschlüsse: Amt Lützow Nr. 1662, 6162 und 9292
464 913 2739 1102 hat, den Ertrag seiner Bemühungen möglichst nicht entgehen zu lassen,
476 1072 2796 1203 kann ihm gewiss nicht verübelt werden. Tatsache ist, dass sich Brandt &
473 1171 2703 1311 Kirpatrick um Ihre Angelegenheit auch jetzt schon zweifellos gewisse
482 1263 2736 1419 verdienste erworben haben. So ist es uns durch die mühewaltung dieser
473 1359 2832 1512 Firma beispielsweise möglich geworden, einen umfassenden Ueberblick über
485 1482 2772 1617 sämtliche unautorisierten Ausgaben Ihrer werke in Amerika zu gewinnen.
482 1557 2745 1775 Im Uebrigen wird uns der Besuch der Frau Paukner, die sie uns so warm
488 1688 1491 1853 empfehlen, sehr angenehm sein.
569 1730 2778 1910 Da Sie die italienischen Angelegenheiten der Firma Kaczag übergeben
491 1904 2623 2030 wollen ( ebenso wie die rumänische Angelegenheit „Neigen“ ) so
494 1961 2778 2135 sprechen wir hiermit unser verzicht auf diese Geschäfte aus und lassen
488 2075 2811 2215 Ihnen in der Anlage die gesamten Briefe der verschiedenen italienischen
491 2179 2841 2326 Herren zugehen. Herrn Cesare Levi haben wir einen Vorschlag in dem sinne
491 2311 2904 2446 gemacht, wie Ihr Brief vom 21/3. dies auseinandergesetzt hatte; nur hatten
503 2386 2793 2575 wir den vermin, den Sie bis 31. Oktober festgesetzt hatten, doch etwas
497 2488 2841 2640 länger angenommen, da bei der langsamen Abwicklung derartiger Angelegen-
503 2620 2817 2733 heiten Hern Levi so gut wie garkeine huffrist des vertrages zugebilligt
503 2697 2781 2835 gewesen wäre. Da wir diese Angelegenheit abgeben, teilen wir ihm heute
506 2778 2856 2943 mit, dass er sich weiterhin mit der Firma Kürzag in Verbindung zu setzen
509 2889 2688 3045 habe und die von uns gemachte offerte daher ihre Gültigkeit verlier
509 2997 2748 3158 In der Angelegenheit Naggio in Rom, gegenwärtig in Abbazia, erhielteh
536 3096 2697 3251 wir den beiliegenden Brief, aus dem sie entnehmen wollen, dass dies
566 3194 2691 3347 angelegenheit inzwischen sich in recht günstiger Heise fortentwicke
566 3296 2590 3473 st. — Die Herren Giordani in Rom, Pocar in Görz (siehe Anlag,
557 3422 2084 3575 Sutti in Mailand haben auf unsere Anfragen und
2129 3395 2368 3569 klamati
