3205 4008
1751 842 2051 1008 Puy
2346 856 2520 1004 922
1383 971 2309 1076 DIE NEUE RUNDSCHAU
1123 1049 2551 1136 S. FISCHER VerLAG / BERene W57, BÜLowSTRASSE 90
1496 1111 2183 1206 Telegrammadresse: Fischerverlag 6162 Berlinlützow
1765 1366 2529 1514 R. Z. Kloster auf Hiddensee
2156 1461 2629 1584 (via Stralsund)
1959 1539 2469 1665 Hans Dittmann
2160 1623 2436 1718 22.III.22.
1274 1776 2537 1953 Šet roekke, liebe Her Doktor Blnible.
1249 1903 2632 2051 Vielen Beslien Bank für 3ten Brief vom
1074 1992 2514 2160 S. d. M. Is ist unser alle - auf de Familie
1068 2113 2580 2237 Hofmannittel — aufrichtiger Brandt, dass Sie in
1076 2185 2564 2333 unserem Hofmannstlei - Heft mich fehlen. 3 R
1070 2265 2615 2422 begreife, ders die sibte „Nekrologistes“ streiben
1068 2387 2605 2504 mödten; i möchte Sie derhalb beglicht bitten,
1043 2459 2566 2582 vielleicht ein meistlich - gesünliches Zeugnis bei
1035 2506 1350 2615 pustenen.
1179 2586 2660 2771 do gibt in de Erinnerung immer besondes plasti¬
1031 2679 2636 2821 den Momente, die des Erlebnis eines Monsten, seine
994 2741 2607 2915 "traits raillants", besondes offenbaren. 32 bin über¬
1025 2821 2679 3006 zeugt, dass in Ihre Zimmerung auf wolste Begegnungen
1031 2930 2584 3062 mit H. v. H. Abendig sind. Wenn Sie vielleist
1014 3014 2654 3162 mir darüber eine Aufsé Anny überlassen wurden,
1006 3097 2617 3234 wäre in Ihnen zu grossem tepliren Dank von
1066 3393 1409 3527 3000.2.28. G. P. & Co.
