3049 4024
1249 368 1421 511 700
411 482 2604 699 S. Fischer/Verlag/Berlin M 57/ Bülowstrasse 9o
938 633 2276 762 anschlüsse: Amt Lützow Nr. 1662. 6162 und 9292 / Postscheckkonto: Berlin Nr 16692
1127 699 1897 799 THEATERABTEILUNG
1132 764 2159 936 Berlin, den 26. September 1924
485 1075 705 1232 Herrn
861 1170 1603 1372 Dr. Arthur Schnitzler
1763 1301 2020 1421 Wien
1994 1326 2097 1506 me
485 1449 1415 1646 Sehr verehrter Herr Doktor,
1421 1518 2681 1751 Ihre Wünsche wegen der Versendung der
493 1654 2693 1834 Freiexemplare werden rechtseitig erledigt. - Was Kopenhagen be-
499 1826 2650 1940 trifft, so stimmen wir Ihnen zu, dass es das Einfachste ist, der
485 1931 2741 2071 Direktion ein Exemplar zu schicken und wir bitten um Rückäusserung,
499 2034 1640 2174 ob wir ein Exemplar senden sollen.
1344 2085 2616 2279 Der Verlag Zentrum geniesst guten Ruf
488 2253 2747 2376 und wir glauben Ihnen raten zu sollen, diesem Verlag die Vertretung
488 2356 2710 2510 für die tschechische Sprache zu geben. Das Originalschreiben legen
488 2456 1021 2627 wir wieder bei.
1375 2504 2804 2724 Die Sache mit Wiespaden liegt nun so, dass
491 2676 2784 2807 Wiesbaden einen Tag nach Köln spielen darf, möglicherweise aber auch
491 2793 2716 2918 schon vor dem 21. 10. das richtet sich ganz nach der Kölner Auf-
491 2901 782 3046 führung.
1112 2932 2835 3152 Entschuldigen Sie die etwas verspätete Beantwortung
476 3072 2636 3240 Ihrer beiden Briefe, aber alleugrosse Arbeitsüberlastung in den
476 3235 2128 3383 letzten Tagen liessen uns nicht eher dazu kommen.
1546 3297 2664 3469 Mit vorsüglicher Hochachtung und
1318 3392 2325 3566 besten mußen S. FISCHER, VerLAG
1831 3474 2282 3546 AKTRENGESEL LSCHAFT
1814 3523 2339 3623 THEATERABTEILUNG
1840 3594 2253 3705 Dr Rinerie
