3112 4039
1187 360 1354 553 83
838 447 2334 689 S. Fischer / Verlag / A. 8.
1331 671 1850 781 Theaterabteilung
605 755 2570 844 Bankkonto: Deutsche Bank, Depositenkasse P in Berlin / Postscheckkonto; Berlin Nr. 16692
1046 815 2132 873 Fernsprechanschlüsse: Amt Lützow Nr. 6162 bis 6164
994 853 2161 971 Telegramm - Adresse: Fischerverlag 6162, Berlinlützow
599 818 833 983 Ma/Ro.
1409 913 1758 1046 Bülowstraße 90
1905 939 2610 1089 den 29. Oktober 1927.
818 1112 1023 1250 Herrn
1124 1129 2224 1291 Dr. Arthur Schnitzler,
2389 1132 2867 1320 W i e n XVIII
2400 1288 2536 1374 ----
1026 1337 1930 1541 Sehr verehrter Herr Doktor!
885 1518 2815 1680 Ich danke Ihnen für die Einsendung Ihres Schreibens an die
585 1665 2809 1789 Rotter-Bühnen. Gegen die Berechtigung Ihres Standpunktes ist natür-
582 1769 2829 1905 lich nichts einzuwenden. Trotzdem muss ich gestehen, dass ich gerade
588 1884 2737 1997 heute an eine Wiederaufnahme des „Reigen" dachte und zwar aus dem
596 1962 2740 2089 Grunde, weil gestern in den hiesigen Kammerspielen die „Mayan von
588 2074 2752 2181 Gantillon aufgeführt wurde, worüber Kerr in der Vornotiz schreibt:
588 2161 1645 2319 „Das Stück ist eine Art Reigen
1686 2178 2700 2314 en ein Freudennädchen mit einer
588 2288 2855 2380 Reihe von Besuchern tanzt. Ich werde mir Montag dieses Stück ansehen
585 2377 2766 2518 und Ihnen darüber noch berichten. In diesem Zusammenhange habe ich
582 2481 2803 2613 daran gedacht, dass man unter Umständen den Kammersnial
573 2590 2818 2697 schen Theaters (das würde natürlich einen ganz anderen Rahmen abge-
576 2688 2850 2798 ben als eine Aufführung bei Rotter) den „Reigen“ xxx
573 2778 2754 2919 für den Fall freigibt, dass sie vorher ein anderes Stück von Ihnen
570 2893 2726 3022 in dieser Saison zur Aufführung bringen. Tatsächlich besteht beim
565 2991 2757 3138 Deutschen Theater aufrichtige Bestreben, eines Ihrer Stücke in
1435 3083 1985 3143 nur wiederholt werden.
562 3120 2806 3204 dieser Spielzeit zu geben, aber die Auswahl fällt sehr schwer. Viel-
553 3195 1328 3345 leicht könnten Sie selbst
1360 3190 2351 3342 noch irgend einen Rat geben.
850 3285 2017 3426 Was die Buchausgabe des
2031 3262 2780 3455 grifft, so habe ich mir
562 3388 2873 3555 jetzt das hier eingegangene Exemplar des Prozessberichtes geben lassen
550 3518 2867 3674 und will mich damit beschäftigen. Die wichtigste Frage wäre allerdings
