3137 4056
1101 402 1993 602 S. FISCHER/VERLAG
390 449 588 590 2. Blatt
490 700 2769 886 geworden, denn die Papierfabriken haben keine Kohlen und keine Zellulose.
475 839 2678 968 Das hat weiter zur Folge, dass jetzt eine phantastische Steigerung der
475 951 2651 1098 Papier- und Herstellungskosten erfolgt ist, die sich besonders in den
481 1048 2049 1184 nachfolgenden Publikationen bemerkbar machen wird.
632 1140 2687 1293 Es wird wohl kaum einen belletristischen Verlag geben, der seinen
481 1267 2710 1411 Betrieb trotz aller Schwierigkeiten so vollkommen aufrecht erhalten hat
449 1355 2566 1470 ###ie der meinige. Sie haben im vorigen Jahr Honorare im Betrage von
487 1453 2707 1624 98399 Mark bekommen, es sind also alle Vorteile der Konjunktur für Sie
481 1562 2855 1709 ausgenutzt worden. Im Jahre 1917 haben die Honorare nur 21550 Mark betragen,
481 1671 998 1813 1918 M. 38889. -
614 1783 2713 1922 Unter der Papiernot leiden alle Verleger. Von Ihren Werken fehlen
475 1869 2702 2028 zur Zeit: "Frau des Weisen", "Freiwild" und "Marionetten" (Bücher, die
475 1972 2616 2114 notorisch sehr schwach gehen), bei einem Bestand von 30 Einzelwerken
475 2076 2613 2229 und einer sehr umfangreichen 7 bändigen Gesamtausgabe ein lächerlich
475 2203 2672 2344 geringer Prozentsatz, der im Verhältnis zum Gesamtobjekt eine Lappalie
478 2303 2578 2400 an entgangenem Honorar bedeutet, während Sie andererseits eine ganz
478 2409 2610 2530 bedeutende Steigerung Ihrer Einnahmen zu verbuchen haben. Hätten die
466 2504 2826 2648 Papierfabriken einigermassen pünktlich geliefert, so wäre die Gesamtausgabe
472 2625 2625 2734 längst fertig. Ich kann also nicht zugeben, dass ein "Missverhältnis"
464 2725 2699 2840 zwischen der Zahl der zum Verkauf stehenden Exemplare und der Nachfrage
464 2826 2631 2932 besteht. Gewiss, die Nachfrage ist zeitweilig grösser, sie ist dann
464 2917 2409 3038 wenn die Neuauflagen auf den Markt kommen, rasch ausgeglichen.
697 3026 2672 3127 Es kommt hinzu, dass die Transportverhältnisse mit Oesterreich
434 3127 2678 3268 einen geregelten Verkohr nahezu ausschliessen. Das ist einer der Gründe
431 3242 2722 3378 weshalb ich schon im vorigen Jahr auf die Fortführung der Filiale in Wien
434 3325 2640 3466 verzichten musste. Die weiteren liegen darin, dass die Buchdrucker und
431 3440 2725 3596 Buchbinder unzuverlässig funktioniert haben und dass eine ganz bedeutende
