3280 4199
1005 981 1166 1110 Het
641 1019 1628 1258 ###
1657 1102 1788 1247 Pr.
2381 1134 2735 1300 zu meinem
665 1188 2360 1335 Hiermit bestelle ich die S. Fischer Verlag A.-C.
625 1300 2523 1453 Vertreter in Angelegenheit der Sendung meiner im Verlage S.
625 1392 2453 1547 erschienenen Werke durch in- oder ausländische Bender m
622 1491 2472 1646 Maßgabe, daß die 8. Fischer Verlag A.-G. allein berechtigung
633 1593 2008 1745 solche Sendungserlaubnisse zu erteilen.
820 1649 2582 1813 Die Firma 8. Fischer Verlag ist verpflichtet, die Vor-
635 1759 2697 1912 lesungsprogramme der Sender zu kontrollieren und die hierfür en
646 1850 2649 2008 fallenden Honorare festzusetzen, einzuziehen und allmonatlich
654 1955 2601 2078 verrechnen. In Fällen, in denen der propagandistische Wert
649 2054 2625 2196 Vorlesungen überwiegt, ist der Verlag berechtigt, die Sendung
646 2057 2802 2274 ausnahmsweise auch kostenlos zu gestatten. Der Verlag erhält für
652 2196 2783 2354 diese Tätigkeit eine Provision von 15% der eingegangenen Beträge.
649 2327 2783 2472 Die mit dieser Tätigkeit verbundenen Unkosten trägt die S.Fischer
665 2408 2687 2569 Verlag A.-G. Im Falle einer persönlichen Vorlesung des Autors
662 2512 2665 2636 ist der Verlag nur dann provisionsberechtigt, wenn die Verans
668 2606 2204 2775 tung des Vortrages vom Verlage ausgegangen ist.
847 2692 2641 2807 Dieses Abkommen ist zunächst auf die Dauer eines Jahren
665 2759 2491 2917 geschlossen und verlängert sich stillschweigend, sofern
681 2877 2368 3014 von einem dieser Teile ein Vierteljahr vor Ablauf da
665 2960 2209 3134 jahres gekündigt wird, um je ein weiteres Jahr.
