3254 4151
735 634 1209 727 Fortsetzung Brief.
958 947 2733 1157 Dagegen sind auch nach deutschem Recht Vorlesungen von
683 1116 2782 1250 Publikum frei. Vertragsmässig kann man natürlich eine Zahlung veran-
681 1247 2864 1350 einbaren, Sie können aber gegen die Direktion nicht vorgehen, wenn
670 1307 2834 1427 in dem Vertrage mit Fräulein Bergner diesbezüglich nichts Genaues
664 1399 2834 1560 vereinbart war und gegen die Bergner selbst werden Sie wohl nicht
648 1525 1217 1666 vorgehen wollen.
966 1557 2924 1737 Ein Exemplar des "Zauberberg" geht Ihnen heute zu. Hier war
1710 1710 2061 1778 G.C.H.F.S
681 1704 2837 1865 eine solche Bestellung nicht bekannt geworden, oder ich müsste es
675 1819 1740 1968 zufälligerweise übersehen haben.
972 1862 2946 2066 Wegen des Abdruckes des "Blinden Geronimo" spreche ich noch
670 2026 1511 2183 einmal mit Herrn Fischer.
2222 2094 2486 2189 G.C.H.F.P.
2015 2075 2124 2213 G.F.P.
1813 2124 1993 2216 G.C.H.F.P.P
1721 2151 2516 2317 Mit ergebensten Grüssen
1947 2284 2072 2418 Ihr
2042 2396 2437 2616 amorie.
