3149 4057
1087 131 1263 271 was
2139 191 2314 331 To
1406 206 1501 363 12.
1731 241 1981 369 is so.
804 420 2374 631 S. FISCHER :VERLAG A.G. : BERLIN W. 57
2380 611 2487 754 3.
527 623 1358 777 Dr. Schnitzler 21/5. 28
542 801 2782 965 durch das Sortiment verkaufen, würde, wie wir vorgeschlagen haben,
542 926 2848 1066 das Honorar 20 % vom Ladenpreis des broschierten Exemplars berechnet,
542 1046 2842 1189 betragen; und wie gesagt, es würden immer 1000 Exemplare voraus hono-
545 1150 992 1278 riert werden.
664 1186 2913 1391 Da Sie mir die Entschliesseung wegen der Neuausgabe von "Casanovas
542 1352 2690 1472 Heimfahrt» anheimstellen, möchte ich vorschlagen, die Neuausgabe
548 1469 2821 1588 in schöner Ausstattung erst im nächsten Frühjahr herauszubringen. Sie
554 1585 2857 1701 dürfen mir glauben, dass das nicht nur wegen der auf dem Markt befind-
554 1653 2889 1790 liehen verramschten Exemplare von " Casanova " vorteilhafter ist, dass
554 1760 950 1841 vielmeh
554 1796 2952 1933 auch der Umstand mitspricht, dass neben den gesammelten Erzählungen noch
2249 1856 2639 1918 werden.
551 1865 2657 1993 zwei neue Bücher von Ihnen auf dem Markt sich befinden, nämlich
2386 1936 2982 2046 herausgegebenst
557 2026 2824 2148 „ Therese „ und der „Ergänzungsband”. Ein drittes, neue Werk würde
554 2091 2023 2207 wirklich daneben nicht gut mitkommen können.
649 2172 2732 2314 Wegen der anderen Fragen antwortet Ihnen Dr. Maril. Nur wegen
554 2297 2922 2410 unserer Sommerpläne, nach denen Sie freundlichst sich erkundigen, hätte
548 2386 2758 2532 ich zu sagen, dass wir darüber noch garnichts beschliessen konnten,
557 2508 2300 2666 weil wir ja erst seit zwei Monaten wieder hier sind.
1701 2624 2472 2773 Mit herzlichen Grüssen
2049 2746 2323 2874 th
2073 2857 2690 3047 Geschäft
