3288 4199
800 455 2245 670 Fischer Verlag Berlin
1244 642 1691 741 Aktien-Gesellschaft
557 738 2423 837 Amt Lützow Nummer 6162 Theaterabteilung postscheckkonto Nr. 16692
814 786 2172 888 Bankkonto: Deutsche Bank Depositenkasse P in Berlin
314 834 772 913 Telegramm-Adresse
913 845 2132 964 Berlin W, Bülowstraße 90, den 10. 3. 1927.
297 902 775 990 Fischerverlag 6162
339 919 1026 1041 Berlinlitzow Ma/Ro.
664 1063 865 1173 Herrn
1060 1029 2172 1241 Dr. Arthur Schnitzler,
2225 1072 2548 1219 Wien
2254 1193 2350 1295 -- —
959 1332 1886 1518 Sehr verehrter Herr Doktor!
840 1414 2796 1609 Ich hatte vergessen, mit Ihnen noch über die französischen
546 1575 2697 1745 Angelegenheiten zu sprechen und wollte Sie bitten, mir die Liste
540 1696 2748 1872 jener Stücke zu geben, für die man sich in Paris verwenden könnte.
843 1787 2811 1934 Heute war ein Filmregisseur bei mir, der für Dr.Salkind die
560 1883 2779 2016 Verfilmungsrechte von Fraumnovellen erwerben will. Ich habe einen
554 1968 2833 2140 Betrag von ca. M.20.000.- unverbindlich genannt. Ich weiss nicht, ob
563 2090 2777 2282 Sie Schröder ein Ausschliesslichkeitsrecht dafür gegeben haben und
1462 2200 1575 2256 G.C.H.
563 2220 1501 2384 bitte hierüber um Nachricht.
860 2293 2839 2480 Das Deutsche Theater hat auf Drängen von Frau Kinz sich den
571 2395 2341 2556 „Gang zum Weiher" kommen lassen und liest ihn soeben.
868 2505 2714 2644 Indem ich Ihnen nochmals für Ihre liebenswürdige Wiener
577 2615 2729 2746 Einladung danke, an die ich mich gern erinnere, verbleibe ich mit
1702 2709 1877 2779 auch
577 2717 2587 2867 ergebensten Grüssen und Empfehlungen an Ihr Fräulein Tochter
1999 2949 2112 3048 Ihr
2106 3068 2434 3257 scher
