3103 4013
1264 516 1424 612 CHI
1506 507 1590 649 1
364 486 504 635 Blatt
597 568 885 848 Schnitzl.
507 897 2843 1034 Sache bei dem Ganzleinenband, für den ich den Fantiemenanteil niedriger
513 987 2694 1168 ansetzen müsste, was ich aber nicht tue, um Ihnen den Geschmack an
504 1110 2604 1247 der Sache nicht zu verderben. Für den Halblederband und für die
516 1177 2735 1372 wohlfeile Ausgabe muss ich Sie bitten, sich einer Tantiene von 7 x
507 1293 2793 1494 zu begnügen. Auch hier sind die Anteile günstiger für Sie wie bisher.
1340 1465 2091 1660 Mit herzlichen Grüssen
1497 1599 1646 1701 Ihr
1596 1651 2234 1887 Fische
941 2077 1686 2257 Litterait avec moi sur
696 2158 2397 2350 Tin or there ecueil time in & with them.
798 2278 2263 2412 St med. Aulwer der gleich, ich auf kein,
804 2380 2170 2522 seemnt hier bei Berd etc, et tes
894 2484 2179 2642 a été d'après encore les
848 2551 1008 2674 ne
839 2578 2225 2811 Heäre kurz zu aus der wohl n & a
865 2735 1156 2863 Mntis?
915 2776 2088 2956 5- de telle cet cédé de visite
947 2895 2161 3046 soll i -  -  Üll ich verstorben. 3 hollen
1375 2979 1957 3151 Monsieur
1066 3012 1351 3125 R-s-B
