3224 4088
863 383 2450 574 S. Fischer Verlag / Berlin W57 Bülowstraße 90
1389 513 2027 630 AKTIENSESELISCHAFT
722 618 2685 730 Bankkonto: Deutsche Bank, Depositenkasse P in Berlin / Postscheckkonto Berlin Nr. 16692
1144 671 2277 753 Fernsprechanschlüsse: Amt Lützow Nr. 6162 bis 6164
1144 740 2284 850 Telegramm-Adresse: Fischerverlag 6162 Berlinlützow
590 835 812 962 P.-St.
2126 847 2874 1062 lin, den 9. Oktober 1929
679 1166 2080 1340 Herrn Dr. Artur Schnitzler
2231 1164 2930 1317 WIE N. XVIII.
921 1391 1782 1580 Sehr geehrter Herr Doktor,
1828 1529 2826 1662 wir senden Ihnen beiliegend die
919 1644 2869 1761 Abschrift einer Anfrage bezüglich der Übersetzung von " Traun-
911 1703 2958 1868 novelle " und "Fräulein Else," ins Rumänische und bitten Sie,
1537 1812 1868 1886 mMme myöntöm
929 1861 2619 1971 uns Ihre Stellungnahme freundlichst bekannt zu geben.
1853 1930 2752 2124 Mit vorzüglicher Hochachtung
1973 2103 2484 2205 8. FISCHER. VERLAG
2006 2185 2445 2254 AKTIENGESELISCHAFT
1942 2205 2527 2336 AUSLANDSABTEILUNG
2320 2284 2734 2468 Dnmarie
434 3561 648 3788 v. 20. 3000. V.
