3075 4089
1064 136 1227 289 soe
2097 206 2250 366 T1
1654 203 1881 348 on a
1353 212 1454 327 es
991 304 2064 528 868 Deres (21-30)
802 466 2294 616 S. Fischer/Verlag / A.-G. Berlin W 57
551 658 2527 787 Bankkonto: Deutsche Bank, Depositenkasse P in Berlin / Postscheckkonto; Berlin Nr. 1669.
967 725 2120 808 Fernsprechanschlüsse: Amt Lützow Nr. 6162 bis 6164
1356 776 1731 870 Bülowstraße 9o
973 840 2123 979 Telegramm-Adresse: Fischerverlag 6162 Berlinlützow
2123 923 2521 1076 21. Mai 28
1271 908 1816 1100 Reyer
419 941 610 1097 F/Si.
1380 1041 1784 1253 get to
719 1182 1197 1321 Lieber Freund,
690 1274 2843 1415 um mit Exemplaren von „Therese " in keinem Fall knapp zu werden,
560 1392 2689 1510 habe ich mich entschlossen, weitere 10 000 Exemplare zu drucken,
560 1522 2896 1613 nach unserer Rechnung die 21. - 30. Auflage.- Die bisher eingelaufenen
557 1578 2890 1752 Kritiken lasse ich Ihnen mitfolgend zugehen, die weiterhin eingehenden
563 1704 2922 1858 werden nachfolgen. Ich bitte Sie, mir die Kritiken nach Gebrauch wieder
566 1819 2524 1937 zurückzusenden, weil wir sie für Propagandazwecke brauchen.
690 1908 2825 2046 Die Sache mit Harz liegt also so wie ich vermutet habe. Der Ver-
569 2029 2766 2153 kauf des Buches hat eben nachgelassen und wenn wir die Restvorräte
575 2120 2731 2247 von Harz übernehmen, so bedeutet das einen glatten Verlust des an
566 2206 2919 2362 ihn zu zahlenden Betrages. Anders liegt die Sache, wenn wir die Vorräte
1121 2330 1297 2383 muuvaa
1011 2344 1097 2388 du soir
572 2321 2778 2465 nicht zu übernehmen brauchen; dann werden wir das Buch neu drucken
569 2418 2816 2571 und gut ausgestattet von neuem auf den Markt bringen, mit welchem Er-
569 2557 2002 2672 folg, das ist freilich nicht vorauszusehen.
2052 2601 2801 2804 Schriften " wird mir
696 2660 1693 2804 Wegen der Einzelausgaben der »
1498 2657 1908 2787 ET "Ørzähl
2049 2728 2161 2775 (ouvrage)
1365 2748 1457 2790 arvoan
572 2754 2869 2872 immer klarer, dass die 4 Novellenbände ein unüberwindliches Hindernis
572 2843 2739 2975 bilden. Geben wir den 4 Novellenbüchern besondere, neue Titel, so
572 2907 2925 3105 schaffen wir vielleicht eine Unklarheit darüber, dass es sich um Novel-
572 3076 2819 3214 len handelt, die schon in anderen Bänden veröffentlicht sind und in
572 3173 2787 3317 Einzelausgabe ja aush schon existieren. Als Einzelbände können wir
578 3279 2851 3406 demnach nur abgeschlossene Werke separat in den Handel bringen; also
569 3376 2757 3533 den " Weg ins Freie "., "Therese " und den "Ergänzungsband". Von
569 3538 2934 3695 den Novellen des "Ergänzungsbandes" sind Einzelausgaben zwar erschienen
