3053 3783
1808 802 1964 923 -
1348 835 1469 953 563
931 918 2049 1030 S. FISCHER/VERLAG / BERLIN / THEATERABTEILUNG
1712 981 2066 1050 W 57 / BÜLÖWSTR. 90
928 999 1439 1083 AMT: LÜTZÖW 1662, 6162, 9292
1659 1021 2074 1126 d. 20.6.1922
921 1099 1999 1225 Herrn Dr. Arthur Schnitzler, Wien
929 1200 1763 1315 Sehr verrehrter Herr Dr.,
1368 1278 2154 1390 auf Grund unserer letze
901 1341 2154 1455 ten Correspondance über Reigen in Po-
903 1431 2143 1503 len habe Junserem Warschauer-Vantreter
903 1480 2165 1558 Ihr Einverständnis mit den äüssersten
906 1532 2153 1591 Falls 5% Tantieme nebst Garantie mit-
895 1593 2156 1687 geteilt und ihm das Vertriebsrecht bis
936 1632 2146 1720 zum 1. Oktober verlängert. Bisher ha-
909 1690 2113 1769 be ich noch keine Nachricht über ei-
934 1739 2176 1837 nen Anschluss, nähme aber an, dass die-
915 1804 2131 1873 ser nicht mehr lange auf sich warten
914 1849 2066 1973 dürfte. Mit den besten Emphelungen
1043 1944 1524 2071 Ihr Ergebener
1612 1984 2080 2112 les peuvent
912 2093 2110 2216 P.S. Bezieht sich der amerikanische
915 2206 2095 2286 Abschluss " Vermächtnis" auf Buch oder
926 2263 2087 2356 der Aufführung? Das Buch ist ja be-
947 2334 1907 2464 reits bei Badger erschienen.
984 2670 1183 2744 R. 2000. 7. 21.
2280 3309 2538 3414 en entz
