3125 4122
1260 238 1382 369 902
670 295 2239 497 S. Fischer Verlag / Berlin W57 Bülowstratze 90
431 326 582 542 11/2
1161 423 1799 565 AKTIEN GESELISCHAFT
499 519 2488 661 Bankkonto: Deutsche Bank, Depositenkasse P in Berlin / Postscheckkonto Berlin Nr. 16692
922 593 2052 692 Fernsprechanschlüsse: Amt Lützow Nr. 6162 bis 6164
925 647 2063 809 Telegramm-Adresse: Fischerverlag 6162 Berlinlützow
1294 755 1544 888 1511.
1643 769 2398 959 Especent 11. April 89
423 829 545 1002 si.
1209 865 1569 1036 Mamour
749 999 1674 1226 Herrn Dr. Arthur Schnitzler
2120 1101 2321 1268 Wien
590 1348 1470 1458 Sehr geehrter Herr Doktor,
698 1413 2653 1615 wir beziehen uns auf unsere persönliche Rücksprache anläss-
573 1546 2548 1722 lich Ihres hiesigen Aufenthaltes und teilen Ihnen mit, dass
568 1654 2483 1819 Herr Hans Mohr uns heute für die Esperantoübersetzung von
576 1734 2664 1935 " Die dreifache Warnung " M 15.- ( die er persönlich bezahlte)
579 1850 2670 2026 eingesandt hat. Wir haben einstweilen diesen Betrag Ihrem Konto
587 1964 2863 2117 gutgeschrieben und bitten uns eventuell wissen zu lassen, für welchen
585 2114 2307 2270 wohltätigen Zweck diese Summe verwendet werden soll.
1436 2222 2378 2347 Mit vorzüglicher Hochachtung
1657 2324 2185 2403 S. FISCHER. VERLAG
1697 2384 2151 2449 AKTRENGESELISCHAFT
1640 2432 2208 2559 AUSLANDSABTEILUNG
2049 2534 2142 2684 faire
329 3558 505 3689 12. 28. 6000.
