3133 4041
1151 407 2085 596 S. FISCHER /VERLAG.
419 437 647 590 4a. Blatt
488 599 2885 833 preise kann ein Gewinn-Aegivalent für den Verleger dabei nicht herauskommen.
569 776 2804 905 Da auch die Druckkosten abermals bedeutend gestiegen sind und eine neue
488 878 2810 1025 Teuerungswelle auch bezüglich der Betriebskosten eingetreten ist, so haben
497 986 2748 1136 acht angesehene belletristische Verleger mit dem Schutzverband deutscher
497 1079 2775 1216 Schriftsteller einen Honorarmang besprochen, der folgendermassen lautet:
497 1178 2769 1303 Das vereinbarte Honorar bis zur Höhe von 20 % soll weiter bezahlt werden,
503 1294 2798 1432 mit der Bedingung, dass 25 % der Auflagen honorarfrei bleiben. Solche Ver-
512 1402 2766 1519 einbarungen haben schon einige Verleger mit ihren Autoren getroffen, sie
518 1501 2855 1633 bedeuten tatsächlich eine Tamtieme von 15 %. Ich habe diesen Weg noch nicht
512 1606 2825 1717 betreten und hoffe Ihre Neuauflagen noch so honorieren zu können, dass die
2151 1657 2637 1750 für Sie ergibt.
509 1693 2912 1828 Ausrechnung 20 % vom Ladenpreis des broschierten Exemplars. Das wird indessen
515 1822 2810 1933 bei der neuen phantastischen Steigerung der Papierpreise kaum aufrecht zu
548 1918 2915 2037 erhalten sein. Ich habe die Absicht, meinen Autoren den Vorschlag zu machen,
521 2019 2882 2139 dass sie eine Tantieme von 20 % auf die neuen Ladenpreise bekommen, wogegen
521 2109 2816 2259 ich einen Verleger-Teuerungszuschlag von 20 % ausserhalb des Ladenpreises
524 2220 2727 2340 erheben kann. Einige Münchner Verleger machen das jetzt schon so. (Dem
527 2319 2837 2451 Verleger bleiben davon nach Abzug des Sortiemnter-Rabats durchschnittlich
527 2445 902 2568 etwa 13 %.)
686 2451 2882 2655 Um ein Beispiel zu nennen: Sie haben für den "Weg ins Freie" bei einem
524 2625 2906 2754 Friedenspreis von 6 Mk. für 6000 Exemplare 900 Mark bekommen. Bei dem neuen
524 2724 2796 2864 Ladenpreis, der mindestens 20 Mark betragen wird, würden Sie 24 000 Mark
539 2831 2855 2954 bekommen. Sie hätten also für 6000 Exemplare 15000 Mark Mehreinnahmen, die
530 2948 2903 3089 sich zum grossen Teil nur aus den erhöhren Herstellungskosten rechtfertigen.
536 3011 2921 3161 Die Schwierigkeit der Kalkulation liegt eben darin, dass automatisch mit der
536 3143 2867 3281 Erhöhung des Ladenpreises alle daran beteiligten Faktoren mit Ausnahme des
551 3236 2775 3404 Verlegers den höheren prozentualen Anteil erhalten. Ich kann mich nicht
545 3335 2843 3482 verbürgen, dass die Verhältnisse in den nächsten Wochen diese Kalkulation
542 3425 2912 3604 noch zulassen, ich werde aber alles daran setzen, dass 20 % vom neuen Laden-
