3079 3992
1214 431 1490 618 1/9 Berl
1188 575 2223 676 Lützow Nr. 1662. 6162 und 9292 / Postscheckkonto: Berlin Nr, 1
1217 653 1898 782 HEATERABTEILUNG
1332 719 2036 906 den 27. Februar 1925
1073 918 1194 1056 G.F.P.
1148 1015 1268 1142 G.C.F.P
941 1027 1119 1102 G.C.F.P.
943 1087 1156 1202 G.C.F.P.
500 1096 699 1222 Herrn
900 1150 1976 1349 Dr. Arthur Schnitzler
1982 1243 2261 1401 W i e n
417 1291 500 1470 G.F.P.
495 1429 1415 1625 Sehr geehrter Herr Doktor,
1412 1501 2606 1714 die erwünschte Aufstellung über die
500 1660 2574 1795 Ihnen überwiesenen Beträge erhalten Sie beiliegend durch Frau
498 1789 2609 1944 Rosenbaum.  Mas die Bühnenexemplare betrifft, so ist der techn.
500 1907 2686 2057 nische Vorgang der, dass jeweilig ein gewisser Vorrat vom Verlag
498 2008 2638 2117 an den Bühnenvertrieb geliefert wird, dessen Belastung gleich
509 2117 2741 2261 zeitig mit dieser Lieferung geschieht. Wir haben ohne Aufforderung
506 2252 2678 2382 ca. 25 Exemplare an die nühnen verschickt, die übrigen auf Auf-
906 2315 1176 2387 G.C.H.F.P.M
495 2333 2678 2442 forderung; insgesamt etwa 40. Diese Exemplare sind zum Teil be-
500 2439 2813 2592 zahlt, zum Teil trotz Mahnung noch nicht. Ausserdem stehen natürlich
503 2554 2658 2698 noch Rechnungen offen. Die 10 Freiexemplare sind solche, die an
500 2640 2698 2810 Subvertreter gingen. - Wir hoffen hiermit die Angelegenheit er
506 2787 2804 2922 klärt zu haben, sind aber natürlich bereit, falls Sie mit der bis -
2465 2896 2781 3046 auch Ihren
492 2891 1864 3026 herigen Handhabe nicht einverstanden sind.
512 2988 1214 3149 Wünschen zu richten.
1786 3198 2200 3296 FISCHER, Verla
1769 3285 2229 3342 AKTRENGESELLSCHAFT
1792 3334 2249 3428 EATERABTEILUN
1835 3377 2301 3544 D Bluerie.
