3081 3864
927 447 2231 630 Fischer / Verlag / A.=G. Berlin W5.
558 609 2483 741 Bankkonto: Deutsche Bank, Depositenkasse P in Berlin / Postscheckkonto. Berlin Nr. 1669.
960 687 2114 795 Fernsprechanschlüsse: Amt Lützow Nr. 6162 bis 6164
1355 741 1691 834 Bälowstraße
2252 702 2522 945 Juni 24
417 780 600 981 P/S1.
675 936 1436 1113 Herrn Dr. Arthur Schnit
2129 1044 2300 1191 Wien
477 1173 960 1328 Bieber Freund,
567 1194 2804 1409 Ihr neues Werk habe ich mit Spannung gelegen, mit Spassung im Sinne
867 1370 957 1427 an
456 1361 2801 1520 der Weilnahme der psychologischen und schicksalhaften Entwicklung Ihrer
453 1451 2771 1601 Gestalten. Es ist ein dem »Einsamen Weg » verschwistertes Werk, in der
459 1592 2804 1718 gleichen Melodie aber reicher und kunstvoller gesponnen. Ich gratuliere
459 1658 2864 1799 Ihnen dazu. -Ich nehme an, dass die Buchausgabe, die etwa 260 Druckseiten
465 1757 2789 1913 umfasst, ungekürzt erscheinen soll, was für den Leser des Buches einen
462 1889 2786 2033 Vorteil bedeutet, während Sie wohl den Bühnentext, besonders im ersten
459 1982 2657 2144 Akt, erheblich kürzen werden müssen. Für den Titel schiene mir das
459 2093 2756 2243 Motiv "Die ewigen Ströme " in jeder Beziehung charakteristischer als
477 2198 2840 2354 * Die Komödie vom Verführern, da Aurelie doch auch symbolisch die Heldin
465 2324 717 2471 bleibt.
564 2336 2777 2528 Der mank für auswärtigen Handel überwiesen wir auf Ihr Inland-Konto
465 2498 1784 2681 3 500 Mark laut anliegender Aufstellung.
564 2597 2738 2744 Wir durchlehen eine heftige Absatz- und Kredit-Krise, die auf den
471 2708 2849 2837 Bücherverkauf beträchtlich einwirkt. Die allgemeine Geldknappheit ist so
474 2813 2708 2966 gross, dass wir selbst für die geringen Verkäufe nur schwer das Geld
474 2924 2645 3062 hereinbekommen. Ich würde darum bitten, auf die angebotene weitere
483 3029 1703 3155 Vorauszahlung zunächst zu verzichten.
573 3131 1604 3281 Unsere Sommerpläne stehen noch
1895 3236 2201 3362 verreisen
483 3239 1469 3383 ob ich bei den jetzigen schwierte.
2015 3332 2168 3443 am 6.
495 3338 1197 3524 Seventuell die Ostsee
