<?xml version="1.0" encoding="UTF-8" standalone="yes"?>
<PcGts xmlns="http://schema.primaresearch.org/PAGE/gts/pagecontent/2013-07-15" xmlns:xsi="http://www.w3.org/2001/XMLSchema-instance" xsi:schemaLocation="http://schema.primaresearch.org/PAGE/gts/pagecontent/2013-07-15 http://schema.primaresearch.org/PAGE/gts/pagecontent/2013-07-15/pagecontent.xsd">
    <Metadata>
        <Creator>prov=READ-COOP:name=TrHtr:version=2.1.0:model_id=51170:date=27_07_2023_22:33</Creator>
        <Created>2023-05-02T08:11:58.894+02:00</Created>
        <LastChange>2023-07-27T22:33:20.533+02:00</LastChange>
        <TranskribusMetadata docId="1416743" pageId="54955181" pageNr="667" tsid="131306346" status="IN_PROGRESS" userId="64420" imgUrl="https://files.transkribus.eu/Get?id=VXBBYDXQYLKLUOXGLSEGQJFU&amp;fileType=view" xmlUrl="https://files.transkribus.eu/Get?id=UVISBYJVVULCPJWTOZAPOLVU" imageId="44458906"/>
    </Metadata>
    <Page imageFilename="1416743_0667.jpg" imageWidth="3128" imageHeight="3864">
        <ReadingOrder>
            <OrderedGroup id="ro_1711826621546" caption="Regions reading order">
                <RegionRefIndexed index="0" regionRef="tr_2"/>
                <RegionRefIndexed index="1" regionRef="tr_1"/>
            </OrderedGroup>
        </ReadingOrder>
        <TextRegion id="tr_2" custom="readingOrder {index:0;}">
            <Coords points="943,478 2466,478 2466,1900 943,1900"/>
            <TextLine id="tr_2_tl_1" custom="readingOrder {index:0;}">
                <Coords points="1422,567 1838,577 2009,532 2337,567 2405,547 2410,366 1914,403 1709,338 1427,338"/>
                <Baseline points="1436,555 1472,552 1516,549 1561,546 1606,546 1651,543 1696,543 1740,540 1785,537 1830,537 1875,540 1920,534 1964,534 2009,534 2054,537 2099,537 2144,537 2188,537 2233,537 2278,534 2323,534 2367,531 2412,528"/>
                <TextEquiv>
                    <Unicode>Berlin W 30, 1. Nov. 1923</Unicode>
                </TextEquiv>
            </TextLine>
            <TextLine id="tr_2_tl_2" custom="readingOrder {index:1;}">
                <Coords points="1407,688 1553,706 1709,656 1735,681 1770,658 1977,681 1984,550 1924,542 1835,577 1740,552 1684,572 1576,560 1548,582 1495,562 1412,590"/>
                <Baseline points="1424,636 1451,642 1496,644 1540,644 1585,644 1630,644 1675,642 1719,642 1764,639 1809,633 1854,627 1899,618 1943,615 1988,615"/>
                <TextEquiv>
                    <Unicode>Luitspoldstr. 41 II</Unicode>
                </TextEquiv>
            </TextLine>
            <TextLine id="tr_2_tl_3" custom="readingOrder {index:2;}">
                <Coords points="1034,908 2095,925 2176,880 2330,930 2330,782 2211,751 1866,756 1697,817 1422,764 1223,809 1034,789"/>
                <Baseline points="1048,865 1092,865 1137,865 1182,865 1227,865 1272,865 1316,862 1361,862 1406,862 1451,862 1496,862 1540,862 1585,862 1630,865 1675,868 1719,865 1764,862 1809,862 1854,865 1899,862 1943,859 1988,859 2033,859 2078,862 2123,862 2167,862 2212,862 2257,862 2302,862 2335,865"/>
                <TextEquiv>
                    <Unicode>Mein lieber und verehrter Herr Doktor,</Unicode>
                </TextEquiv>
            </TextLine>
            <TextLine id="tr_2_tl_4" custom="readingOrder {index:3;}">
                <Coords points="1208,1046 1543,1074 1871,1014 1967,1074 2272,1094 2370,1041 2461,1051 2461,933 2395,910 2037,915 1936,956 1815,913 1694,951 1208,893"/>
                <Baseline points="1221,1015 1257,1018 1301,1015 1346,1015 1391,1018 1436,1018 1481,1015 1525,1015 1570,1015 1615,1015 1660,1012 1705,1015 1749,1012 1794,1015 1839,1012 1884,1012 1929,1012 1973,1009 2018,1012 2063,1012 2108,1012 2152,1015 2197,1015 2242,1018 2287,1015 2332,1015 2376,1012 2421,1012 2466,1009"/>
                <TextEquiv>
                    <Unicode>vielen herzlichen Dank für Ihre Freundt¬</Unicode>
                </TextEquiv>
            </TextLine>
            <TextLine id="tr_2_tl_5" custom="readingOrder {index:4;}">
                <Coords points="958,1182 1384,1137 1576,1185 1725,1135 1823,1180 2158,1142 2317,1188 2317,1066 1967,1074 1906,1024 1765,1021 1245,1072 958,1029"/>
                <Baseline points="973,1134 979,1137 1024,1137 1069,1137 1113,1134 1158,1134 1203,1134 1248,1134 1292,1134 1337,1134 1382,1134 1427,1131 1472,1128 1516,1128 1561,1128 1606,1128 1651,1128 1696,1128 1740,1128 1785,1128 1830,1128 1875,1125 1920,1128 1964,1128 2009,1128 2054,1131 2099,1134 2144,1134 2188,1134 2233,1134 2278,1134 2323,1131"/>
                <TextEquiv>
                    <Unicode>Zeilen vom 29. Okt. Sie dürfen mich</Unicode>
                </TextEquiv>
            </TextLine>
            <TextLine id="tr_2_tl_6" custom="readingOrder {index:5;}">
                <Coords points="963,1326 1198,1286 1361,1331 1619,1268 1762,1319 1888,1276 2320,1286 2320,1188 2158,1162 966,1185"/>
                <Baseline points="979,1263 982,1263 1027,1263 1072,1260 1116,1257 1161,1257 1206,1257 1251,1257 1295,1257 1340,1257 1385,1254 1430,1251 1475,1251 1519,1251 1564,1251 1609,1254 1654,1254 1699,1254 1743,1254 1788,1254 1833,1257 1878,1257 1923,1257 1967,1257 2012,1254 2057,1254 2102,1251 2146,1254 2191,1254 2236,1257 2281,1257 2326,1254"/>
                <TextEquiv>
                    <Unicode>aber nicht beschämen, indem Sie glauben.</Unicode>
                </TextEquiv>
            </TextLine>
            <TextLine id="tr_2_tl_7" custom="readingOrder {index:6;}">
                <Coords points="958,1432 1488,1384 1777,1437 2032,1384 2282,1442 2360,1414 2360,1283 1656,1303 1460,1351 1195,1296 958,1326"/>
                <Baseline points="973,1385 979,1385 1024,1385 1069,1382 1113,1382 1158,1379 1203,1379 1248,1379 1292,1376 1337,1379 1382,1376 1427,1379 1472,1376 1516,1373 1561,1373 1606,1373 1651,1373 1696,1373 1740,1373 1785,1373 1830,1373 1875,1373 1920,1373 1964,1373 2009,1373 2054,1370 2099,1370 2144,1370 2188,1373 2233,1373 2278,1373 2323,1373 2367,1376"/>
                <TextEquiv>
                    <Unicode>daß Sie mir irgendwelche Mühe machen.</Unicode>
                </TextEquiv>
            </TextLine>
            <TextLine id="tr_2_tl_8" custom="readingOrder {index:7;}">
                <Coords points="938,1566 1092,1518 1354,1583 1820,1576 2070,1488 2304,1563 2400,1551 2403,1407 2204,1442 2027,1384 1954,1427 1435,1412 1361,1455 940,1399"/>
                <Baseline points="952,1510 973,1507 1018,1499 1063,1499 1107,1502 1152,1504 1197,1504 1242,1504 1287,1507 1331,1504 1376,1502 1421,1502 1466,1499 1510,1496 1555,1499 1600,1496 1645,1496 1690,1493 1734,1493 1779,1493 1824,1493 1869,1493 1914,1493 1958,1490 2003,1487 2048,1484 2093,1487 2138,1487 2182,1487 2227,1490 2272,1493 2317,1493 2361,1493 2406,1487"/>
                <TextEquiv>
                    <Unicode>Ich bin sehr froh, durch die Tat beweisen zu</Unicode>
                </TextEquiv>
            </TextLine>
            <TextLine id="tr_2_tl_9" custom="readingOrder {index:8;}">
                <Coords points="940,1654 1092,1634 1205,1699 1442,1704 1727,1629 2128,1694 2241,1619 2383,1634 2385,1538 1273,1551 1170,1606 940,1576"/>
                <Baseline points="955,1624 1000,1627 1045,1627 1089,1630 1134,1633 1179,1636 1224,1633 1269,1630 1313,1633 1358,1630 1403,1633 1448,1633 1493,1627 1537,1624 1582,1627 1627,1627 1672,1627 1717,1627 1761,1624 1806,1624 1851,1624 1896,1627 1940,1627 1985,1624 2030,1624 2075,1624 2120,1621 2164,1618 2209,1618 2254,1618 2299,1618 2344,1615 2388,1609"/>
                <TextEquiv>
                    <Unicode>können, daß ich Ihnen einen großen Teil</Unicode>
                </TextEquiv>
            </TextLine>
            <TextLine id="tr_2_tl_10" custom="readingOrder {index:9;}">
                <Coords points="940,1785 1213,1783 1326,1843 1480,1770 1800,1830 2120,1767 2390,1788 2393,1692 1790,1697 1649,1656 1447,1704 943,1692"/>
                <Baseline points="955,1755 967,1752 1012,1752 1057,1752 1101,1752 1146,1752 1191,1755 1236,1755 1281,1758 1325,1758 1370,1758 1415,1758 1460,1755 1504,1755 1549,1752 1594,1752 1639,1752 1684,1752 1728,1749 1773,1752 1818,1755 1863,1755 1908,1755 1952,1755 1997,1749 2042,1749 2087,1746 2132,1746 2176,1746 2221,1746 2266,1746 2311,1746 2356,1746 2400,1746"/>
                <TextEquiv>
                    <Unicode>der Dankesschuld abtreten kann, den meine</Unicode>
                </TextEquiv>
            </TextLine>
            <TextLine id="tr_2_tl_11" custom="readingOrder {index:10;}">
                <Coords points="930,1959 1225,1888 1367,1956 1634,1977 1878,1891 2302,1924 2302,1815 2214,1793 2085,1835 1962,1795 1805,1835 1649,1810 1462,1861 1382,1808 1326,1843 1253,1795 930,1793"/>
                <Baseline points="943,1884 988,1884 1033,1887 1077,1887 1122,1887 1167,1890 1212,1887 1257,1887 1301,1887 1346,1890 1391,1890 1436,1890 1481,1890 1525,1890 1570,1890 1615,1890 1660,1890 1705,1890 1749,1890 1794,1890 1839,1890 1884,1890 1929,1890 1973,1887 2018,1887 2063,1887 2108,1884 2152,1881 2197,1881 2242,1881 2287,1884 2308,1884"/>
                <TextEquiv>
                    <Unicode>Generation Ihnen und Ihrem Werk schuldet.</Unicode>
                </TextEquiv>
            </TextLine>
        </TextRegion>
        <TextRegion id="tr_1" custom="readingOrder {index:1;}">
            <Coords points="650,1971 2681,1971 2681,3446 650,3446"/>
            <TextLine id="tr_1_tl_1" custom="readingOrder {index:0;}">
                <Coords points="1253,2062 1384,2035 1588,2078 1679,2035 2156,2110 2393,2072 2393,1972 2284,1919 1881,2002 1815,1964 1674,1992 1566,1941 1404,1944 1329,1997 1253,1946"/>
                <Baseline points="1266,2042 1281,2039 1325,2036 1370,2033 1415,2036 1460,2039 1504,2036 1549,2036 1594,2033 1639,2033 1684,2033 1728,2033 1773,2030 1818,2030 1863,2030 1908,2030 1952,2030 1997,2030 2042,2030 2087,2030 2132,2027 2176,2027 2221,2027 2266,2030 2311,2027 2356,2024 2400,2021"/>
                <TextEquiv>
                    <Unicode>Dr. Marill wird mich dieser Tage zu</Unicode>
                </TextEquiv>
            </TextLine>
            <TextLine id="tr_1_tl_2" custom="readingOrder {index:1;}">
                <Coords points="930,2171 1215,2221 1641,2206 1805,2146 2120,2209 2327,2186 2307,2072 2035,2110 1964,2062 1790,2113 1651,2040 1334,2100 1162,2027 930,2052"/>
                <Baseline points="943,2146 988,2144 1033,2146 1077,2149 1122,2146 1167,2146 1212,2146 1257,2146 1301,2146 1346,2146 1391,2146 1436,2146 1481,2146 1525,2146 1570,2146 1615,2146 1660,2146 1705,2146 1749,2144 1794,2144 1839,2144 1884,2146 1929,2146 1973,2144 2018,2144 2063,2144 2108,2144 2152,2141 2197,2141 2242,2144 2287,2141 2332,2138"/>
                <TextEquiv>
                    <Unicode>einer Unterredung bitten, in der wir alle</Unicode>
                </TextEquiv>
            </TextLine>
            <TextLine id="tr_1_tl_3" custom="readingOrder {index:2;}">
                <Coords points="935,2309 1397,2347 1914,2269 2062,2330 2408,2307 2393,2176 2123,2211 1868,2148 1611,2234 935,2171"/>
                <Baseline points="949,2272 982,2272 1027,2272 1072,2272 1116,2275 1161,2275 1206,2275 1251,2278 1295,2278 1340,2281 1385,2284 1430,2281 1475,2281 1519,2281 1564,2278 1609,2278 1654,2275 1699,2275 1743,2275 1788,2275 1833,2275 1878,2272 1923,2269 1967,2272 2012,2269 2057,2266 2102,2269 2146,2269 2191,2269 2236,2269 2281,2272 2326,2272 2370,2272 2415,2269"/>
                <TextEquiv>
                    <Unicode>Abrechnungen durchgehen werden. Dann berichte ich</Unicode>
                </TextEquiv>
            </TextLine>
            <TextLine id="tr_1_tl_4" custom="readingOrder {index:3;}">
                <Coords points="930,2466 943,2468 1003,2423 1026,2441 1044,2425 1082,2456 1099,2453 1104,2327 1077,2322 1014,2337 953,2307 935,2307"/>
                <Baseline points="946,2403 973,2403 1018,2400 1063,2400 1107,2397"/>
                <TextEquiv>
                    <Unicode>weiter</Unicode>
                </TextEquiv>
            </TextLine>
            <TextLine id="tr_1_tl_5" custom="readingOrder {index:4;}">
                <Coords points="1198,2579 2171,2509 2365,2567 2463,2511 2463,2436 2317,2443 2199,2393 2146,2430 1941,2423 1863,2378 1714,2425 1485,2378 1198,2400"/>
                <Baseline points="1212,2502 1215,2502 1260,2502 1304,2505 1349,2505 1394,2505 1439,2502 1484,2502 1528,2502 1573,2505 1618,2505 1663,2505 1708,2505 1752,2502 1797,2505 1842,2505 1887,2505 1932,2505 1976,2508 2021,2505 2066,2508 2111,2505 2155,2505 2200,2505 2245,2505 2290,2505 2335,2505 2379,2502 2424,2499 2469,2499"/>
                <TextEquiv>
                    <Unicode>Elsie konnte ich leider nur telefonisch</Unicode>
                </TextEquiv>
            </TextLine>
            <TextLine id="tr_1_tl_6" custom="readingOrder {index:5;}">
                <Coords points="956,2647 1092,2690 1213,2630 2304,2688 2420,2673 2418,2546 2357,2582 2075,2511 1692,2569 1543,2526 1331,2599 953,2574"/>
                <Baseline points="970,2624 994,2624 1039,2624 1083,2624 1128,2624 1173,2627 1218,2630 1263,2627 1307,2624 1352,2624 1397,2621 1442,2621 1487,2624 1531,2624 1576,2624 1621,2627 1666,2630 1711,2630 1755,2630 1800,2627 1845,2630 1890,2630 1934,2630 1979,2630 2024,2633 2069,2630 2114,2633 2158,2630 2203,2633 2248,2633 2293,2630 2338,2624 2382,2621 2427,2615"/>
                <TextEquiv>
                    <Unicode>von Ihnen verabschieden, und sie hofft, daß</Unicode>
                </TextEquiv>
            </TextLine>
            <TextLine id="tr_1_tl_7" custom="readingOrder {index:6;}">
                <Coords points="940,2819 1783,2761 2040,2814 2451,2799 2448,2642 2211,2693 1636,2635 1505,2673 1213,2630 1107,2708 938,2673"/>
                <Baseline points="952,2741 997,2744 1042,2744 1086,2747 1131,2744 1176,2744 1221,2741 1266,2741 1310,2738 1355,2738 1400,2738 1445,2738 1490,2738 1534,2741 1579,2741 1624,2741 1669,2741 1714,2741 1758,2741 1803,2744 1848,2744 1893,2747 1937,2747 1982,2750 2027,2750 2072,2750 2117,2753 2161,2750 2206,2753 2251,2759 2296,2759 2341,2762 2385,2762 2430,2759 2454,2762"/>
                <TextEquiv>
                    <Unicode>Ihnen richtig ausgerichtet worden ist, wie sehr</Unicode>
                </TextEquiv>
            </TextLine>
            <TextLine id="tr_1_tl_8" custom="readingOrder {index:7;}">
                <Coords points="973,2884 1311,2894 1394,2965 1452,2930 1649,2978 2214,2955 2211,2801 2007,2814 1936,2768 1747,2806 1404,2773 973,2854"/>
                <Baseline points="988,2875 1030,2881 1074,2878 1119,2878 1164,2875 1209,2875 1254,2878 1298,2878 1343,2878 1388,2878 1433,2878 1478,2878 1522,2878 1567,2878 1612,2878 1657,2878 1702,2878 1746,2878 1791,2881 1836,2884 1881,2887 1926,2884 1970,2884 2015,2884 2060,2887 2105,2887 2149,2887 2194,2887 2221,2890"/>
                <TextEquiv>
                    <Unicode>Die bedauert hat, durch ihre plötzliche</Unicode>
                </TextEquiv>
            </TextLine>
            <TextLine id="tr_1_tl_9" custom="readingOrder {index:8;}">
                <Coords points="1452,3101 1493,3129 1561,3094 1732,3096 1750,3111 1805,3089 1856,3116 1899,3101 1962,3126 1969,2968 1924,2945 1838,2957 1783,2932 1704,2950 1644,2937 1568,2970 1460,2927"/>
                <Baseline points="1469,3060 1481,3060 1525,3060 1570,3054 1615,3054 1660,3051 1705,3045 1749,3042 1794,3045 1839,3039 1884,3042 1929,3042 1973,3042"/>
                <TextEquiv>
                    <Unicode>Kosnvam</Unicode>
                </TextEquiv>
            </TextLine>
            <TextLine id="tr_1_tl_10" custom="readingOrder {index:9;}">
                <Coords points="2128,3318 2173,3318 2183,3328 2211,3320 2229,3328 2284,3320 2284,3162 2251,3164 2226,3141 2201,3152 2183,3139 2128,3159"/>
                <Baseline points="2141,3311 2185,3311 2230,3311 2275,3311 2290,3314"/>
                <TextEquiv>
                    <Unicode>V.</Unicode>
                </TextEquiv>
            </TextLine>
            <TextLine id="tr_1_tl_11" custom="readingOrder {index:10;}">
                <Coords points="726,3351 2678,3386 2678,3323 2511,3290 726,3295"/>
                <Baseline points="740,3344 785,3344 830,3347 874,3347 919,3347 964,3344 1009,3347 1054,3350 1098,3350 1143,3350 1188,3353 1233,3353 1278,3353 1322,3350 1367,3353 1412,3353 1457,3353 1502,3356 1546,3359 1591,3359 1636,3356 1681,3359 1725,3359 1770,3362 1815,3359 1860,3359 1905,3359 1949,3362 1994,3362 2039,3359 2084,3362 2129,3365 2173,3365 2218,3365 2263,3365 2308,3365 2353,3365 2397,3368 2412,3368 2424,3368 2469,3368 2514,3371 2559,3374 2603,3374 2648,3374 2681,3368"/>
                <TextEquiv>
                    <Unicode>xyz werden/ ou Sie sich nun zur à Conto-</Unicode>
                </TextEquiv>
            </TextLine>
            <TextLine id="tr_1_tl_12" custom="readingOrder {index:11;}">
                <Coords points="638,3424 1684,3419 2660,3512 2657,3396 2584,3378 635,3356"/>
                <Baseline points="650,3395 695,3395 740,3398 785,3398 830,3401 874,3404 919,3404 964,3404 1009,3401 1054,3404 1098,3404 1143,3401 1188,3401 1233,3401 1278,3404 1322,3404 1367,3407 1412,3407 1457,3410 1502,3410 1546,3413 1591,3416 1636,3413 1681,3416 1725,3419 1770,3419 1815,3419 1860,3422 1905,3422 1949,3422 1994,3422 2039,3422 2084,3422 2129,3422 2173,3425 2218,3425 2263,3425 2308,3425 2353,3428 2391,3428 2406,3428 2451,3428 2496,3431 2541,3434 2585,3434 2630,3434 2666,3436"/>
                <TextEquiv>
                    <Unicode>Zahlung in Buchmark verstehen sollen, die an Exemplaren gemessen</Unicode>
                </TextEquiv>
            </TextLine>
        </TextRegion>
    </Page>
</PcGts>
