3245 4119
1362 160 1552 292 t 25
919 239 2394 385 S. FISCHER / VerLAG
1667 300 2682 484 D Berlin & Rastichakanten Rantin 1620
1874 787 1956 867 in/
1103 779 2947 941 Mit Rücksicht darauf, dass Prag des ein und dasselb atück,
798 924 3010 1073 sowohl von dem Deutschen als auch von Böhmischen Landestheater gesetzt
809 1021 2892 1169 werden kann, und demnach aus Prag für ein und dasselbe Stück zwei-
952 1092 2658 1219 erreichbar sind, wurde stets ein biliger Tantiemensatz
806 1123 2985 1260 fache Tantiemen beanspruchen und im übrigen muss ich hinzufügen, dass
817 1222 2903 1387 dieser Vertrag längst keine Geltung mehr hat, weil ja zwischen der
823 1329 2908 1521 jetzigen Direktion un der Direkton Angelo Neumann, die Direkttion
820 1464 1510 1615 Heinrich Teveles lag.
1175 1516 2823 1665 Verträge, die mit Direkt/or Neumann und. mit Direktor
861 1640 3040 1799 Teveles abgeschlossen wurden, erstrecken sich nicht auf die Direktion
831 1788 1356 1934 Direktor Kramer.
