3174 3993
1754 383 2140 552 Tschin
798 372 1701 563 milie &c geheQ
682 609 1932 736 1 gaulisfdsiosd2
647 728 2509 914 merken, dass der Vertrieb der uns überlassenen Werke in
641 887 2474 1000 Italien im breitesten Ausmasse vorgenommen werden soll
1671 965 2390 1116 ser Vertreter freie H.
649 959 1563 1102 und schon aus diesem Grunde
644 1078 1102 1248 haben musste.
1172 1156 2482 1348 Es bestünde evtl. auch die Möglichkeit
652 1267 2606 1426 Ihren Roman "ller Weg ins Freie" in italienischer Sprache
649 1385 2668 1523 herauszubringen. Wir haben wiesbezüglich bereits einen Vor-
660 1496 2566 1663 schlag, der uns aber zunächst noch unannehmbar erscheint.
660 1614 2563 1787 Wir fragen ergebenst an, ob Sie jedoch mit folgenden Be-
660 1725 2482 1846 dingungen einverstanden wären: 1500 Lire pränumerando
655 1811 2523 1989 zahlbar für die ersten 5000 Exemplare, 1000 Lire für xxx
660 1935 2746 2151 jedes der folgenden 5000 Exemplare, 500 Lire vom 25. Tausend,
655 2091 1191 2188 ab für ja 5000.
1226 2116 2587 2277 Wir würden uns Mühe geben im Falle Ihres
655 2253 2819 2423 Einverständnisses diese Summen zu erreichen. Für eine tunlichst
690 2366 2590 2501 umgehende Beantwortung dieses Schreibens wären wir Ihnen
666 2487 1016 2622 verbunden.
526 3423 1148 3560 vraisî rt:n oa.M j'il, ua rien nxulle
531 3431 1568 3654 Durchl. xxx
315 3617 604 3811 R.M. 10000. 2.20.
1590 2549 2549 2711 Mit vorzüglicher Hochachtung
1825 2695 2401 2795 S. FISCHER, VerlaG
1830 2781 2407 2908 THEATERABTEII UNG
1984 2859 2355 3000 I am
2328 2981 2482 3140 V.
2312 3118 2458 3215 Wien.
1674 3417 2547 3547 wir wir aufzukom̄en xxx
1666 3533 2655 3646 t.ab îiu namdai of.wdnd nulodis me nicht abaibischlin»
