<?xml version="1.0" encoding="UTF-8" standalone="yes"?>
<PcGts xmlns="http://schema.primaresearch.org/PAGE/gts/pagecontent/2013-07-15" xmlns:xsi="http://www.w3.org/2001/XMLSchema-instance" xsi:schemaLocation="http://schema.primaresearch.org/PAGE/gts/pagecontent/2013-07-15 http://schema.primaresearch.org/PAGE/gts/pagecontent/2013-07-15/pagecontent.xsd">
    <Metadata>
        <Creator>prov=READ-COOP:name=TrHtr:version=2.1.0:model_id=51170:date=27_07_2023_22:30</Creator>
        <Created>2023-05-02T08:11:04.134+02:00</Created>
        <LastChange>2023-07-27T22:30:18.428+02:00</LastChange>
        <TranskribusMetadata docId="1416743" pageId="54954079" pageNr="266" tsid="131305914" status="IN_PROGRESS" userId="64420" imgUrl="https://files.transkribus.eu/Get?id=THGTUKGGDEHRJJOGFTIRMPZJ&amp;fileType=view" xmlUrl="https://files.transkribus.eu/Get?id=PIXXNJUQGPYCLYIYJDIVOSFW" imageId="44457804"/>
    </Metadata>
    <Page imageFilename="1416743_0266.jpg" imageWidth="3125" imageHeight="4055">
        <ReadingOrder>
            <OrderedGroup id="ro_1711826310611" caption="Regions reading order">
                <RegionRefIndexed index="0" regionRef="tr_1"/>
            </OrderedGroup>
        </ReadingOrder>
        <TextRegion id="tr_1" custom="readingOrder {index:0;}">
            <Coords points="668,941 3015,941 3015,3130 668,3130"/>
            <TextLine id="tr_1_tl_1" custom="readingOrder {index:0;}">
                <Coords points="910,1076 1786,1015 1914,1058 1922,930 1804,897 1730,938 1386,876 1294,925 922,905"/>
                <Baseline points="925,1066 937,1066 982,1054 1027,1051 1071,1048 1116,1048 1161,1045 1206,1042 1251,1039 1295,1033 1340,1033 1385,1030 1430,1027 1475,1021 1519,1021 1564,1015 1609,1015 1654,1009 1699,1009 1743,1006 1788,1000 1833,1000 1878,994 1922,991"/>
                <TextEquiv>
                    <Unicode>für bedeutenden Herstellungskosten</Unicode>
                </TextEquiv>
            </TextLine>
            <TextLine id="tr_1_tl_2" custom="readingOrder {index:1;}">
                <Coords points="664,1204 766,1245 943,1163 1809,1138 1904,1107 1909,1058 1686,1015 1584,1066 1535,1028 1425,1079 1215,1043 1012,1107 671,1099"/>
                <Baseline points="680,1176 704,1173 749,1173 794,1170 839,1164 883,1161 928,1161 973,1158 1018,1155 1063,1152 1107,1149 1152,1146 1197,1143 1242,1140 1286,1137 1331,1134 1376,1128 1421,1125 1466,1122 1510,1122 1555,1116 1600,1113 1645,1113 1690,1110 1734,1107 1779,1104 1824,1098 1869,1095 1914,1092"/>
                <TextEquiv>
                    <Unicode>Ausgabe hinaus durch Vorauszahlung hohe</Unicode>
                </TextEquiv>
            </TextLine>
            <TextLine id="tr_1_tl_3" custom="readingOrder {index:2;}">
                <Coords points="756,1281 1412,1235 1517,1284 1771,1212 1996,1225 2004,1110 943,1163 856,1204 761,1179"/>
                <Baseline points="770,1272 797,1272 842,1269 886,1266 931,1263 976,1260 1021,1257 1066,1254 1110,1251 1155,1248 1200,1245 1245,1242 1289,1242 1334,1239 1379,1236 1424,1233 1469,1230 1513,1227 1558,1224 1603,1218 1648,1215 1693,1212 1737,1212 1782,1206 1827,1203 1872,1197 1917,1194 1961,1191 2006,1185"/>
                <TextEquiv>
                    <Unicode>insbesondere auch zu bedenken, dass du</Unicode>
                </TextEquiv>
            </TextLine>
            <TextLine id="tr_1_tl_4" custom="readingOrder {index:3;}">
                <Coords points="648,1425 907,1417 1079,1356 1353,1374 1894,1304 1950,1335 1986,1217 1766,1215 1581,1286 1409,1235 656,1315"/>
                <Baseline points="668,1382 689,1379 734,1376 779,1370 824,1370 868,1367 913,1364 958,1364 1003,1361 1048,1358 1092,1355 1137,1352 1182,1349 1227,1349 1272,1343 1316,1340 1361,1337 1406,1334 1451,1328 1495,1325 1540,1325 1585,1319 1630,1316 1675,1313 1719,1310 1764,1307 1809,1304 1854,1301 1899,1295 1943,1292 1988,1289"/>
                <TextEquiv>
                    <Unicode>Gesamtausgabe die öffentliche Aufmerksamke</Unicode>
                </TextEquiv>
            </TextLine>
            <TextLine id="tr_1_tl_5" custom="readingOrder {index:4;}">
                <Coords points="2888,1343 2908,1343 2916,1353 2926,1348 3001,1379 3024,1192 2996,1189 2970,1168 2939,1189 2921,1171 2908,1171"/>
                <Baseline points="2902,1334 2926,1331 2971,1328 3015,1319"/>
                <TextEquiv>
                    <Unicode>zel.</Unicode>
                </TextEquiv>
            </TextLine>
            <TextLine id="tr_1_tl_6" custom="readingOrder {index:5;}">
                <Coords points="653,1512 1986,1420 1991,1345 1894,1304 1522,1325 1335,1384 1086,1356 897,1435 661,1417"/>
                <Baseline points="671,1484 695,1481 740,1478 785,1478 830,1475 874,1472 919,1469 964,1466 1009,1463 1054,1460 1098,1457 1143,1454 1188,1451 1233,1448 1278,1445 1322,1442 1367,1439 1412,1436 1457,1433 1501,1430 1546,1427 1591,1424 1636,1421 1681,1418 1725,1415 1770,1412 1815,1406 1860,1403 1905,1403 1949,1403 1994,1397"/>
                <TextEquiv>
                    <Unicode>Ihren Namen und Ihre Werke gelenkt würde,</Unicode>
                </TextEquiv>
            </TextLine>
            <TextLine id="tr_1_tl_7" custom="readingOrder {index:6;}">
                <Coords points="656,1604 2096,1527 2101,1456 1148,1453 917,1535 659,1540"/>
                <Baseline points="671,1594 716,1582 761,1579 806,1576 851,1573 895,1573 940,1570 985,1567 1030,1567 1074,1561 1119,1561 1164,1555 1209,1552 1254,1549 1298,1546 1343,1543 1388,1543 1433,1537 1478,1534 1522,1531 1567,1528 1612,1525 1657,1519 1702,1516 1746,1513 1791,1510 1836,1507 1881,1504 1925,1501 1970,1498 2015,1498 2060,1493 2105,1490"/>
                <TextEquiv>
                    <Unicode>Uebersetzungen dann sogleich bedeutend zunehm</Unicode>
                </TextEquiv>
            </TextLine>
            <TextLine id="tr_1_tl_8" custom="readingOrder {index:7;}">
                <Coords points="2129,1604 2142,1604 2191,1625 2204,1614 2219,1617 2227,1489 2204,1486 2178,1507 2160,1494 2147,1504 2135,1504"/>
                <Baseline points="2143,1591 2182,1585 2227,1585"/>
                <TextEquiv>
                    <Unicode>ko</Unicode>
                </TextEquiv>
            </TextLine>
            <TextLine id="tr_1_tl_9" custom="readingOrder {index:8;}">
                <Coords points="661,1704 2055,1630 2063,1514 1912,1573 1730,1525 669,1604"/>
                <Baseline points="674,1687 719,1684 764,1684 809,1681 853,1678 898,1675 943,1672 988,1669 1033,1666 1077,1663 1122,1660 1167,1657 1212,1654 1257,1648 1301,1648 1346,1645 1391,1642 1436,1639 1481,1636 1525,1633 1570,1630 1615,1627 1660,1621 1705,1621 1749,1618 1794,1615 1839,1612 1884,1609 1928,1606 1973,1603 2018,1597 2063,1591"/>
                <TextEquiv>
                    <Unicode>wie ja ohne weiteres einzusehen ist, das Ri</Unicode>
                </TextEquiv>
            </TextLine>
            <TextLine id="tr_1_tl_10" custom="readingOrder {index:9;}">
                <Coords points="653,1807 2099,1735 2250,1709 2258,1617 659,1704"/>
                <Baseline points="668,1788 692,1788 737,1785 782,1785 827,1782 871,1776 916,1776 961,1773 1006,1770 1051,1764 1095,1761 1140,1758 1185,1758 1230,1755 1275,1755 1319,1749 1364,1746 1409,1743 1454,1740 1498,1734 1543,1734 1588,1731 1633,1725 1678,1722 1722,1719 1767,1716 1812,1713 1857,1710 1902,1710 1946,1707 1991,1705 2036,1699 2081,1699 2126,1696 2170,1690 2215,1687 2260,1684"/>
                <TextEquiv>
                    <Unicode>dadurch neuerlich enorm vermehrt wird. Die 1 000</Unicode>
                </TextEquiv>
            </TextLine>
            <TextLine id="tr_1_tl_11" custom="readingOrder {index:10;}">
                <Coords points="2832,1809 2844,1812 2867,1796 2875,1804 2885,1801 2906,1824 2919,1824 2939,1676 2924,1671 2901,1650 2875,1668 2852,1660"/>
                <Baseline points="2854,1749 2893,1743 2938,1737"/>
                <TextEquiv>
                    <Unicode>ri</Unicode>
                </TextEquiv>
            </TextLine>
            <TextLine id="tr_1_tl_12" custom="readingOrder {index:11;}">
                <Coords points="656,1963 899,1883 2296,1812 2301,1727 1563,1735 1007,1837 917,1781 669,1804"/>
                <Baseline points="674,1905 692,1902 737,1896 782,1890 827,1884 871,1881 916,1878 961,1875 1006,1875 1051,1872 1095,1869 1140,1863 1185,1863 1230,1860 1275,1857 1319,1854 1364,1851 1409,1845 1454,1842 1498,1839 1543,1836 1588,1833 1633,1830 1678,1827 1722,1824 1767,1821 1812,1818 1857,1812 1902,1809 1946,1809 1991,1806 2036,1806 2081,1800 2126,1797 2170,1794 2215,1791 2260,1785 2305,1785"/>
                <TextEquiv>
                    <Unicode>so zu sagen als ein Zeichen guten Willens betracht</Unicode>
                </TextEquiv>
            </TextLine>
            <TextLine id="tr_1_tl_13" custom="readingOrder {index:12;}">
                <Coords points="1012,1830 1028,1827 1038,1830 1043,1824 1066,1824 1074,1835 1086,1822 1099,1822 1099,1778 1081,1778 1079,1781 1074,1778 1069,1784 1056,1773 1053,1776 1043,1771 1038,1776 1030,1773 1025,1778 1012,1778"/>
                <Baseline points="1027,1821 1060,1818 1104,1818"/>
                <TextEquiv>
                    <Unicode>nun</Unicode>
                </TextEquiv>
            </TextLine>
            <TextLine id="tr_1_tl_14" custom="readingOrder {index:13;}">
                <Coords points="2798,1868 2811,1868 2816,1863 2832,1868 2842,1863 2855,1866 2862,1860 2873,1871 2893,1871 2893,1804 2875,1804 2865,1796 2847,1809 2839,1807 2811,1822 2798,1822"/>
                <Baseline points="2812,1851 2857,1851 2899,1851"/>
                <TextEquiv>
                    <Unicode>sen</Unicode>
                </TextEquiv>
            </TextLine>
            <TextLine id="tr_1_tl_15" custom="readingOrder {index:14;}">
                <Coords points="671,2009 812,2055 1120,1971 2647,1912 2680,1794 1571,1840 1063,1940 866,1889 674,1955"/>
                <Baseline points="686,1997 716,1994 761,1991 806,1988 851,1985 895,1982 940,1979 985,1976 1030,1973 1074,1973 1119,1967 1164,1967 1209,1964 1254,1961 1298,1958 1343,1952 1388,1949 1433,1946 1478,1940 1522,1940 1567,1937 1612,1934 1657,1931 1702,1928 1746,1925 1791,1920 1836,1917 1881,1917 1925,1914 1970,1908 2015,1905 2060,1905 2105,1902 2149,1899 2194,1896 2239,1893 2284,1890 2329,1887 2373,1884 2418,1881 2463,1878 2508,1875 2553,1872 2579,1869 2594,1869 2639,1863 2684,1863"/>
                <TextEquiv>
                    <Unicode>gen möchten wir, um Missverständnisse zu vermeiden, darauf hi</Unicode>
                </TextEquiv>
            </TextLine>
            <TextLine id="tr_1_tl_16" custom="readingOrder {index:15;}">
                <Coords points="2744,1991 2765,1986 2796,2004 2806,1996 2819,2012 2834,2001 2870,2022 2919,2032 2921,2040 2947,2032 2960,1891 2939,1896 2901,1873 2888,1881 2862,1860 2844,1860 2834,1871 2819,1860 2801,1868 2757,1860"/>
                <Baseline points="2762,1961 2782,1961 2827,1955 2872,1952 2917,1946 2962,1943"/>
                <TextEquiv>
                    <Unicode>ttetel.</Unicode>
                </TextEquiv>
            </TextLine>
            <TextLine id="tr_1_tl_17" custom="readingOrder {index:16;}">
                <Coords points="676,2109 2539,2001 2611,1891 1012,1981 812,2055 684,2012"/>
                <Baseline points="692,2099 731,2093 776,2090 821,2087 865,2084 910,2084 955,2081 1000,2078 1045,2075 1089,2072 1134,2072 1179,2069 1224,2066 1269,2063 1313,2060 1358,2057 1403,2051 1448,2048 1493,2045 1537,2042 1582,2039 1627,2036 1672,2030 1716,2027 1761,2024 1806,2024 1851,2021 1896,2018 1940,2018 1985,2012 2030,2009 2075,2006 2120,2003 2164,2000 2209,1997 2254,1994 2299,1991 2344,1988 2388,1985 2433,1982 2478,1979 2523,1973 2567,1970 2612,1970"/>
                <TextEquiv>
                    <Unicode>dass die von uns angestreiten 10 - 15 % Tantiene vom verkauf</Unicode>
                </TextEquiv>
            </TextLine>
            <TextLine id="tr_1_tl_18" custom="readingOrder {index:17;}">
                <Coords points="689,2227 2744,2096 2752,1983 697,2106"/>
                <Baseline points="704,2203 737,2197 782,2191 827,2191 871,2188 916,2185 961,2185 1006,2182 1051,2179 1095,2173 1140,2170 1185,2170 1230,2164 1275,2164 1319,2161 1364,2155 1409,2152 1454,2152 1498,2146 1543,2143 1588,2140 1633,2137 1678,2134 1722,2134 1767,2132 1812,2129 1857,2123 1902,2123 1946,2120 1991,2117 2036,2111 2081,2108 2126,2105 2170,2102 2215,2099 2260,2096 2305,2096 2349,2090 2394,2090 2439,2084 2484,2078 2529,2078 2573,2075 2618,2069 2663,2069 2708,2066 2753,2063"/>
                <TextEquiv>
                    <Unicode>Exemplar gerechnet werden müssen, dass also eine Vorausbezahlu</Unicode>
                </TextEquiv>
            </TextLine>
            <TextLine id="tr_1_tl_19" custom="readingOrder {index:18;}">
                <Coords points="2801,2188 2814,2188 2852,2214 2860,2211 2875,2219 2903,2201 2934,2206 2939,2091 2903,2088 2880,2101 2862,2091 2844,2104 2829,2088 2819,2099 2806,2099"/>
                <Baseline points="2818,2158 2854,2158 2899,2155 2944,2152"/>
                <TextEquiv>
                    <Unicode>swert</Unicode>
                </TextEquiv>
            </TextLine>
            <TextLine id="tr_1_tl_20" custom="readingOrder {index:19;}">
                <Coords points="682,2347 2091,2217 2388,2255 2396,2132 1671,2140 1414,2227 1309,2176 689,2224"/>
                <Baseline points="698,2311 743,2305 788,2299 833,2293 877,2290 922,2287 967,2287 1012,2281 1057,2281 1101,2278 1146,2275 1191,2272 1236,2269 1280,2266 1325,2263 1370,2257 1415,2254 1460,2251 1504,2248 1549,2248 1594,2245 1639,2242 1684,2239 1728,2236 1773,2233 1818,2230 1863,2227 1908,2224 1952,2221 1997,2218 2042,2215 2087,2212 2132,2209 2176,2206 2221,2200 2266,2197 2311,2194 2355,2191 2400,2188"/>
                <TextEquiv>
                    <Unicode>ganzer Auflagen nicht stattfinden würde. Gewiss wäre</Unicode>
                </TextEquiv>
            </TextLine>
            <TextLine id="tr_1_tl_21" custom="readingOrder {index:20;}">
                <Coords points="689,2414 2327,2332 2375,2258 2094,2219 1732,2304 1648,2258 694,2337"/>
                <Baseline points="707,2403 722,2400 767,2400 812,2397 856,2394 901,2388 946,2388 991,2385 1036,2382 1080,2379 1125,2376 1170,2373 1215,2373 1260,2367 1304,2364 1349,2361 1394,2358 1439,2355 1484,2355 1528,2349 1573,2347 1618,2344 1663,2341 1707,2338 1752,2335 1797,2332 1842,2329 1887,2326 1931,2326 1976,2320 2021,2317 2066,2314 2111,2311 2155,2308 2200,2305 2245,2302 2290,2296 2335,2293 2379,2296"/>
                <TextEquiv>
                    <Unicode>auch dies durchzusetzen und wir wollen unsere Bemüh</Unicode>
                </TextEquiv>
            </TextLine>
            <TextLine id="tr_1_tl_22" custom="readingOrder {index:21;}">
                <Coords points="705,2516 966,2560 1143,2480 1963,2457 2222,2427 2227,2352 2078,2314 1496,2355 1189,2452 964,2393 710,2419"/>
                <Baseline points="719,2505 749,2505 794,2502 839,2499 883,2496 928,2496 973,2493 1018,2487 1063,2484 1107,2481 1152,2478 1197,2478 1242,2472 1286,2469 1331,2466 1376,2463 1421,2460 1466,2457 1510,2454 1555,2451 1600,2448 1645,2445 1690,2442 1734,2439 1779,2436 1824,2433 1869,2430 1914,2427 1958,2427 2003,2424 2048,2418 2093,2415 2137,2412 2182,2409 2227,2403"/>
                <TextEquiv>
                    <Unicode>lenken, müssen aber, nach dem sehr eingehenden</Unicode>
                </TextEquiv>
            </TextLine>
            <TextLine id="tr_1_tl_23" custom="readingOrder {index:22;}">
                <Coords points="710,2627 2027,2550 2032,2445 1440,2463 1284,2539 1058,2506 835,2562 718,2522"/>
                <Baseline points="725,2609 734,2606 779,2603 824,2600 868,2600 913,2597 958,2594 1003,2588 1048,2588 1092,2585 1137,2582 1182,2579 1227,2576 1272,2576 1316,2570 1361,2567 1406,2564 1451,2561 1495,2559 1540,2556 1585,2553 1630,2550 1675,2547 1719,2547 1764,2547 1809,2541 1854,2535 1899,2532 1943,2529 1988,2526 2033,2526"/>
                <TextEquiv>
                    <Unicode>über diese Sache gewonnen haben, zugeben</Unicode>
                </TextEquiv>
            </TextLine>
            <TextLine id="tr_1_tl_24" custom="readingOrder {index:23;}">
                <Coords points="718,2724 1625,2678 1817,2644 1822,2586 1363,2570 1156,2650 723,2675"/>
                <Baseline points="734,2711 752,2711 797,2708 842,2705 886,2702 931,2696 976,2696 1021,2693 1066,2693 1110,2690 1155,2687 1200,2684 1245,2681 1289,2675 1334,2672 1379,2669 1424,2666 1469,2663 1513,2657 1558,2654 1603,2651 1648,2648 1693,2648 1737,2645 1782,2642 1827,2636"/>
                <TextEquiv>
                    <Unicode>sein wird. Es ist selbstverständli</Unicode>
                </TextEquiv>
            </TextLine>
            <TextLine id="tr_1_tl_25" custom="readingOrder {index:24;}">
                <Coords points="725,2821 912,2814 979,2850 1117,2793 1707,2775 1742,2760 1750,2675 1666,2714 1550,2657 1297,2744 1089,2691 733,2719"/>
                <Baseline points="740,2818 767,2815 812,2809 856,2806 901,2803 946,2800 991,2800 1036,2797 1080,2794 1125,2791 1170,2785 1215,2785 1260,2779 1304,2776 1349,2774 1394,2774 1439,2765 1484,2765 1528,2759 1573,2759 1618,2756 1663,2753 1707,2750 1752,2747"/>
                <TextEquiv>
                    <Unicode>ganzen Angelegenheit, die einze</Unicode>
                </TextEquiv>
            </TextLine>
            <TextLine id="tr_1_tl_26" custom="readingOrder {index:25;}">
                <Coords points="733,2919 835,2942 902,2911 951,2932 1486,2875 1643,2919 1655,2765 1315,2788 1138,2852 1048,2811 979,2850 869,2816 738,2847"/>
                <Baseline points="746,2917 758,2914 803,2911 848,2908 892,2905 937,2902 982,2899 1027,2896 1071,2893 1116,2893 1161,2890 1206,2887 1251,2884 1295,2878 1340,2875 1385,2872 1430,2869 1475,2866 1519,2863 1564,2860 1609,2857 1654,2851"/>
                <TextEquiv>
                    <Unicode>führten Punkte genaue Beacht</Unicode>
                </TextEquiv>
            </TextLine>
            <TextLine id="tr_1_tl_27" custom="readingOrder {index:26;}">
                <Coords points="1427,2998 1440,3001 1456,2990 1481,2988 1496,3001 1512,2990 1520,2993 1548,2972 1584,2975 1589,2893 1555,2890 1548,2883 1540,2890 1509,2880 1499,2885 1486,2875 1458,2890 1435,2885"/>
                <Baseline points="1445,2974 1457,2974 1501,2968 1546,2968 1591,2965"/>
                <TextEquiv>
                    <Unicode>ganze</Unicode>
                </TextEquiv>
            </TextLine>
            <TextLine id="tr_1_tl_28" custom="readingOrder {index:27;}">
                <Coords points="1174,2993 1197,2996 1202,3001 1220,2990 1230,3001 1243,2998 1256,2988 1263,2996 1279,2993 1281,2947 1268,2947 1248,2929 1238,2937 1235,2934 1225,2937 1217,2929 1212,2932 1204,2926 1189,2934 1176,2932"/>
                <Baseline points="1188,2986 1197,2986 1242,2983 1286,2980"/>
                <TextEquiv>
                    <Unicode>von</Unicode>
                </TextEquiv>
            </TextLine>
            <TextLine id="tr_1_tl_29" custom="readingOrder {index:28;}">
                <Coords points="764,3044 782,3039 815,3057 830,3042 864,3060 912,3037 958,3070 1081,3054 1097,2916 1030,2901 969,2929 889,2914 851,2929 838,2919 817,2937 776,2919"/>
                <Baseline points="780,3020 827,3015 871,3009 898,3006 916,3006 958,3003 1003,2994 1048,2994 1092,2991"/>
                <TextEquiv>
                    <Unicode>Hans Bartse</Unicode>
                </TextEquiv>
            </TextLine>
            <TextLine id="tr_1_tl_30" custom="readingOrder {index:29;}">
                <Coords points="738,3147 751,3149 766,3139 787,3142 802,3126 817,3129 828,3121 846,3139 864,3142 869,3080 851,3072 838,3078 833,3070 820,3078 792,3065 776,3065 758,3078 743,3075"/>
                <Baseline points="755,3120 782,3114 827,3111 871,3108"/>
                <TextEquiv>
                    <Unicode>dave</Unicode>
                </TextEquiv>
            </TextLine>
        </TextRegion>
    </Page>
</PcGts>
