<?xml version="1.0" encoding="UTF-8" standalone="yes"?>
<PcGts xmlns="http://schema.primaresearch.org/PAGE/gts/pagecontent/2013-07-15" xmlns:xsi="http://www.w3.org/2001/XMLSchema-instance" xsi:schemaLocation="http://schema.primaresearch.org/PAGE/gts/pagecontent/2013-07-15 http://schema.primaresearch.org/PAGE/gts/pagecontent/2013-07-15/pagecontent.xsd">
    <Metadata>
        <Creator>prov=READ-COOP:name=TrHtr:version=2.1.0:model_id=51170:date=27_07_2023_22:36</Creator>
        <Created>2023-05-02T08:12:56.782+02:00</Created>
        <LastChange>2023-07-27T22:36:09.539+02:00</LastChange>
        <TranskribusMetadata docId="1416743" pageId="54955857" pageNr="1099" tsid="131306810" status="IN_PROGRESS" userId="64420" imgUrl="https://files.transkribus.eu/Get?id=OFYVRQHVTNHBLNGWVWNJYXDW&amp;fileType=view" xmlUrl="https://files.transkribus.eu/Get?id=OUZYIIZFNJOTOWFPNJNLUZKU" imageId="44459582"/>
    </Metadata>
    <Page imageFilename="1416743_1099.jpg" imageWidth="3070" imageHeight="4183">
        <ReadingOrder>
            <OrderedGroup id="ro_1711826954496" caption="Regions reading order">
                <RegionRefIndexed index="0" regionRef="tr_1"/>
            </OrderedGroup>
        </ReadingOrder>
        <TextRegion id="tr_1" custom="readingOrder {index:0;}">
            <Coords points="366,490 2840,490 2840,3766 366,3766"/>
            <TextLine id="tr_1_tl_1" custom="readingOrder {index:0;}">
                <Coords points="891,579 1239,547 2229,591 2385,571 2385,458 1836,500 1717,443 1586,482 1237,433 994,497 891,460"/>
                <Baseline points="904,540 948,540 993,543 1038,543 1083,545 1127,545 1172,545 1217,545 1262,545 1306,543 1351,545 1396,545 1441,545 1485,545 1530,545 1575,545 1620,543 1664,545 1709,545 1754,545 1799,545 1843,545 1888,545 1933,545 1978,548 2022,548 2067,548 2112,548 2157,551 2201,551 2246,551 2291,551 2336,551 2380,554 2392,551"/>
                <TextEquiv>
                    <Unicode>S. Fischer Verlag / Berlin W57 Bülowstratze 90</Unicode>
                </TextEquiv>
            </TextLine>
            <TextLine id="tr_1_tl_2" custom="readingOrder {index:1;}">
                <Coords points="1304,678 1487,651 1566,668 1618,651 1690,680 1801,658 1969,670 1969,571 1937,559 1878,581 1818,554 1304,566"/>
                <Baseline points="1318,602 1363,602 1408,605 1453,605 1497,605 1542,602 1587,602 1632,605 1676,605 1721,605 1766,605 1811,605 1855,605 1900,608 1945,608 1972,608"/>
                <TextEquiv>
                    <Unicode>AKTIENSESELESCHAFT</Unicode>
                </TextEquiv>
            </TextLine>
            <TextLine id="tr_1_tl_3" custom="readingOrder {index:2;}">
                <Coords points="643,740 2627,727 2627,678 2254,660 643,673"/>
                <Baseline points="656,698 701,701 745,704 790,704 835,704 880,704 924,704 969,704 1014,707 1059,707 1103,707 1148,707 1193,707 1238,707 1282,710 1327,710 1372,710 1417,710 1461,710 1506,713 1551,713 1596,713 1640,713 1685,713 1730,713 1775,713 1819,713 1864,713 1909,713 1954,716 1999,716 2043,716 2088,719 2133,719 2178,719 2222,719 2267,719 2312,719 2357,719 2401,719 2446,719 2491,719 2536,719 2580,719 2625,719 2634,719"/>
                <TextEquiv>
                    <Unicode>Bankkonto: Deutsche Bank, Depositenkasse P in Berlin / Postscheckkonto Berlin Nr. 16692</Unicode>
                </TextEquiv>
            </TextLine>
            <TextLine id="tr_1_tl_4" custom="readingOrder {index:3;}">
                <Coords points="1066,774 2194,787 2194,725 1066,732"/>
                <Baseline points="1080,760 1124,760 1169,763 1214,763 1259,763 1303,763 1348,763 1393,763 1438,763 1482,763 1527,766 1572,766 1617,766 1661,766 1706,766 1751,769 1796,769 1840,769 1885,766 1930,769 1975,769 2019,769 2064,769 2109,772 2154,772 2198,772 2201,772"/>
                <TextEquiv>
                    <Unicode>Fernsprechanschlüsse: Amt Lützow Nr. 6162 bis 6164</Unicode>
                </TextEquiv>
            </TextLine>
            <TextLine id="tr_1_tl_5" custom="readingOrder {index:4;}">
                <Coords points="1076,848 1388,898 1507,821 1836,871 1907,848 1977,891 2189,841 2189,784 1074,784"/>
                <Baseline points="1089,814 1133,820 1178,823 1223,823 1268,820 1312,820 1357,820 1402,820 1447,820 1491,820 1536,823 1581,823 1626,823 1670,823 1715,823 1760,826 1805,826 1849,826 1894,826 1939,826 1984,826 2028,826 2073,826 2118,826 2163,826 2195,829"/>
                <TextEquiv>
                    <Unicode>Telegramm-Adresse: Fischerverlag 6162 Berlinlützow</Unicode>
                </TextEquiv>
            </TextLine>
            <TextLine id="tr_1_tl_6" custom="readingOrder {index:5;}">
                <Coords points="554,1106 579,1101 596,1081 616,1079 626,1069 653,1084 660,1074 673,1074 663,930 641,935 613,930 599,938 586,933 562,950 542,952"/>
                <Baseline points="560,1023 605,1023 650,1029 674,1029"/>
                <TextEquiv>
                    <Unicode>Si.</Unicode>
                </TextEquiv>
            </TextLine>
            <TextLine id="tr_1_tl_7" custom="readingOrder {index:6;}">
                <Coords points="2241,1081 2278,1084 2328,1054 2392,1081 2489,1049 2531,1056 2580,1096 2639,1084 2639,977 2607,994 2543,977 2518,997 2476,980 2360,985 2323,960 2286,982 2241,975"/>
                <Baseline points="2255,1035 2300,1035 2345,1035 2389,1038 2434,1038 2479,1038 2524,1038 2568,1038 2613,1035 2646,1038"/>
                <TextEquiv>
                    <Unicode>16. Mai 29</Unicode>
                </TextEquiv>
            </TextLine>
            <TextLine id="tr_1_tl_8" custom="readingOrder {index:7;}">
                <Coords points="997,1316 1138,1254 1546,1232 1789,1296 1962,1254 2236,1284 2236,1192 1865,1163 1774,1192 1707,1158 1581,1202 1373,1140 1175,1202 994,1155"/>
                <Baseline points="1011,1235 1056,1232 1100,1232 1145,1235 1190,1235 1235,1232 1279,1235 1324,1238 1369,1235 1414,1235 1458,1235 1503,1238 1548,1238 1593,1238 1637,1238 1682,1238 1727,1241 1772,1241 1817,1241 1861,1244 1906,1244 1951,1241 1996,1241 2040,1241 2085,1241 2130,1244 2175,1241 2219,1244 2243,1244"/>
                <TextEquiv>
                    <Unicode>Herrn Dr. Arthur Schnitzler</Unicode>
                </TextEquiv>
            </TextLine>
            <TextLine id="tr_1_tl_9" custom="readingOrder {index:8;}">
                <Coords points="2286,1390 2315,1395 2325,1405 2340,1395 2355,1405 2372,1385 2404,1400 2424,1390 2447,1398 2481,1385 2479,1291 2464,1291 2459,1299 2434,1276 2422,1289 2372,1264 2357,1269 2343,1289 2328,1276 2283,1274"/>
                <Baseline points="2297,1348 2342,1348 2386,1348 2431,1351 2476,1351 2485,1354"/>
                <TextEquiv>
                    <Unicode>Wien</Unicode>
                </TextEquiv>
            </TextLine>
            <TextLine id="tr_1_tl_10" custom="readingOrder {index:9;}">
                <Coords points="779,1519 891,1534 1046,1494 1269,1529 1415,1502 1630,1519 1628,1432 1534,1440 1499,1410 1410,1447 1272,1405 1195,1447 1143,1413 1032,1450 970,1413 777,1440"/>
                <Baseline points="790,1485 835,1485 880,1488 924,1488 969,1485 1014,1488 1059,1488 1103,1491 1148,1491 1193,1488 1238,1491 1282,1491 1327,1488 1372,1491 1417,1488 1461,1491 1506,1491 1551,1494 1596,1494 1635,1497"/>
                <TextEquiv>
                    <Unicode>Sehr geehrter Herr Doktor,</Unicode>
                </TextEquiv>
            </TextLine>
            <TextLine id="tr_1_tl_11" custom="readingOrder {index:10;}">
                <Coords points="866,1665 2568,1675 2565,1598 2165,1608 2088,1554 1766,1608 866,1588"/>
                <Baseline points="880,1635 924,1635 969,1635 1014,1635 1059,1635 1103,1637 1148,1635 1193,1635 1238,1637 1282,1637 1327,1637 1372,1637 1417,1640 1461,1640 1506,1640 1551,1640 1596,1643 1640,1643 1685,1643 1730,1643 1775,1643 1819,1646 1864,1646 1909,1646 1954,1646 1999,1649 2043,1649 2088,1649 2133,1649 2178,1649 2222,1649 2267,1649 2312,1649 2357,1652 2401,1652 2446,1652 2491,1652 2536,1655 2571,1655"/>
                <TextEquiv>
                    <Unicode>nehmen Sie unseren verbindlichsten Dank für Ihre do</Unicode>
                </TextEquiv>
            </TextLine>
            <TextLine id="tr_1_tl_12" custom="readingOrder {index:11;}">
                <Coords points="769,1754 2531,1793 2597,1699 767,1692"/>
                <Baseline points="784,1736 829,1736 874,1739 918,1739 963,1739 1008,1742 1053,1739 1097,1742 1142,1742 1187,1742 1232,1742 1276,1745 1321,1745 1366,1745 1411,1745 1455,1745 1500,1745 1545,1745 1590,1745 1635,1748 1679,1748 1724,1751 1769,1751 1814,1751 1858,1751 1903,1751 1948,1751 1993,1751 2037,1751 2082,1754 2127,1754 2172,1754 2216,1754 2261,1757 2306,1757 2351,1757 2395,1760 2440,1757 2485,1760 2530,1757 2574,1757 2601,1757"/>
                <TextEquiv>
                    <Unicode>freundliche schnelle Erfüllung unserer Bitte. Wir geben</Unicode>
                </TextEquiv>
            </TextLine>
            <TextLine id="tr_1_tl_13" custom="readingOrder {index:12;}">
                <Coords points="767,1887 2451,1868 2451,1793 2075,1811 1873,1759 767,1793"/>
                <Baseline points="781,1840 826,1840 871,1843 915,1843 960,1846 1005,1843 1050,1846 1094,1846 1139,1843 1184,1846 1229,1846 1273,1846 1318,1846 1363,1846 1408,1849 1453,1849 1497,1849 1542,1849 1587,1849 1632,1849 1676,1849 1721,1852 1766,1852 1811,1852 1855,1855 1900,1852 1945,1855 1990,1855 2034,1855 2079,1855 2124,1855 2169,1855 2213,1855 2258,1858 2303,1858 2348,1858 2392,1858 2437,1861 2458,1858"/>
                <TextEquiv>
                    <Unicode>Ihnen inliegend die Abrechnung STOCK wieder zurück.</Unicode>
                </TextEquiv>
            </TextLine>
            <TextLine id="tr_1_tl_14" custom="readingOrder {index:13;}">
                <Coords points="1677,1912 1690,1912 1707,1922 1719,1915 1729,1920 1746,1917 1761,1925 1766,1917 1786,1915 1786,1868 1766,1865 1739,1878 1717,1865 1709,1865 1692,1880 1677,1880"/>
                <Baseline points="1691,1903 1736,1903 1781,1906 1790,1906"/>
                <TextEquiv>
                    <Unicode>ouvert</Unicode>
                </TextEquiv>
            </TextLine>
            <TextLine id="tr_1_tl_15" custom="readingOrder {index:14;}">
                <Coords points="861,1962 2837,2006 2805,1885 1845,1934 861,1885"/>
                <Baseline points="874,1945 918,1945 963,1948 1008,1948 1053,1951 1097,1948 1142,1951 1187,1951 1232,1951 1276,1951 1321,1951 1366,1951 1411,1954 1455,1954 1500,1954 1545,1957 1590,1957 1635,1957 1679,1957 1724,1957 1769,1957 1814,1957 1858,1957 1903,1960 1948,1960 1993,1960 2037,1960 2082,1960 2127,1960 2172,1963 2216,1963 2261,1963 2306,1963 2351,1963 2395,1963 2440,1963 2485,1966 2530,1966 2574,1966 2619,1969 2664,1969 2709,1969 2753,1972 2798,1975 2840,1975"/>
                <TextEquiv>
                    <Unicode>Die Exemplare an die Akademie sind mit Ihren Unterschriften,</Unicode>
                </TextEquiv>
            </TextLine>
            <TextLine id="tr_1_tl_16" custom="readingOrder {index:15;}">
                <Coords points="764,2063 2454,2103 2404,2004 764,2011"/>
                <Baseline points="778,2049 823,2049 868,2046 912,2049 957,2049 1002,2049 1047,2052 1091,2052 1136,2052 1181,2052 1226,2052 1271,2055 1315,2055 1360,2055 1405,2055 1450,2055 1494,2055 1539,2055 1584,2058 1629,2058 1673,2058 1718,2058 1763,2058 1808,2058 1852,2061 1897,2061 1942,2061 1987,2061 2031,2064 2076,2064 2121,2067 2166,2067 2210,2067 2255,2067 2300,2067 2345,2067 2389,2070 2434,2070 2458,2073"/>
                <TextEquiv>
                    <Unicode>die wir in die Bücher ingeklebt haben, abgegangen.</Unicode>
                </TextEquiv>
            </TextLine>
            <TextLine id="tr_1_tl_17" custom="readingOrder {index:16;}">
                <Coords points="886,2192 1521,2246 2263,2189 2385,2249 2652,2187 2652,2088 1150,2135 883,2083"/>
                <Baseline points="898,2151 942,2151 987,2154 1032,2154 1077,2157 1121,2157 1166,2157 1211,2157 1256,2157 1300,2157 1345,2157 1390,2160 1435,2157 1479,2157 1524,2160 1569,2160 1614,2163 1658,2163 1703,2163 1748,2163 1793,2163 1837,2163 1882,2166 1927,2169 1972,2166 2016,2166 2061,2169 2106,2169 2151,2169 2195,2169 2240,2169 2285,2172 2330,2172 2374,2172 2419,2175 2464,2172 2509,2175 2553,2175 2598,2175 2643,2175 2658,2175"/>
                <TextEquiv>
                    <Unicode>Herr Dr. Maril ist zur Erkloung für eine Woche in den</Unicode>
                </TextEquiv>
            </TextLine>
            <TextLine id="tr_1_tl_18" custom="readingOrder {index:17;}">
                <Coords points="750,2303 799,2293 829,2310 888,2288 952,2313 1066,2276 1093,2291 1143,2278 1234,2293 1234,2216 1111,2221 1014,2199 962,2221 923,2192 868,2214 799,2192 750,2219"/>
                <Baseline points="763,2258 808,2258 853,2258 898,2258 942,2258 987,2258 1032,2261 1077,2261 1121,2261 1166,2261 1211,2261 1241,2264"/>
                <TextEquiv>
                    <Unicode>Harz gefahren.</Unicode>
                </TextEquiv>
            </TextLine>
            <TextLine id="tr_1_tl_19" custom="readingOrder {index:18;}">
                <Coords points="960,2419 1061,2447 1135,2400 1195,2432 1281,2385 1356,2427 1425,2387 1539,2382 1536,2320 1497,2325 1460,2296 1405,2338 1294,2301 1232,2325 1126,2303 957,2310"/>
                <Baseline points="972,2360 1017,2360 1062,2360 1106,2363 1151,2363 1196,2363 1241,2365 1285,2363 1330,2365 1375,2365 1420,2365 1464,2368 1509,2368 1539,2371"/>
                <TextEquiv>
                    <Unicode>Wir begrüssen Sie</Unicode>
                </TextEquiv>
            </TextLine>
            <TextLine id="tr_1_tl_20" custom="readingOrder {index:19;}">
                <Coords points="1601,2506 2516,2513 2538,2429 2407,2429 2278,2375 1833,2437 1598,2387"/>
                <Baseline points="1614,2473 1658,2473 1703,2473 1748,2473 1793,2473 1837,2476 1882,2476 1927,2479 1972,2479 2016,2479 2061,2479 2106,2479 2151,2482 2195,2482 2240,2482 2285,2482 2330,2485 2374,2482 2419,2485 2464,2485 2509,2488 2545,2494"/>
                <TextEquiv>
                    <Unicode>mit vorzüglicher Hochachtung</Unicode>
                </TextEquiv>
            </TextLine>
            <TextLine id="tr_1_tl_21" custom="readingOrder {index:20;}">
                <Coords points="1860,2602 1878,2602 1915,2635 2001,2600 2041,2620 2063,2602 2103,2615 2122,2602 2182,2607 2179,2513 2127,2506 2073,2536 2019,2513 1858,2541"/>
                <Baseline points="1873,2577 1918,2580 1963,2580 2007,2580 2052,2580 2097,2580 2142,2583 2186,2586 2189,2586"/>
                <TextEquiv>
                    <Unicode>ergebenst</Unicode>
                </TextEquiv>
            </TextLine>
            <TextLine id="tr_1_tl_22" custom="readingOrder {index:21;}">
                <Coords points="1793,2682 2303,2714 2298,2647 2169,2615 2061,2642 1915,2617 1853,2635 1789,2617"/>
                <Baseline points="1805,2670 1849,2673 1894,2673 1939,2676 1984,2679 2028,2682 2073,2685 2118,2688 2163,2688 2207,2691 2252,2694 2297,2691 2306,2691"/>
                <TextEquiv>
                    <Unicode>S. FISCHER, VERLAG</Unicode>
                </TextEquiv>
            </TextLine>
            <TextLine id="tr_1_tl_23" custom="readingOrder {index:22;}">
                <Coords points="1818,2736 1902,2731 1920,2746 1967,2729 2056,2748 2118,2738 2160,2756 2172,2743 2202,2758 2229,2738 2263,2751 2261,2701 2231,2696 2204,2709 2095,2691 1816,2684"/>
                <Baseline points="1831,2715 1876,2718 1921,2721 1966,2724 2010,2727 2055,2729 2100,2729 2145,2732 2189,2735 2234,2735 2264,2735"/>
                <TextEquiv>
                    <Unicode>AKτIEGESEL LSCHAFT</Unicode>
                </TextEquiv>
            </TextLine>
            <TextLine id="tr_1_tl_24" custom="readingOrder {index:23;}">
                <Coords points="1769,2813 1912,2795 2080,2830 2167,2803 2328,2825 2325,2756 2276,2743 2145,2758 2118,2738 1952,2729 1870,2746 1801,2714 1764,2721"/>
                <Baseline points="1781,2774 1825,2777 1870,2780 1915,2783 1960,2786 2004,2789 2049,2789 2094,2795 2139,2795 2183,2795 2228,2798 2273,2798 2318,2801 2333,2804"/>
                <TextEquiv>
                    <Unicode>AUSLANDSABTEILUNG</Unicode>
                </TextEquiv>
            </TextLine>
            <TextLine id="tr_1_tl_25" custom="readingOrder {index:24;}">
                <Coords points="1789,2879 1920,2917 2075,2904 2160,2951 2197,2941 2234,2961 2281,2961 2315,2931 2392,2936 2392,2815 2357,2803 2234,2837 2160,2803 2083,2830 1937,2803 1890,2830 1789,2830"/>
                <Baseline points="1802,2879 1817,2879 1861,2879 1906,2879 1951,2882 1996,2885 2040,2885 2085,2888 2130,2888 2175,2891 2219,2888 2264,2882 2309,2879 2354,2873 2398,2867"/>
                <TextEquiv>
                    <Unicode>i. a. k. Bl mitt</Unicode>
                </TextEquiv>
            </TextLine>
            <TextLine id="tr_1_tl_26" custom="readingOrder {index:25;}">
                <Coords points="351,3797 391,3782 408,3795 443,3772 505,3765 522,3780 579,3780 579,3661 510,3666 500,3659 485,3671 453,3659 435,3669 374,3631 351,3636"/>
                <Baseline points="366,3753 411,3753 456,3753 501,3753 545,3753 584,3756"/>
                <TextEquiv>
                    <Unicode>4. 29. 8000. V.</Unicode>
                </TextEquiv>
            </TextLine>
        </TextRegion>
    </Page>
</PcGts>
