3152 4088
1216 317 1726 490 E40 442
699 420 2241 643 S. Fischer. Verlag. Berlin
2210 532 2308 635 ummmme
534 635 2380 830 Amt Lützow 1662 n. 6162 Theaterabteilung postscheckkonto Nr. 16892
1047 724 1885 899 Berlin W 57, Bülowstraße Nr. 90
404 805 2388 1058 a/sch.
412 941 2394 1161 medenne määx beswand nehte nomsicht seh ammebsimme? sib neres
479 1077 2400 1239 sonstlgüsselsele nie,enu Jhobate rexusz roixerich mich.nobzuw
398 1164 2408 1381 .begefugtov amiisseroimnek zum rondl anajor. xxx schöne nedfeinen
565 1250 2414 1475 Herrn ###
1008 1364 2408 1556 Dr. Arthur Schnitzler.
1834 1464 2077 1542 w i en
1751 1503 2093 1620 näyttäärjänneis-
1024 1509 1731 1673 HooH N.T.K.V. 11M
557 1615 1411 1818 Sehr geehrter Herr Doktor,
1406 1628 2592 1854 wir erhalten soeben von den Hamburger
579 1779 2656 1971 Kimmerspielen die Nachricht, dass dieses Theater im Einverständnis
585 1915 2478 2110 mit dem zur Aufführung berechtigten Deutschen Schauspielhaus
983 1949 1122 2004 G.C.H.F.P
596 1968 2661 2194 " Zwischenspiel "aufgeführt hat, ohne vorher bei uns anzufragen.
596 2071 2645 2299 Es bittet um nachträglichen „Generalpardon“. Nach den Kritiken
601 2210 2672 2402 handelte es sich um eine schlecht vorbereitete Versuchsaufführung.
612 2316 2620 2478 deren Erfolg recht mässig war. Wir haben gegen das Vorgehen der
612 2416 2572 2597 Hamburger Kammerspiele bei diesem sofort Protest eingelegt und
621 2511 2628 2700 uns weitere Massnahmen vorbehalten. Als solche käme zunächst die
618 2620 2717 2800 Einbringung einer Schadenersatzklage vor dem Schiedsgericht in Be-
635 2711 2681 2912 tracht. Wir fragen an.. ob Sie ein derartiges Vorgehen von unserer
632 2803 2778 3037 Seite wünschen. Hamburg gehört bekanntlich nicht zu den Städten, die
637 2912 2876 3118 unserem Wirkungsbereich unterstehen, sodass wir ohne Ihr Einverständnis
635 3084 1481 3226 nichts unternehmen können.
1448 3087 2862 3276 Das Züricher Stadttheater will für „ Komödie
657 3221 2778 3410 der Worte "nur 3% bezahlen, xxxx
660 3321 2745 3519 ursprüngliches Angebot von 6% abgelehnt haben, dass Ihnen die Ver
1520 3421 2238 3549 Es beruft sich darauf,
557 3463 2686 3652 Die oben genannten Bedingungen haben Sältigkeit bis zum „ Sollten wir an diesem Tag noch keine
560 3546 2686 3727 entscheidende Antwort erhalten haben, so nehmen wir an, daß wir über das in Frage stehende Werk anderwettig verfügen können
459 3669 565 3819 6. 28.
704 3680 1590 3878 entscheidende Antwort erhalten haben, so nehmen wir
