3032 4040
1358 238 1542 410 845
764 362 2303 499 S. Fischer/Verlag / A.-G. Berlin W 57
576 523 2567 642 Bankkonto: Deutsche Bank, Depositenkasse P in Berlin/Postscheckkonto; Berlin Nr. 1669
983 588 2142 722 Fernsprechanschlüsse: Amt Lützow Nr. 6162 bis 6164
1376 666 1756 758 Bülowstraße 90
978 722 2145 871 Telegramm=Adresse: Fischerverlag 6162 Berlinlützow
1548 856 1896 998 qu’on me
2065 775 2505 960 18. Febr. 28
443 871 713 1046 M / Si.
1539 936 1807 1093 Yours
2127 915 2698 1153 S. Hülowg
1839 945 2095 1144 eayt
802 1028 1744 1251 Herrn Dr. Arthur Schnitzler
2107 1129 2359 1313 Wien
784 1239 1661 1447 Sehr geehrter Herr Doktor,
722 1379 2347 1533 wir erhalten soeben eine Nachricht von der Firma
559 1495 2823 1646 BELL & SONS, London, dass sie für die beiden Erzählungen „ Die weis-
538 1619 2924 1735 sagung" und «Der blinde Geronimo » als deutsche Schulausgaben, höchstens
2701 1664 2959 1744 3 rt :t vos toutes ou ilmoit avec
526 1723 2734 1854 zusammen 15 Pfd. zahlen könnten. Die Firma bittet um postwendende
532 1818 2841 1940 Erledigung. Wir bitten Sie deshalb, uns nach Erhalt dieses Schreibens
541 1887 2918 2089 telegraphisch mitzuteilen, ob Sie mit diesem Angebot einverstanden sind.
1453 2023 2407 2181 Mit vorzüglicher Hochachtung
1697 2148 2208 2237 S. FISCHER, VERLAG
1735 2208 2181 2273 AKTRGESELISCHAFT
1661 2246 2249 2338 AUSLANDSABTEILUNG
1922 2324 2469 2478 D Duisrie
