3129 3831
1126 341 2091 549 s. Fischer. Verlag. Berlin
702 484 2520 690 Fortsetzung Brief  Schmitzler von 22. 7. 19. Blatt 2
732 893 2593 1006 Ordnung schaffen, dass wir sämtliche Verträge, die sich auf
725 1008 2678 1131 Ihre Stücke beziehen, dort kündigen und darauf verweisen, dass
732 1098 2550 1224 bei künftigen Aufführungen Ihrer Werke durchweg neuerdings
735 1206 2650 1331 Verträge geschlossen werden müssen. Wir wissen nicht, ob eine
725 1291 2598 1429 so scharfe Massnahme Ihren Beifall hätte und ersuchen um ge
725 1379 1311 1535 fälligen Bescheid.
2337 1427 2437 1532 any
1276 1492 2523 1625 Wegen der amerikanischen Aufführung der
2099 1572 2319 1650 aMme e
732 1587 1221 1708 — Grossen Szene
1314 1582 2736 1733 die Ihre Postkarte vom 18. ds. Mts. erwähnt,
727 1698 2743 1841 werden wir uns mit unserem Anwalt in Verbindung setzen und Ihnen
732 1800 1525 1958 demnächst Bescheid geben.
1369 1891 2269 2094 Mit vorzüglicher Hochachtung
1542 2036 2131 2144 S. FISCHER, VerLAG
1552 2129 2136 2249 THEATERABTEILUNG
