3153 3991
2554 245 2702 342 Blatt
672 228 1532 441 S. FISCHER,ayerlaG, BERLIN,
1572 262 2568 439 Dr. Schnitzler v. 1. 12. 1920
957 347 1242 458 Theaterabteilung
726 581 2913 740 sammenhang mit anderen Ihrer Einakter in Skandinvien gespielt zu
729 735 2882 834 sehen, hat Reinhardt wie Sie sehen, nicht erfüllt. Dies war aber
726 837 3018 962 vielleicht auch nicht möglich, da Ihr diesbezügliches Telegramm erst
726 934 2876 1091 am Tage vor der Abreise Reinhardts nach Kopenhagen hier eintraf.
740 1071 2993 1193 Das Deutsche Theater hatte sich eben in dieser ganzen Angelegenheit
732 1150 2919 1310 erst im allerletzten Augenblick mit uns in Verbindung gesetzt.
738 1321 2318 1410 Von Herrn Bartsch haben wir noch keine Antwort.
1247 1407 2953 1523 „ Reigen „ wird Ihrem Wunsche gemäss nicht ohne Ihr
726 1526 2292 1654 ausdrückliches Einverständnis vergeben werden.
1270 1637 2919 1760 Die Verrechnung ausländischer Valuta mit uns ge -
746 1731 2084 1862 schieht durchgehendst auf dem Bankwege
1495 1891 2463 2027 Mit vorzüglicher Hochachtung
1728 1970 2301 2062 S. FISCHER, VERLAG.
1731 2053 2304 2153 THEATERABTEII/UNG
