3049 3865
1129 303 1922 507 FISCHER/VERLAGT.
323 345 509 501 2. Blatt
2561 518 2785 708 22.
1296 498 1633 716 Dtsler. Ein
591 708 2790 872 den, wenn ich auf den Anerbieten Hellers ohne Weiteres eingegangen
611 835 2782 988 väre. Wir haben ihn soviel geliefert, als er nach unserer Kenntnis
608 934 2788 1078 in allergünstigsten Fall brauchen kann. Das musste aber auch schon
297 931 478 1073 am
611 1073 2827 1172 deshalb geschehen, weil die Buchbinder und -Druckereien so kollosal
614 1149 2822 1271 beschäftigt sind, dass wir bisher nur sehr knappe Vorräte geliefert
606 1257 2830 1387 bekommen haben; diese Vorrüte mussten auf alle Sortinenter verteilt
620 1370 2844 1486 werden und durften nicht als Spekulationsobjekt in wenigen Sortinen-
2530 1460 2722 1593 off
611 1480 1104 1619 tern gelangen.
1067 1548 2838 1690 Es konnt weiter hinzu, dass die Sortinenter diese Ver-
611 1650 2867 1780 räte aufkaufen und sie nicht einmal an das Publikum abgeben, sondern
617 1763 2889 1893 bis zun Herbst varten, bis die Freissteigerung kommt. Sie sehen, dass
611 1856 2861 1998 die Erschütterung der Gesamtwirtschaft auch auf unseren Gebiet selt-
623 1944 2793 2100 same Blüten breibt und dass man fortvährend zu tun hat, um nach al
623 2080 2040 2202 len Richtungen in Gleichgewicht zu bleiben.
1070 2159 2870 2275 Von Ihrer neu erschienenen Gesamtausgabe haben wir al-
628 2270 2901 2394 les, was bestellt wurde, an das Sortinent geliefert. Das unfangreiche
1208 2366 2652 2510 Khnen vorhanden ist, haben wir in Duchhändler
628 2386 1220 2505 Verk, das nun von
903 2471 1206 2550 wiederhof
625 2476 2819 2584 Börsenblatt angezeigt. Es gibt natürlich eine ganze Menge Kortinen-
625 2567 2793 2722 ter, die wenig oder garnicht bestellen und da sind wir mit den be-
2406 2652 2841 2802 das Publikum
642 2672 1961 2813 sten Willen nicht dafür verantwortlich xxx
2572 2762 2850 2904 Sortinen¬
631 2782 1890 2909 die Bücher in solchen Sortinenten nie
642 2915 1746 3034 ter, die nur dann bestellen, wenn
640 2980 1726 3138 das Risiko, die Bücher fest zu be¬
642 3082 1633 3229 Seien Sie überzeugt, dass es in
640 3184 1489 3334 ist, denn Bücher die viele
1548 3184 1639 3305 Ia.
645 3283 1415 3453 nicht überall vorrütig
