2885 4026
580 361 2484 556 fischer/Verlag/Berlin M 57/Bülowstraße 9c.
714 531 2292 641 onto: Deutsche Bank, Depositenkasse P in Berlin / Postscheekkonto: Berlin Nr. 16892
1172 589 2043 732 ###se: Amt Lützow Nr. 1662, 6162 und 9292
2226 607 2475 820 by the
383 935 2529 1093 dass 1 ½ Jahr nach Abschluss des Vertrages sämtliche Rechte an uns
373 1054 2602 1151 zurückfleien. Wir erlauben uns darauf aufmerksam zu machen, dass bei
361 1160 2760 1278 vollem Verkauf der 2000 Exemplare sich unter Zugrundelegung eines mittle-
367 1254 2809 1409 ren Kurses, ein Dollar gleich 50 Mark, für Sie eine Einnahme von 225000 Mark
373 1351 850 1491 ergeben würde.
486 1460 2772 1567 Walls Sie mit diesem Projekt einverstanden wären, so wäre Herr mankie-
364 1567 2660 1706 wicz bereit, gleichzeitig oder etwas später auch eine Luxusausgabe von
358 1691 2781 1770 "Anatol m in derselben Weise herauszubringen; nur fragt es sich in diesen
361 1779 2687 1901 Fall, wie weit Sie über wAnatol m für Amerika und England noch verfügen
1436 1846 1530 1910 G.C.F.P
1582 1849 1719 1922 G.C.F.P.
1873 1861 2141 1922 l'année a lu lʼannée en ai-
355 1867 2681 2010 können. Ihre in unserm Besitz befindlichen Anmerkungen erwähnen: England
361 1967 2757 2089 erschienen und aufgeführt (Granville Barker ) Amerika aufgeführ t (Ames),
367 2062 2739 2241 Es ist uns jedoch bekannt, dass in Amerika nehrfach Ausgaben des „Anatol-
370 2189 2660 2308 erschienen sind, darunter zweifellos eine Anzahl unautorisierter Ueber-
367 2298 689 2438 setzungen.
1154 2341 2092 2517 Mit vorzüglicher Hochachtung
1585 2478 2147 2584 S. FISCHER, VERLAG
1588 2569 2147 2651 AUSLANDSABTEILUNG
