3068 3959
1252 220 1413 396 ken5
440 325 2465 525 P. Fischer/Verlag/Berlin M 57/Bülowstraße
1671 481 2360 589 Postscheckkonto: Berlin Nr. 16892
566 492 1633 592 Bankkonto: Deutsche Bank. Depositenkasse P in Berlin
865 554 1627 704 Fernsprechanschlüsse: Amt Lützow Nr.
1668 548 2052 701 6162-6164
1008 624 1219 712 G.C.H.F.P.
613 601 809 733 G.C.H.F.P.P
2204 580 2609 797 28. Nov. 23
314 686 492 835 F/si.
522 695 1260 841 aamem xxx
1665 780 2234 935 Le comte même mais il y a mai
832 800 1372 941 G.H.F.P.D.
378 818 575 917 G.C.H.F.P.
727 824 812 912 G.F.P.
610 894 1513 1038 Lieber Freund,
2298 874 2451 1026 G.C.H.F.P.
1744 885 2272 1005 G.C.H.F.P.P
328 906 604 1020 "F.H.F.P.
624 988 2676 1134 die Erörterung der Valutafrags ist imgrunde genommen in diesem
405 1002 580 1123 G.H.F.P.
217 1020 308 1137 G.F.P.
454 1093 2717 1240 Augenblick nur noch rein akademischer Natur, denn ich Hatte Ihnen ja
463 1225 2623 1343 bevor wir mit Herrn Jacob verhandelt haben, die Valuta im Prinzip
469 1296 2714 1442 schon zugesagt; auch der monatliche Vorauszahlungs-Modus nach Grund-
463 1401 2817 1548 zahlen war schon in der Oktoberabrechnung vorweg genommen. Dennoch kann
478 1530 2697 1674 ich Ihre Bemerkungen im letzten Brief vom 22. nicht unwidersprochen
469 1598 2717 1744 lassen, da Sie über den Fragenkomplex, der den Kern dieser Frage be-
478 1703 2632 1882 rührt, nicht ganz informiert sind. Zunächst die rechtliche Frage.
475 1817 2791 1987 Is ist etwas total anderes, ob wir für Sie von den Bühnen Beträge ein-
475 1955 2750 2064 kassieren; da ist es ganz selbstverständlich, dass die eingenommenen
490 2037 2741 2184 Valuten Ihnen gehören. Wir sind je in diesem Fall nur die Vermittler
490 2143 2785 2292 gegen eine bestimmte Provision. Etwas anderes ist es aber, ob wir als
501 2184 2837 2395 Verleger Bücher ( eine Ware ) auf unser Rieiko produzieren, für die Sie
487 2330 2717 2486 eine Lizenz pro Exemplar zu bekommen haben. In diesem Fall sind wir
888 2453 1263 2509 A.W.A.T
501 2451 2676 2582 so zu sagen die Fabrikanten und wir hätten - wenn die Sache formal
498 2538 2814 2688 rechtlich betrachtet werden soll - nur die Pflicht, Ihnen die Lizenzen
504 2667 2662 2788 in deutscher Währung zu bezahlen. Ich glaube nicht, dass in einem
504 2735 2811 2914 Prozessfall ein deutscher Richter einen deuschen Produzenten zur Aus-
504 2890 2002 3037 zahlung von Valuten verurteilen würde.
601 2972 2755 3113 Nun zu einem Prozess würden wir - soweit ich dabei in Frage komme
513 3060 2703 3221 gewiss nie kommen, denn ich weiss, dass Sie sowohl wie ich geneigt
525 3157 2767 3327 sind, die Dinge nicht nur formal-juristisch zu betrachten. Hätte ich
519 3280 2805 3415 nicht die Gewohnheit, die Geschäfte auf eine loyale Art zu führen, so
516 3397 2867 3532 wäre es ja nicht möglich gewesen, dass ich meinen Verlag seit 35 Jahren
525 3494 2752 3693 in leidlich guten Beziehungen zu den Autoren meines Verlages führen
