3194 4072
1436 259 1557 357 361
859 300 2432 500 S. Fischer, Verlag, Berlin M., Bülowstrasse 90
1508 464 1867 618 24/8. 1915
839 895 1706 1070 Herrn Dr. Arthur Schnitzler
2042 903 2319 1041 klurung in
1678 993 1988 1157 Bad Ischl
2329 998 2485 1136 G.C.H.F.P
2052 1013 2293 1131 dert: et
1452 1044 1534 1162 G.F.P.
1683 1111 1770 1254 "
1341 1136 1660 1241 me es même
716 1290 1454 1447 Lieber Freund.
941 1436 2591 1588 meine Depesche haben Sie inzwischen bekommen und ich
734 1513 2747 1693 wiederhole, dass wir mit dem Münchner Schauspielhaus nur deshalb
731 1634 2750 1803 in Verbindung getreten sind, um durch eine etwaige Garantiesumme
746 1744 2647 1878 auch das Hoftheater zu einer Garantiezahlung zu veranlassen.
744 1854 2634 1996 Das Hoftheater hat, unter uns gesagt, vor einigen Jahren für
749 1942 2791 2085 den "Graf von Charolais" eine Garantie von 1000 Mark bezahlt, und
754 2049 2763 2193 das wollten wir auch für Sie erzielen. Nun da neuerdings, wie es
759 2180 2793 2278 scheint, Garantiezahlungen im noftheater nicht zu erreichen sind,
757 2296 1924 2391 werden wir uns damit zufrieden geben,
939 2388 1739 2534 Abgeschlossen ist bisher:
944 2393 3006 2580 Frankfurt a/M., Neues Theater, 10 % Tantieme und 2000 Mk. Garantie
944 2580 2273 2704 Hamburg, Deutsches Schauspielhaus, 10 % "
2037 2621 2709 2793 10 % " und 600 Mk.
941 2701 1726 2829 Köln a/Rh., Stadttheater
2029 2783 2285 2865 10 % "
934 2806 1577 2891 München, Hoftheater
2034 2850 2285 2981 10 % "
949 2893 1695 3016 Leipzig, Städt. Theater
780 2924 2796 3106 Weitere Verhandlungen schweben. Da es indessen schwer fällt. Ga-
775 3055 2814 3201 rantiesummen zu erzielen, wird es zweckmässiger sein, weitere Ab-
782 3145 2755 3329 schlüsse nicht zu forcieren, weil sich nach einer erfolgreichen
469 3447 572 3547 F. 208
