3132 4204
1116 507 1444 677 Abschrift
1417 683 2420 818 Berlin W. 35, 30. Oktober 1919.
412 725 895 889 Gebrüder Paetel
1414 776 1850 949 Lützowstr. 7
409 1032 618 1196 Herrn
594 1113 1217 1280 S. Fischer, Verlag,
1453 1164 1889 1343 Berlin W. 50.
1453 1313 1862 1441 Biilowstr. 90
436 1438 1083 1578 Sehr geehrte Herren.
633 1468 2656 1644 Auf Ihre Anfrage vom 29. d. M. erwidern wir Ihnen, dass nach den
445 1590 2471 1778 Vereinbarungen mit Herrn Arthur Schnitzler sein neues Bühnenwerk
462 1692 2641 1862 " Die Schwestern" nur unter der Bedingung in der "Deutschen Rundschau"
454 1772 2852 1957 abgedruckt wurde, dass die Buchausgabe erst nach der Uraufführung erscheinen
457 1883 2852 2071 dürfte. Aus diesem Grunde zeigten wir in Börsenblatt an, dass der Text zurse
462 1969 2787 2166 zeit allein in der "Deutschen Rundschau" zu haben wäre, wie es der Verein-
465 2166 1608 2318 barung und den Tatsachen entspräght.
1555 2226 2089 2372 Hochachtungsvoll
1471 2336 2121 2456 gez. Gebrüder Paetel
1737 2441 2327 2617 Männerin
1408 2578 2181 2784 Uranfführung
1552 2730 1996 2844 Anfang November im
1414 2775 2157 2969 Burgtheater in Wien
1704 2912 1862 2987 und im
1304 2936 2250 3106 Deutschen Theater in Berlin
2023 3497 2115 3622 erst v
1513 3751 2020 3873 Einpreis 3.— Mark, bar 2.
