3154 4056
1222 300 1412 424 Æ5
769 343 2510 553 ISCHER/VERLAG
424 513 2668 671 Beschleute: Deutschs Duch. Durchfahren P. u. Berlin / Partenkeilheute: Berlin Nr. 1662 / Freundeck-Annsbauern: Amt. Löhne Nr 1662 und 1481
824 594 2239 758 BERLIN W57. BÜLowSTRASSE 90
1691 735 2023 879 26/6. 20
775 1052 1642 1230 Herrn Dr. Arthur Schnitzler
1645 1141 1824 1305 Wien
516 1297 968 1498 Lieber Freund,
683 1449 2619 1622 es ist eigentlich ein ziemlich unfruchtbares Geschäft, auf die
533 1547 2584 1714 Interpresation der Mitteilungen des Schutzverbands zurückzukommen.
530 1686 2527 1815 denn seither haben sich die Verhältnisse noch weiter verschärft.
533 1732 2639 1928 Die Tatsache bleibt bestehen, dass der Effekt der Besprechungen mit
1956 1853 2711 2005 al der Auflage honoriert
536 1890 1922 2026 dem Schutsvorband der war, dass nur drei Vie:
545 1974 2775 2100 werden kann, bei einer Tantiene von 20 %, was praktisch auf 15 % heraus-
536 2043 2850 2213 kommt. Nur um Ihre Interpretation nicht unwidersprochen zu lassen, zitiere
547 2187 2818 2317 ich meinerseits aus den Mitteilungen, weil bei Ihrem Zitat durch Fortlas-
547 2236 2844 2423 sung des ersten Fundamentalsatzes die Voraussetzung für die nachfolgenden
547 2342 2844 2544 Sätze nicht gegeben ist, und weil Sie aus Versehen falsch zitieren, indem
556 2466 2584 2625 Sie anstatt "mit dieser Verkürnung“:mit der Verkürzung" sitieren.
746 2582 2904 2700 "Hat ein Verfasser bisher weniger als 20 % Tantiene erhalten, so soll
689 2645 2881 2760 er seine bisherige Tantieme von drei Viertel des jetzigen Ladenpreises
778 2726 2875 2870 Festgestollt wurde, dass auch unter den gegenwärtigen Verhältnissen
694 2749 974 2847 erhalten.
686 2801 2766 2907 ein Verfasser mit dieser Verkürzung 20 Prozent des Ladenpreises als
692 2850 2875 2973 Tantieme wohl beanspruchen könne, vorausgesetzt, dass mehrere Auflagen
689 2910 2795 3014 zugleich gedruckt werden können und dass es sich um einen gelesenen
815 2962 2878 3118 Die vorgeschlagene Regelung solle in keinem Fall dazu führen, dass
697 3005 1259 3089 Verfasser handelt.
683 3063 2400 3210 der Verfasser etwa unter seine bisherigen Sätze sinkt.
755 3066 2772 3288 Zu diesem letzteren Absatz ist zu bemerken, dass es sich hier um
585 3195 2901 3385 einen falschen Ausdruck handelt. Es muss heissen: dass der Verfasser unter
579 3313 2847 3576 seine bisherigen Honorare (also frühere Gesamthenorare) sinxt. Von den
692 3619 798 3749 4.
