3112 4039
1137 486 2419 687 Fischer Verlag = Berlin
998 655 2445 743 Amt Lützow 1662, 6162 u. 9292 Theaterabteilung postscheckkonto Nr. 1669.
1356 725 2129 842 Berlin W 57, Bülowstraße Nr. 90
998 735 1161 850 Ma/Re
1669 801 2053 940 Oktober etc.
1404 820 1641 942 Den 20
1059 906 1249 1141 Herrn
1320 1008 2021 1169 Dr. Arthur Schnitzler
2184 1089 2517 1193 Wien XVIII
1026 1294 1922 1416 Sehr verehrter Herr Doktor!
1211 1382 2567 1589 Ich möchte gern noch einmal bei Ihnen an-
1020 1539 2635 1683 fragen, ob Sie prinzipiell gegen die Uraufführung
1026 1641 2627 1792 des "Gang zum Weiher" bei Ziegel in Hamburg sind,
1026 1736 2621 1890 da dort nach wie vor der lebhafte Wunsch besteht,
1014 1884 2601 1977 das Werk herauszubringen. Allerdings ist es sehr
1020 1955 2487 2097 schwerig, Besetzungsvorschläge zu machen, da
1020 2055 2615 2208 Ziegel mit seinen eigenen Kräften auskommen will,
1018 2169 2597 2318 über deren Eignung Sie sich wohl aus der Entfer-
1024 2270 2569 2386 nung kein Bild werden machen können. Jedenfalls
1020 2354 2601 2513 bitte ich um Nachricht, in welchem Sinne ich dem
1014 2447 2298 2603 Theater darüber Mitteilung machen soll.
1597 2627 2366 2768 Mit ergebensten Grüssen
1790 2726 1920 2850 Ihr
1709 2820 2057 2985 I am
