3091 3880
701 260 2538 484 fischer/Verlag/Berlin M 57/Bülowstrasse
993 398 2371 495 anschlüsse: Amt Lützow Nr. 1662. 6162 und 9292 / Postscheekkonto: Berlin Nr.. 16892
1191 487 1948 639 THEATERABTEILUNG
628 834 2674 1053 eine gute Gelegenheit, unautorisierte Uebersetzungen zu ver-
614 1007 2790 1164 folgen und wenigstens da pder dort eine nachträgliche Zahlung zu
628 1120 2655 1304 erwirken. Ist es richtig, dass von "Reigen " eine polnische
620 1302 1518 1440 Buchübersetzung existiert?
1212 1380 2157 1532 Mit den besten Empfehlungen
1250 1488 2254 1756 Ihnen sehr ergeben sey kann.
1827 3564 2763 3767 erheblich verändert.
