2914 3991
1202 346 1406 479 5e4
377 448 2545 660 S. Fischer/Verlag/Berlin M 57/Bülowstrasse 90
1975 677 2542 839 Postscheckkonto Nr. 16692
1111 691 1791 844 Theaterabteilung
343 703 989 853 Amt Lützow 1662, 6162, 9292
1539 827 2188 992 Am 7. Juni 192 1
428 1139 640 1250 Herrn
2080 1114 2729 1301 sind dit 1er ppr.
745 1202 1474 1374 Dr. Arthur Schnitzler
2236 1255 2698 1386 dreit gegenst
1578 1312 1848 1496 W i e n
2020 1340 2735 1479 by in the Ihm,
2066 1445 2720 1601 15/6 er la
1355 1570 2601 1729 wir danken Ihnen für Ihre freundliche
1122 1918 1437 1978 G.C.H.F.P.M
1811 1896 2193 1969 Mais lʼhonneur avec les mêmes
1510 2114 2134 2188 Monsieur le compte de même.
451 1496 1335 1644 Sehr geehrter Herr Doktor,
448 1712 2576 1862 Mitteilung vom 30. Mai. Herr Linden war persönlich bei uns, und
453 1822 2732 1955 hat für die " Parazellsus-aufführung in Gothenburg Mk. 175.— Kronen
456 1938 2633 2049 hinterlegt; die Abrechnung über die Aufführungen erhalten wir von
465 2029 2664 2179 Ihm am Quartalsende, Wegen der Stockholmer Aufführung werden wir
465 2145 2582 2287 noch Nachforschungen anstellen. Die Zahlungen von Holländer und
680 2250 1009 2349 l'honneur d'après d'être
468 2264 2431 2395 Kramer werden wir jetzt auf gerichtlichen Wege erzielen.
1270 2380 2601 2516 Für die freundliche Uebersendung der Er-
468 2465 2701 2610 mächtigung über Verfolgungen unberechtigter Aufführungen von " Rei-
473 2607 1094 2757 gen " besten Dank.
1097 2743 2054 2873 Mit vorzüglicher Hochachtung
1284 2828 1839 2913 S. FISCHER, VERL. 'v.
1284 2893 1661 2981 THEATERABTE
1527 2958 1700 3094 P.S.
516 3191 2706 3358 P. S. Die Kronen für die skandinavischen Aufführungen von " Grosse
513 3310 2616 3463 Szene" sind nunmehr eingegangen und werden Ihnen sofort weiter
521 3432 822 3590 gesandt.
371 3588 581 3792 R. 1000.8.20.
