<?xml version="1.0" encoding="UTF-8" standalone="yes"?>
<PcGts xmlns="http://schema.primaresearch.org/PAGE/gts/pagecontent/2013-07-15" xmlns:xsi="http://www.w3.org/2001/XMLSchema-instance" xsi:schemaLocation="http://schema.primaresearch.org/PAGE/gts/pagecontent/2013-07-15 http://schema.primaresearch.org/PAGE/gts/pagecontent/2013-07-15/pagecontent.xsd">
    <Metadata>
        <Creator>prov=READ-COOP:name=TrHtr:version=2.1.0:model_id=51170:date=27_07_2023_22:34</Creator>
        <Created>2023-05-02T08:12:23.479+02:00</Created>
        <LastChange>2023-07-27T22:34:26.504+02:00</LastChange>
        <TranskribusMetadata docId="1416743" pageId="54955511" pageNr="842" tsid="131306532" status="IN_PROGRESS" userId="64420" imgUrl="https://files.transkribus.eu/Get?id=PDQEIQTHDTAGJYFMWCIEHUXI&amp;fileType=view" xmlUrl="https://files.transkribus.eu/Get?id=LFRTNZILSTMRYREIIJSHDHCF" imageId="44459236"/>
    </Metadata>
    <Page imageFilename="1416743_0842.jpg" imageWidth="3080" imageHeight="4071">
        <ReadingOrder>
            <OrderedGroup id="ro_1711826756851" caption="Regions reading order">
                <RegionRefIndexed index="0" regionRef="tr_2"/>
                <RegionRefIndexed index="1" regionRef="tr_1"/>
            </OrderedGroup>
        </ReadingOrder>
        <TextRegion id="tr_2" custom="readingOrder {index:0;}">
            <Coords points="462,490 2763,490 2763,1890 462,1890"/>
            <TextLine id="tr_2_tl_1" custom="readingOrder {index:0;}">
                <Coords points="986,607 1515,607 1678,543 2301,569 2264,449 1954,473 1809,428 1601,489 1400,430 986,452"/>
                <Baseline points="1002,543 1008,546 1053,540 1098,546 1143,543 1187,540 1232,543 1277,546 1322,543 1366,543 1411,543 1456,543 1501,543 1546,546 1590,543 1635,546 1680,543 1725,546 1769,543 1814,543 1859,543 1904,543 1948,546 1993,546 2038,546 2083,543 2128,546 2172,546 2217,543 2262,540 2307,540"/>
                <TextEquiv>
                    <Unicode>Fischer / Verlag / A.=G. Berlin W 57.</Unicode>
                </TextEquiv>
            </TextLine>
            <TextLine id="tr_2_tl_2" custom="readingOrder {index:1;}">
                <Coords points="583,722 1114,665 2405,711 2544,695 2544,623 580,604"/>
                <Baseline points="596,662 641,659 686,656 731,656 775,656 820,659 865,656 910,656 955,656 999,659 1044,659 1089,659 1134,659 1178,662 1223,662 1268,662 1313,662 1357,659 1402,659 1447,659 1492,662 1537,662 1581,665 1626,665 1671,665 1716,665 1760,665 1805,665 1850,665 1895,665 1939,662 1984,662 2029,665 2074,665 2119,665 2163,665 2208,665 2253,668 2298,668 2342,668 2387,668 2432,668 2477,671 2521,668 2551,665"/>
                <TextEquiv>
                    <Unicode>Bankkonto: Deutsche Bank, Depositenkause P in Berlin / Postscheckkonto: Berlin Nr. 1669a</Unicode>
                </TextEquiv>
            </TextLine>
            <TextLine id="tr_2_tl_3" custom="readingOrder {index:2;}">
                <Coords points="986,730 1253,772 1448,730 2133,778 2133,690 1954,668 1764,706 986,665"/>
                <Baseline points="1002,716 1047,722 1092,725 1137,725 1181,725 1226,728 1271,728 1316,728 1360,725 1405,725 1450,725 1495,725 1540,728 1584,725 1629,725 1674,728 1719,728 1763,728 1808,728 1853,728 1898,728 1942,728 1987,728 2032,728 2077,731 2122,728 2136,731"/>
                <TextEquiv>
                    <Unicode>Fernsprechanschlüsse: Amt Lützow Nr. 6162 bis 6164</Unicode>
                </TextEquiv>
            </TextLine>
            <TextLine id="tr_2_tl_4" custom="readingOrder {index:3;}">
                <Coords points="1406,828 1467,828 1526,853 1550,842 1566,858 1601,863 1705,820 1764,815 1761,764 1638,759 1595,730 1550,759 1526,746 1489,759 1462,743 1403,751"/>
                <Baseline points="1417,787 1462,790 1507,790 1551,787 1596,790 1641,793 1686,793 1731,793 1769,790"/>
                <TextEquiv>
                    <Unicode>Sülowstraße 00</Unicode>
                </TextEquiv>
            </TextLine>
            <TextLine id="tr_2_tl_5" custom="readingOrder {index:4;}">
                <Coords points="2117,991 2151,1000 2199,967 2232,983 2280,962 2312,986 2341,970 2357,981 2408,946 2483,959 2507,951 2507,863 2477,853 2405,906 2352,903 2309,871 2264,890 2117,869"/>
                <Baseline points="2131,949 2154,946 2199,946 2244,949 2289,949 2333,949 2378,949 2423,949 2468,946 2513,940"/>
                <TextEquiv>
                    <Unicode>27. Nov. 25</Unicode>
                </TextEquiv>
            </TextLine>
            <TextLine id="tr_2_tl_6" custom="readingOrder {index:5;}">
                <Coords points="446,1018 473,1021 518,1002 529,1016 543,1010 569,1024 583,1010 617,1016 620,845 591,847 580,839 572,845 521,812 452,815"/>
                <Baseline points="462,952 489,949 534,946 579,946 623,946"/>
                <TextEquiv>
                    <Unicode>F/si.</Unicode>
                </TextEquiv>
            </TextLine>
            <TextLine id="tr_2_tl_7" custom="readingOrder {index:6;}">
                <Coords points="770,1267 1550,1211 1681,1240 1681,1133 1590,1152 1435,1104 1277,1163 1219,1125 1024,1133 970,1171 770,1147"/>
                <Baseline points="784,1205 793,1202 838,1202 883,1205 928,1205 972,1205 1017,1205 1062,1205 1107,1205 1152,1205 1196,1205 1241,1205 1286,1205 1331,1202 1375,1202 1420,1205 1465,1205 1510,1205 1554,1205 1599,1205 1644,1202 1689,1202"/>
                <TextEquiv>
                    <Unicode>Herrn Dr. Arthur Schnitzler</Unicode>
                </TextEquiv>
            </TextLine>
            <TextLine id="tr_2_tl_8" custom="readingOrder {index:7;}">
                <Coords points="2071,1331 2101,1331 2181,1384 2207,1379 2216,1387 2248,1374 2277,1379 2298,1371 2293,1235 2274,1237 2234,1216 2210,1237 2170,1240 2146,1253 2069,1240"/>
                <Baseline points="2086,1304 2131,1310 2175,1310 2220,1310 2265,1313 2301,1319"/>
                <TextEquiv>
                    <Unicode>Wien</Unicode>
                </TextEquiv>
            </TextLine>
            <TextLine id="tr_2_tl_9" custom="readingOrder {index:8;}">
                <Coords points="2063,1374 2106,1382 2122,1395 2133,1398 2135,1395 2154,1398 2154,1334 2135,1334 2133,1331 2117,1336 2109,1328 2103,1331 2095,1323 2087,1323 2079,1331 2063,1331"/>
                <Baseline points="2077,1355 2122,1355 2160,1355"/>
                <TextEquiv>
                    <Unicode>G.F.P.</Unicode>
                </TextEquiv>
            </TextLine>
            <TextLine id="tr_2_tl_10" custom="readingOrder {index:9;}">
                <Coords points="652,1446 740,1422 845,1446 863,1432 919,1465 943,1446 1010,1454 1048,1427 1077,1448 1157,1448 1157,1296 1056,1315 962,1293 874,1344 802,1326 764,1358 652,1358"/>
                <Baseline points="668,1408 713,1408 758,1408 802,1411 847,1411 892,1411 937,1411 981,1411 1026,1411 1071,1414 1116,1414 1161,1420"/>
                <TextEquiv>
                    <Unicode>Lieber Freund,</Unicode>
                </TextEquiv>
            </TextLine>
            <TextLine id="tr_2_tl_11" custom="readingOrder {index:10;}">
                <Coords points="2194,1505 2205,1502 2221,1505 2234,1502 2242,1494 2253,1505 2274,1497 2266,1400 2253,1403 2248,1398 2232,1398 2207,1379 2197,1390 2186,1390"/>
                <Baseline points="2205,1453 2250,1456 2277,1459"/>
                <TextEquiv>
                    <Unicode>G.F.P.</Unicode>
                </TextEquiv>
            </TextLine>
            <TextLine id="tr_2_tl_12" custom="readingOrder {index:11;}">
                <Coords points="1269,1491 1302,1489 1328,1505 1347,1502 1352,1398 1334,1398 1320,1408 1302,1395 1291,1406 1275,1403"/>
                <Baseline points="1283,1483 1310,1483 1355,1480"/>
                <TextEquiv>
                    <Unicode>G.F.P.</Unicode>
                </TextEquiv>
            </TextLine>
            <TextLine id="tr_2_tl_13" custom="readingOrder {index:12;}">
                <Coords points="738,1587 2694,1609 2694,1499 2638,1491 738,1518"/>
                <Baseline points="752,1563 775,1563 820,1566 865,1566 910,1566 955,1563 999,1563 1044,1563 1089,1563 1134,1563 1178,1566 1223,1566 1268,1566 1313,1566 1357,1563 1402,1566 1447,1566 1492,1566 1537,1563 1581,1563 1626,1563 1671,1563 1716,1563 1760,1566 1805,1566 1850,1566 1895,1563 1939,1563 1984,1563 2029,1563 2074,1563 2119,1560 2163,1563 2208,1560 2253,1563 2298,1563 2342,1563 2387,1563 2432,1563 2477,1563 2521,1560 2566,1560 2611,1560 2656,1557 2701,1557"/>
                <TextEquiv>
                    <Unicode>ich würde Ihnen nicht raten, der deutschen Buchgemeinschaft</Unicode>
                </TextEquiv>
            </TextLine>
            <TextLine id="tr_2_tl_14" custom="readingOrder {index:13;}">
                <Coords points="673,1718 2670,1713 2670,1622 1924,1571 1486,1641 673,1620"/>
                <Baseline points="689,1671 707,1671 752,1671 796,1671 841,1671 886,1671 931,1671 975,1671 1020,1671 1065,1671 1110,1671 1155,1671 1199,1671 1244,1671 1289,1671 1334,1671 1378,1668 1423,1668 1468,1668 1513,1668 1557,1668 1602,1668 1647,1668 1692,1668 1737,1674 1781,1671 1826,1671 1871,1668 1916,1668 1960,1668 2005,1668 2050,1668 2095,1668 2139,1668 2184,1668 2229,1668 2274,1668 2319,1668 2363,1668 2408,1668 2453,1665 2498,1665 2542,1665 2587,1665 2632,1665 2677,1668"/>
                <TextEquiv>
                    <Unicode>irgend ein Werk zu geben. Diese Organisation kann die Bücher</Unicode>
                </TextEquiv>
            </TextLine>
            <TextLine id="tr_2_tl_15" custom="readingOrder {index:14;}">
                <Coords points="673,1833 2729,1801 2755,1697 673,1716"/>
                <Baseline points="689,1772 704,1772 749,1772 793,1772 838,1772 883,1772 928,1772 972,1772 1017,1775 1062,1775 1107,1772 1152,1772 1196,1775 1241,1775 1286,1775 1331,1775 1375,1775 1420,1772 1465,1772 1510,1772 1554,1772 1599,1772 1644,1772 1689,1772 1734,1775 1778,1775 1823,1775 1868,1772 1913,1775 1957,1772 2002,1772 2047,1772 2092,1772 2136,1772 2181,1775 2226,1772 2271,1775 2316,1772 2360,1772 2405,1772 2450,1772 2495,1772 2539,1772 2584,1772 2629,1769 2674,1769 2718,1766 2763,1766"/>
                <TextEquiv>
                    <Unicode>Ihren Mitgliedern zu einem billigen Preis liefern, weil sie das</Unicode>
                </TextEquiv>
            </TextLine>
            <TextLine id="tr_2_tl_16" custom="readingOrder {index:15;}">
                <Coords points="673,1922 2643,1919 2729,1903 2729,1817 673,1833"/>
                <Baseline points="689,1871 734,1874 778,1874 823,1877 868,1877 913,1877 958,1877 1002,1877 1047,1877 1092,1880 1137,1877 1181,1880 1226,1880 1271,1880 1316,1877 1360,1877 1405,1877 1450,1877 1495,1877 1540,1877 1584,1877 1629,1877 1674,1877 1719,1877 1763,1877 1808,1877 1853,1877 1898,1877 1942,1877 1987,1877 2032,1877 2077,1877 2122,1874 2166,1874 2211,1877 2256,1877 2301,1874 2345,1874 2390,1877 2435,1874 2480,1877 2524,1877 2569,1874 2614,1874 2659,1871 2704,1871 2733,1871"/>
                <TextEquiv>
                    <Unicode>Sortiment umgeht, also keinen Rabatt zu gewähren braucht. Dass</Unicode>
                </TextEquiv>
            </TextLine>
        </TextRegion>
        <TextRegion id="tr_1" custom="readingOrder {index:1;}">
            <Coords points="683,1925 2826,1925 2826,3245 683,3245"/>
            <TextLine id="tr_1_tl_1" custom="readingOrder {index:0;}">
                <Coords points="668,2047 2699,2020 2699,1905 671,1919"/>
                <Baseline points="686,1981 692,1981 737,1981 781,1981 826,1981 871,1981 916,1981 961,1981 1005,1981 1050,1981 1095,1981 1140,1981 1184,1978 1229,1981 1274,1981 1319,1981 1363,1981 1408,1981 1453,1981 1498,1981 1543,1978 1587,1981 1632,1981 1677,1981 1722,1981 1766,1981 1811,1981 1856,1981 1901,1981 1945,1978 1990,1978 2035,1981 2080,1981 2125,1978 2169,1978 2214,1978 2259,1978 2304,1978 2348,1978 2393,1978 2438,1981 2483,1978 2527,1978 2572,1978 2617,1978 2662,1975 2707,1978"/>
                <TextEquiv>
                    <Unicode>daneben eine normale Ausgabe im Buchhandel sich nicht geltend</Unicode>
                </TextEquiv>
            </TextLine>
            <TextLine id="tr_1_tl_2" custom="readingOrder {index:1;}">
                <Coords points="668,2141 2761,2133 2817,2028 668,2047"/>
                <Baseline points="683,2086 728,2083 773,2083 817,2086 862,2083 907,2086 952,2086 996,2086 1041,2086 1086,2086 1131,2086 1175,2086 1220,2086 1265,2086 1310,2089 1355,2086 1399,2086 1444,2086 1489,2086 1534,2083 1578,2083 1623,2083 1668,2086 1713,2086 1757,2086 1802,2086 1847,2083 1892,2086 1937,2083 1981,2086 2026,2083 2071,2083 2116,2086 2160,2083 2205,2083 2250,2086 2295,2086 2339,2083 2384,2083 2429,2083 2474,2083 2519,2083 2563,2083 2608,2083 2653,2083 2698,2083 2742,2083 2787,2083 2820,2086"/>
                <TextEquiv>
                    <Unicode>machen kann, liegt auf der Hand. Der Buchhandel befasst sich auch</Unicode>
                </TextEquiv>
            </TextLine>
            <TextLine id="tr_1_tl_3" custom="readingOrder {index:2;}">
                <Coords points="671,2266 2405,2194 2699,2242 2699,2122 671,2143"/>
                <Baseline points="686,2190 731,2190 775,2190 820,2190 865,2190 910,2187 955,2187 999,2190 1044,2187 1089,2187 1134,2187 1178,2190 1223,2190 1268,2190 1313,2190 1357,2187 1402,2190 1447,2190 1492,2190 1537,2187 1581,2187 1626,2187 1671,2187 1716,2187 1760,2190 1805,2190 1850,2190 1895,2190 1939,2187 1984,2190 2029,2190 2074,2190 2119,2190 2163,2193 2208,2193 2253,2190 2298,2190 2342,2187 2387,2187 2432,2187 2477,2187 2521,2187 2566,2190 2611,2193 2656,2190 2701,2196 2707,2193"/>
                <TextEquiv>
                    <Unicode>nicht mit Büchern, die in der Buchgemeinschaft erscheinen, ja</Unicode>
                </TextEquiv>
            </TextLine>
            <TextLine id="tr_1_tl_4" custom="readingOrder {index:3;}">
                <Coords points="681,2344 2074,2296 2598,2352 2758,2314 2758,2226 681,2256"/>
                <Baseline points="695,2295 740,2295 784,2295 829,2295 874,2295 919,2295 964,2292 1008,2292 1053,2295 1098,2295 1143,2295 1187,2295 1232,2295 1277,2295 1322,2295 1366,2295 1411,2295 1456,2295 1501,2295 1546,2292 1590,2295 1635,2292 1680,2295 1725,2295 1769,2295 1814,2295 1859,2295 1904,2295 1948,2295 1993,2295 2038,2295 2083,2292 2128,2292 2172,2292 2217,2292 2262,2292 2307,2292 2351,2289 2396,2289 2441,2289 2486,2292 2530,2292 2575,2292 2620,2292 2665,2292 2710,2295 2754,2301 2766,2301"/>
                <TextEquiv>
                    <Unicode>er nimmt zu Autoren, die in der Buchgemeinschat ein Buch haben,</Unicode>
                </TextEquiv>
            </TextLine>
            <TextLine id="tr_1_tl_5" custom="readingOrder {index:4;}">
                <Coords points="676,2411 967,2461 2376,2403 2608,2472 2819,2421 2819,2328 2683,2322 676,2333"/>
                <Baseline points="692,2396 737,2396 781,2396 826,2396 871,2396 916,2396 961,2396 1005,2396 1050,2399 1095,2399 1140,2399 1184,2399 1229,2399 1274,2402 1319,2402 1363,2396 1408,2396 1453,2396 1498,2399 1543,2396 1587,2399 1632,2396 1677,2396 1722,2396 1766,2396 1811,2396 1856,2396 1901,2396 1945,2396 1990,2396 2035,2399 2080,2399 2125,2396 2169,2396 2214,2399 2259,2396 2304,2396 2348,2399 2393,2396 2438,2396 2483,2393 2527,2393 2572,2393 2617,2393 2662,2393 2707,2393 2751,2393 2796,2396 2826,2399"/>
                <TextEquiv>
                    <Unicode>die Stellung einer passiven Resistenz ein, was eine grosse Schädi</Unicode>
                </TextEquiv>
            </TextLine>
            <TextLine id="tr_1_tl_6" custom="readingOrder {index:5;}">
                <Coords points="673,2531 767,2552 911,2509 938,2536 1037,2544 1138,2547 1200,2515 1368,2542 1384,2440 1296,2429 1216,2464 1114,2435 967,2461 885,2435 842,2459 727,2432 673,2451"/>
                <Baseline points="689,2510 719,2507 764,2504 808,2507 853,2504 898,2504 943,2504 987,2504 1032,2504 1077,2501 1122,2501 1166,2504 1211,2504 1256,2504 1301,2504 1346,2504 1390,2507"/>
                <TextEquiv>
                    <Unicode>gung mit sich bringt.</Unicode>
                </TextEquiv>
            </TextLine>
            <TextLine id="tr_1_tl_7" custom="readingOrder {index:6;}">
                <Coords points="770,2627 2667,2643 2667,2542 2226,2459 1887,2517 1694,2472 1467,2558 770,2547"/>
                <Baseline points="784,2605 829,2602 874,2605 919,2602 964,2602 1008,2602 1053,2602 1098,2605 1143,2605 1187,2602 1232,2605 1277,2605 1322,2605 1366,2602 1411,2605 1456,2605 1501,2602 1546,2605 1590,2605 1635,2605 1680,2605 1725,2605 1769,2605 1814,2605 1859,2605 1904,2602 1948,2605 1993,2605 2038,2605 2083,2605 2128,2605 2172,2602 2217,2602 2262,2602 2307,2602 2351,2602 2396,2599 2441,2602 2486,2602 2530,2602 2575,2602 2620,2602 2665,2602 2674,2605"/>
                <TextEquiv>
                    <Unicode>Die Korrekturen des ersten Aktes Ihres neuen Dramas haben</Unicode>
                </TextEquiv>
            </TextLine>
            <TextLine id="tr_1_tl_8" custom="readingOrder {index:7;}">
                <Coords points="671,2737 2787,2721 2769,2627 1256,2683 673,2606"/>
                <Baseline points="689,2710 734,2710 778,2710 823,2710 868,2710 913,2710 958,2710 1002,2710 1047,2710 1092,2710 1137,2710 1181,2707 1226,2710 1271,2710 1316,2710 1360,2713 1405,2710 1450,2710 1495,2710 1540,2710 1584,2710 1629,2710 1674,2710 1719,2710 1763,2713 1808,2715 1853,2710 1898,2710 1942,2710 1987,2710 2032,2710 2077,2707 2122,2707 2166,2707 2211,2707 2256,2707 2301,2707 2345,2707 2390,2707 2435,2707 2480,2707 2524,2707 2569,2707 2614,2710 2659,2707 2704,2710 2748,2710 2793,2707"/>
                <TextEquiv>
                    <Unicode>wir Ihnen gestern zugehen lassen; die weiteren Akte werden jetzt</Unicode>
                </TextEquiv>
            </TextLine>
            <TextLine id="tr_1_tl_9" custom="readingOrder {index:8;}">
                <Coords points="668,2822 796,2849 866,2819 1026,2884 1160,2830 1256,2884 1350,2854 1473,2860 1473,2785 1336,2750 1085,2763 1002,2715 853,2774 796,2753 668,2771"/>
                <Baseline points="683,2814 728,2811 773,2814 817,2814 862,2814 907,2814 952,2814 996,2814 1041,2814 1086,2814 1131,2814 1175,2814 1220,2814 1265,2811 1310,2811 1355,2814 1399,2814 1444,2814 1480,2814"/>
                <TextEquiv>
                    <Unicode>schneller folgen können.</Unicode>
                </TextEquiv>
            </TextLine>
            <TextLine id="tr_1_tl_10" custom="readingOrder {index:9;}">
                <Coords points="1628,2937 1767,2913 2389,2924 2389,2806 2242,2854 2133,2793 2052,2862 1932,2817 1836,2857 1628,2819"/>
                <Baseline points="1641,2912 1686,2912 1731,2912 1775,2912 1820,2912 1865,2912 1910,2912 1954,2912 1999,2912 2044,2909 2089,2909 2133,2909 2178,2909 2223,2909 2268,2912 2313,2912 2357,2912 2396,2915"/>
                <TextEquiv>
                    <Unicode>Mit herzlichen Grüssen</Unicode>
                </TextEquiv>
            </TextLine>
            <TextLine id="tr_1_tl_11" custom="readingOrder {index:10;}">
                <Coords points="1721,2991 1970,2988 1988,2974 2012,2988 2178,2972 2240,2985 2240,2932 2199,2916 1721,2924"/>
                <Baseline points="1737,2975 1751,2972 1796,2972 1841,2972 1886,2975 1931,2972 1975,2972 2020,2969 2065,2969 2110,2969 2154,2969 2199,2966 2244,2969"/>
                <TextEquiv>
                    <Unicode>S. FISCHER.VERLAG</Unicode>
                </TextEquiv>
            </TextLine>
            <TextLine id="tr_1_tl_12" custom="readingOrder {index:11;}">
                <Coords points="1783,3076 1836,3097 1927,3047 2010,3095 2082,3087 2117,3103 2149,3076 2178,3097 2199,3092 2202,2983 1785,2985"/>
                <Baseline points="1796,3026 1802,3023 1847,3023 1892,3023 1937,3023 1981,3023 2026,3020 2071,3020 2116,3020 2160,3014 2205,3014"/>
                <TextEquiv>
                    <Unicode>###TIENGESELISCHAFT</Unicode>
                </TextEquiv>
            </TextLine>
            <TextLine id="tr_1_tl_13" custom="readingOrder {index:12;}">
                <Coords points="2018,3306 2114,3287 2165,3309 2221,3298 2296,3239 2336,3258 2387,3236 2448,3252 2526,3231 2523,3151 2467,3146 2416,3100 2288,3138 2213,3095 2162,3103 2109,3079 2090,3095 2015,3092"/>
                <Baseline points="2032,3223 2077,3223 2122,3229 2166,3229 2211,3232 2256,3235 2301,3235 2345,3235 2390,3235 2435,3232 2480,3232 2524,3232 2532,3233"/>
                <TextEquiv>
                    <Unicode>Efischer</Unicode>
                </TextEquiv>
            </TextLine>
        </TextRegion>
    </Page>
</PcGts>
