3097 3800
734 201 2119 395 Der / Verlag / Berlin W 57/Bülow
1029 348 2218 455 Amt Lützow Nr. 1669. 6162 und 9292 / Postscheckkonto: Berlin Nr 1669
1081 436 1851 552 THEATERABTEILUNG
1046 480 2028 673 Berlin, den 31. Januar 1923
1123 659 1211 750 G.C.F.P
516 847 726 1026 Herrn
877 819 1572 1004 Lipp modo Fos si sami
830 963 1570 1073 Dr. Arthur Schnitzler
2419 919 2538 1079 G.H.F.P
999 1029 1308 1178 G.H.F.D.HaeF.
2306 1057 2499 1189 G.C.F.P.P
819 1148 1669 1250 voll eib eiä nebnälgme xxx
657 1131 756 1269 G.F.P.
2080 1172 2430 1319 TitaeA xxxo
1534 1195 1686 1357 G.H.F.P.P
458 1222 1443 1404 Sehr geehrter Herr Doktor,
568 1302 2566 1498 dass es mir, wie ich nach Ihrem
549 1435 2687 1614 freundlichen Schreiben vom 22. 1. den Anschein hat, zum Vorwurf
1523 1545 2635 1713 eteilt zu haben, dass wir von den
552 1589 1539 1768 gereichen könnte, Ihnen mitge¬
1520 1647 1630 1727 G.F.P
563 1675 2731 1881 holländischen „Reigen“-Aufführungen des Herrn van der Lugt keine
2039 1738 2439 1824 G.H.F.P.S.
568 1771 2704 2014 Provision erheben, hat mich insofern recht überrascht, als Ihre
1975 1879 2130 1950 G.C.F.P.
568 1923 2673 2138 Abwehr nicht energischer hätte sein können, wenn ich Ihnen das
2196 1995 2350 2061 G.C.F.P
1713 2014 1920 2080 Monsieur
582 2028 2695 2270 Gegenteil mitgeteilt haben würde. Da Reyding 10% abgezogen hat,
1172 2177 1252 2221 G.H.P
579 2182 2745 2378 so schien es mir angezeigt mit einem Worte anzudeuten, dass eine
593 2248 2767 2486 weitere Verkürzung nicht stattfinden werde. Was Reyding betrifft,
601 2436 2731 2643 so wäre es gewiss hübscher von ihm gewesen, er hätte keinen Ab-
601 2557 2723 2739 zuggemacht, doch sind die 10% höchstens ein Selbstkostenersatz,
612 2676 2828 2888 insbesondere für die zahlreichen gewechselten Telegramme in dieser
1953 2775 2778 2944 Mühe gegeben hat als Sie
607 2811 1862 3021 Angelegenheit, in der er sich weit mei-
618 2960 1686 3139 zu glauben scheinen. Das derglei¬
2659 3035 2781 3186 ist
629 3079 1675 3272 der bestehenden internationalen
1059 3219 1424 3379 unmöglich.
626 3236 1043 3388 bedauerlich.
