3227 4105
1269 272 1455 418 Maje.
698 360 2289 607 S. Fischer, Verlag, Berlin W., Bülowstrasse 90
1269 529 1621 657 25/5. 1915
743 939 1635 1164 Herrn Dr. Arthur Schnitzler
1668 1081 1879 1228 Wien
563 1242 1036 1411 Lieber Freund,
729 1325 2669 1527 die Numerierung der Vorzugsexemplare ist notwendig, damit die
588 1447 2569 1627 öffentliche Kontrolle über das verlegerische Versprechen, dass
585 1560 2744 1765 nur 200 signierte Exemplare in den Handel gebracht werden, sicherge-
593 1649 2694 1860 stellt ist. Das ist auch der Grund, weshalb mehr als 200 signierte
596 1782 2635 1968 Exemplare nicht in Verkehr kommen dürfen. Ziehen Sie vor, Heller
604 1848 2732 2048 eine geringere Anzahl von Exemplaren zuzuweisen und die Numerierung
610 1957 2671 2128 von 1 bis 100 sich selbst vorzubehalten, so bitte ich darüber mit
216 2059 308 2137 a 4
607 2084 2835 2247 Heller direkt zu verhandeln, er wird sich wohl in Anbetracht des guten
618 2198 2605 2372 Zweckes Ihren Wünschen fügen müssen. Wir haben nicht die Macht,
200 2245 330 2356 e e
621 2275 2791 2461 irgend einen Buchhändler daran zu hindern, mit signierten Exemplaren
227 2331 355 2447 J'ai
330 2250 460 2500 be
618 2417 2694 2572 Spekulation zu treiben, und wir haben auch nicht angenommen, dass
371 2469 504 2566 1 4
626 2475 2813 2658 Heller solche Absichten hat, da es mir schien, als ob Gelegenheit und
626 2611 1807 2785 Zweck jede Nebenabsicht ausschliesst.
765 2688 2846 2846 Von Ihren Dispositionen wegen der Verteilung der Erträgnisse haben
216 2713 313 2940 be
637 2780 2757 2962 wir Kenntnis genommen. Bitte lassen Sie uns die Rechnung Schmutzers
637 2907 2849 3059 über die gelieferten Radierungen zugehen, damit die Gesamtkosten fest-
646 3048 1172 3190 gestellt werden.
768 3073 2865 3265 Wir haben Ihnen im ganzen 25 Freiexemplare geschickt, die Sie wohl
643 3259 1491 3392 inzwischen erhalten haben.
1014 3339 1760 3497 Mit herzlichen Grüssen
1937 3364 2037 3536 Thn.
2090 3398 2630 3592 Fischer
352 3403 443 3600 6
338 3578 454 3708 F. 121
