3141 4216
1113 405 1506 554 Derle
596 478 723 587 1 i1
750 478 835 581 P.S.
926 523 1395 647 - 2 -
992 599 1385 711 G.C. G.
714 675 2317 847 Erst im Oktober 1917 wurde hier ein Gesetz erlassen
2003 756 2139 799 Fait y
209 783 2136 932 the „ Tradingwith - the - esmy act“ ; wonach der Alten Proporcy
209 790 2272 998 Astodien das gesamte feindliche Eigentum in den Vereinigten Staaten
188 844 2299 1053 inschliesslich aller Patente und Copyrighte übernahm. Nach diesem Ge-
163 901 2305 1104 setz hatte jeder an den Verwalter feindlichen Eigentums in Washington
163 929 2514 1153 unter anderem die Gelder zu zahlen, die er feindlichen Ausländern schuldete,
166 998 2396 1201 und nach den Bestimmungen dieses Gesetzes ist auch das Greenwich Village
166 1062 2217 1258 Theater verpflichtet, den rückständigen Betrag von 300 Dollar nach
166 1089 2411 1313 Washington zu zahlen. Ich habe den Allen property Custodian die Sachlage
169 1159 2314 1355 zusammen mit meinem mit dem Greenvich Village Theater abgeschlossenen
182 1180 2547 1413 Verträge unterbreitet und er hat infolgedessen den schuldigen Betrag bei dem
185 1249 2417 1467 Theater reklamiert. Wenn er ihn bereits bekommen hätte, so hättte er mich
185 1313 2411 1516 sicherlich verständigt; ich schreibe aber gleichzeitig nach Washington,
765 1385 2432 1570 Bei dieser Gelegenheit möchte ich Miss Colbrons Brief
191 1440 2465 1670 an Sie vom 3. Dezember insofern richtigstellen, als das Greenwich village
182 1467 898 1582 um micht zu erkundigen.
191 1473 2529 1733 Theater nicht als eine „Dilettanten-Bühne“ im deutschen Sinne zu verstehen
194 1558 2411 1770 ist. - Greenvieh village "ist für New York, was „quartuer Datin“ für
197 1591 2629 1824 Paris ist...xxxxxx in diesem Teile der Stadt, fern von dem
197 1652 2480 1879 Lärm des Brandway, haust die Boheme. Da die grossen sogenannten Geschäfts
206 1715 2480 1927 theater am Brandway den Ansprüchen dieses Publikums nicht gerecht werden,
209 1748 2523 1981 so haben einige Maecene vor 3 Jahren im Boheme-Viertel ein intimes Theater
218 1818 2408 2027 errichtet und as den Greenwich Village Player übergeben, die sich zum
215 1869 2414 2087 grossen Teil aus früheren Mitgliedern der Washington Square Flayers zu
221 1915 2347 2130 sammensetzes und der Kunst und Literatur eine Heimstätte in New York
215 2042 1470 2220 geben wollten. Dies zur Richtigstellung.
1301 2111 2181 2299 gez.. Hans Bartsch, -New York
1528 3092 1788 3213 G.C.H.F.P.
1364 3203 1827 3340 G.C.H.F.P.K
1349 3303 1906 3439 Monsieur, mais il y a
