2918 3976
1031 303 1253 446 mir noch
524 392 2077 603 S. Fischer. Derlag. Berlin
401 560 530 653 wÄmäänissä
378 647 2231 782 Amt Lützow 1862 u. 6162 Theaterabteilung postschedkonto An. 16692
897 737 1724 799 Berlin W 57, Bülowstraße Nr. 90.
1222 751 1892 897 xxxen seb Teid med
1973 759 2091 858 a
370 765 972 880 riv medad olggs ä
356 846 552 961 G/Sch
1009 844 2245 1048 Den 2. März
418 874 827 1031 enosineffedt
2119 972 2236 1087 G.H.F.P.
1384 958 1872 1121 medaiseckte J im
339 1062 552 1213 Herrn
572 1087 802 1213 G.C.H.F.P
1625 1068 1855 1225 dolanihe
1244 1054 1432 1177 .o.s.18
712 1104 1446 1242 Dr. Arthur Schnitzler
1858 1149 2248 1328 had ikw aenb
1023 1222 1398 1320 ab ht meule
572 1208 869 1309 ndl santos
1583 1199 1841 1340 W i e n
1858 1298 2242 1415 jedeberdsv.
894 1317 978 1404 P.S.
1062 1278 1463 1432 xxxsk hsaej
305 1284 768 1438 neese! Redege
331 1396 2138 1527 Sehr geehrter Herr Doktor,
1188 1516 2396 1620 in der Angelegenheit des tschechi¬
356 1536 681 1639 reb sasb.
2178 1597 2337 1656 mM
1048 1642 2447 1740 sind wir noch ohne ausführlichere Nachricht
356 1625 1057 1763 schen Reigen, Prag.
345 1732 2234 1847 unseres Vertreters, sodass sich die Situation noch nicht
350 1855 2354 1956 endgiltig beurteilen lässt, Rechtlich betrachtet konnte Herr
1900 1925 2057 1995 ihm
342 1920 2511 2065 Demetz im Glauben sein, dass er auf Grund der Ihnen übermittelten
345 2060 2391 2175 Bedingungen zum Abschluss berechtigt sei, sodass, wenn dieser
345 2161 2447 2306 Abschluss inzwischen faktisch zustandegeko mmen war, kaum etwas
1393 2256 1508 2329 Die
350 2262 2536 2385 dagegen unternommen werden kann. Absage die wir Herrn Demetz auf
350 2377 2455 2528 Ihren Wunsch sandten, müsste dann kurz nach erfolgtem Abschluss
359 2508 2606 2632 in Prag eingetroffen sein. Allerdings macht das ganze den Eindruck,
356 2618 2287 2724 als ob es sich da um ein scharfes Konkurrenzmanöver zweier
348 2707 2320 2861 Parteien handle. Das wird sich ja nun in den nächsten Tagen
350 2819 841 2959 herausstellen.
849 2898 2388 3027 Ihre Anweisung bezügl. „ Schwestern“ haben wir
359 3015 2399 3156 aus Ihrem Schreiben vom 23. 2. zur Kenntnis genommen. Was die
359 3130 2584 3262 Aufführungsrechte "Anatel " für Spanien betrifft, xxx war unsere
364 3240 2449 3397 Verhandlungsgrundlage so ziemlich dieselbe, wie die Ihnen ange-
362 3355 2424 3506 botennen Bedingungen. Wir hoffen die Sache auf telegraphischem
247 3469 1362 3548 Die oben genannten Bedingungen haben Sältigkeit bio zum
1401 3450 2340 3554 Sollten wir an diesem Tag noch keine
258 3540 2337 3610 entscheidende Antwort erhalten haben, so nehmen wir an, daß wir über das in Frage stehende Werk anderweitig verfügen können
