2876 3831
235 189 2415 353 S. FISCHER,VERLAG, BERLIN, Dr. Schnitzler v. 24.X1. 1921 Blatt 2
557 273 812 407 Theaterabteilung
298 439 2547 579 die gesamten Klagen vorzubringen, die wir gegen die Ungenauigkeiten
301 531 2605 700 und Verzögerungen bei den Verrechungen des Kramerschen Theaters schon
307 643 2378 815 so oft erhoben haben. Herr Demetz sagte uns zu, für Ordnung zu
301 752 2479 901 sorgen und es muss abgewartet werden, wie weit dieses Versprechen
2238 901 2476 973 Kramers
310 901 2177 1053 sich erfüllt. Immerhin übermitteln wir Ihnen das Ansuche
2238 909 2585 1036 la faveur ses ames
313 1018 2545 1182 und bitten um gefällige tunlichst umgehende Mitteilung, ob Sie sich
316 1165 1865 1271 zu diesem Entgegenkommen bereit finden wollen.
1873 1145 2375 1257 I have to be
1469 1191 1684 1268 G.C.F.P.
884 1254 2527 1354 Wegen " Reigen " haben wir Bitten um Verträge vom
2137 1297 2364 1368 G.C.F.P.S
961 1308 1885 1374 cʼest le manqué de nouveaux.
2350 1320 2677 1426 Chemnitzer
313 1317 2358 1475 Residenztheater in Weimar und vom Bremer Schauspielhaus. Die
2350 1377 2645 1489 G.C.H.F.P.S.
1411 1411 1641 1489 ̃:
935 1423 1150 1509 G.C.R.P.
318 1414 2499 1561 Volksbühne hat sich, wie der Direktor uns mitteilt, auf einen dila-
410 1543 645 1641 G.C.F.P
321 1563 2484 1667 torischen Brief von uns, direkt an Sie gewendet. Ferner teilt uns
1386 1635 1784 1716 a fait une même
321 1670 2395 1787 Bruno Loeser, Direktor des Altonaer Stadttheaters mit, dass er
439 1764 683 1842 G.C.H.F.P.
321 1753 2479 1934 gemeinsam mit Erich Engel, dem Oberregiseur der Hamburger Kammer-
1695 1850 1916 1925 G.C.F.P.
869 1870 981 1945 le recit et de ses
324 1862 2367 2000 spiele, eine Tournee mit "Reigen", während der Sommermonate
1242 1982 1354 2060 G.C.F.P.
330 1965 2590 2129 unternehmen möchte. Wir haben alle diese Anfragen bis zum Eintreffen
336 2080 2433 2235 Ihrer Entscheidung dilatorisch behandelt. Die Tournee des Herrn
1977 2177 2066 2246 G.F.P.
1578 2189 1664 2252 G.C.F.P.
330 2218 2516 2329 Loeser dürfte ja wohl kaum in Frage kommen, da wir selbstverständ-
313 2309 637 2381 mMauvaauva
336 2292 2530 2461 lich die Tournee des Herrn Sladek vorziehen würden. Immerhin haben
2229 2387 2327 2456 G.C.F.P.
1274 2395 1454 2519 G.C.P.
1274 2401 2427 2562 möglichst bald mit uns wegen des
339 2413 1285 2539 wir Herrn Sladek gebeten, si
339 2504 2464 2642 ganzen Planes in Verbindung zu setzen, damit unsere Dispositions
341 2608 2499 2748 freiheit nicht allzulange nach dieser Richtung beschrünkt bleibt.
895 2743 2502 2892 Wir nehmen zur Kenntnis, dass Sie sich "Reigen"
350 2852 2433 2998 für das Ausland vorbehalten und fragen ergebenst an, in welcher
344 2943 2611 3084 Weise an uns ergehende ausländische Anfragen bezw. Bemühungen unser¬
350 3093 2447 3219 er ausländischen Vertreter behandelt werden sollen. In Holland
359 3187 2502 3328 schweben bereits seit längerer Zeit Verhandlungen, die wir s. Zt.
359 3290 2410 3431 auf Grund Ihrer Mitteilung, dass ausländischen Aufführungen des
402 3411 2421 3546 Reigen" auch schon vor der Uraufführung in Berlin nichts im
