3258 4008
1451 197 1607 315 vante
2332 270 2497 429 L
2076 264 2168 450 E.
1246 280 1629 475 HE
1081 415 2828 604 Stenkame P in Berlin / Poetscheckkonto Berlin Nr. 16692 / Fernsprech-Anschlüssen: Amt Lütner Nr 1662, 6162 und 9292
577 450 941 582 Bankkonto: Deutsche
2119 469 2923 679 Berlin W 57, Bülowstraße 90 ###.
1189 922 2152 1141 Herrn Dr. Arthur Schaltzler.
1275 1440 1914 1588 Sehr geehrter ###,
1407 1596 2960 1750 vir haben Herrn Gustaf Alsdan die
849 1704 3017 1885 für die schrötische Ebersetzung von xxx
855 1817 2931 1976 da er unsere Offerte, 1900 sehr. Kronen zu beschien, akseptiert
841 1909 2699 2106 det. Herr Listen hat uns das Esserer in einem Staat
849 2014 2950 2200 u. 2434,24 bezahlt. Wir haben diese Summe auf Ihr Leute des 4er
865 2165 2087 2335 Deutschenüßak in Berlia werviesen.
1124 2200 2936 2386 Gleichseitig Eberreichen wir Ihnen zuliegend eine
892 2332 2990 2494 Dung über den Nordruck von „ Frau Zesto und The Zahn“. Wie M###
876 2416 2729 2599 ten um Mitteilung, ob wir das Besser In Betrage von für
884 2543 2766 2774 gleichfalls auf Ihr diesiges Matteste Geweisen sollen.
1731 2680 2667 2898 Mit verschwlicher Todachtung
2049 2834 2632 3041 8. Fischer Seelen
1874 2872 2049 3055 th
2276 2952 2669 3098 appuré
669 3500 968 3613 B. 795. 20000. 4. 18.
