2916 3752
2276 545 2415 680 12.22
539 539 1328 751 Derrn Dr. Arthur Schnitzler
482 851 2585 1016 Photographien, vielleicht aus vier Lebensaltern, zuschicken wollten,
488 951 2626 1152 die ich gern für das Buch von Specht benutzen möchte. Die Ergänzungs
488 1068 2585 1255 bände bekommen kein Porträt und für die Erzählenden Werke können wir
477 1198 1314 1366 das alte Bild verwenden.
640 1198 2650 1415 Für eine Luxusausgabe sind 1000 Exemplare zu viel, sie beeinflus-
493 1363 2490 1564 sen den Markt der normalen Ausgabe. Es ist ja nur eine Frage des
499 1461 2610 1637 Verkaufspreises und eigentlich zweckmässiger, 500 Exemplare zu einem
507 1561 2686 1764 sehr teuren Preis zu machen, als 1000 Exempl. zu einem mittleren Preis
501 1680 2607 1856 Ich würde deshalb vorschlagen, dass der Ricola-Verlag von "Liebelei"
507 1762 2585 1943 nur 500 Exemplare zu einem hohen Preis druckt. Hätte icheinen guten
504 1875 2539 2062 Illustrator, so würde ich vorschlagen, dass wir eine illustrierte
509 1965 2564 2157 Luxusausgabe von "Liebelei" bringen, der man, wie beim "Casanova",
523 2108 2637 2285 eine wohlfeilere Ausgabe danebenstellen könnte. Ich kenne die Wiener
523 2179 2699 2369 Graphiker nicht; wissen Sie einen Wiener Künstler, der so etwas machen
523 2295 2675 2490 könnte, dann wäre es ja für Sie lohnender, wenn wir die illustrierte
537 2444 1770 2607 Ausgabe der "Liebelei" selbst machten.
707 2504 2626 2721 Die andern Fragen wegen der Bühnenangelegenheiten beantwortet
534 2669 1171 2794 Herr Greiner direkt.
748 2691 2710 2881 Bei Gelegenheit des Neudrucks des Erzählenden Werke werden wir
542 2859 2564 2995 auch neue Auflagen von “Doktor Gräsler“ und "Beate“ drucken. Dass
564 2948 2650 3133 „Lebendige Stunden“ und „Grüne Kakadu“ neu gedruckt werden, habe ich
561 3062 1320 3209 Ihnen schon geschrieben.
715 3165 1406 3331 Mit herzlichen Grüssen
