3194 4072
2297 341 2688 488 Blatt 2
502 319 1742 508 S. FISCHER, VERLAG, BERLIN,
591 724 2727 913 nicht zu forcieren, weil sich nach einer erfolgreichen Aufführung
588 882 2602 1040 in Wien und Berlin leichter Garantien erzielen lassen werden.
746 979 2688 1146 Bitte lassen Sie uns gelegentlich wissen, wann das Buch er-
1922 1090 2666 1220 og in Wien stattfindet.
1548 1118 1634 1198 D'U
1623 1115 1872 1240 raufführ
1545 1085 1631 1232 V
591 1112 1559 1234 scheinen soll, resp. wann die
2008 1176 2272 1240 G.C.H.F.S.
749 1212 2663 1354 Wir waren einige Wochen in Oberstdorf, einem alpinen Salz-
588 1318 2702 1442 kammergut, wo es nicht so viel regnet wie bei Ihnen. Aber es hat
591 1390 2821 1559 für unsere Bedürfnisse doch genug geregnet.- Wir sehen Sie doch im
591 1514 1198 1670 Oktober in Berlin?
1118 1548 1867 1720 Mit herzlichen Grüssen
1928 1645 2061 1795 Ihr
2091 1772 2618 1980 J. Fischer
