2924 3879
311 537 2405 725 passive Teil unserer Tätigkeit das weit undankbarere Geschäft,
329 643 2478 807 gegenüber dem, was wir aktiv im Interesse unserer Autoren unter-
326 763 2461 919 nehmen. Derartige Anfragen führen in kaum mehr als 5% der Fälle
329 846 2387 1022 zu einem positiven Resultat und sind fast immer nur Versuchs-
344 957 2364 1139 ballons um zu erkunden, ob nicht auf
344 1098 2528 1254 diese Weise billig Geld zu verdienen sei. Der Hauptteil der guten
341 1169 2431 1371 Resultate, die wir erzielt haben(in einem halben Jahre 16 Aus-
349 1333 2487 1456 landsverkäufe), beruhte auf spontaner Agitation, deren Voraus-
352 1398 2449 1591 setzung allerdings xxx die Berechtigung ist. Dass wir in Ihren
358 1533 2569 1706 italienischen Angelegenheiten nichts auszurichten vermochten, liegt
364 1603 2513 1806 daran, dass es sich ausschliesslich um Anfragen von Uebersetzern
382 1750 2458 1911 (nicht Verlagen) handelte, Diese aber sind immer, von einzelnen
367 1856 2549 2017 Ausnahmen abgesehen, für den Hargeldlosen Verkehr. Die Forderung
382 1932 2581 2132 einer Garantie, pflegt fast durchgehende mit Schweigen beantwortet
376 2038 2449 2293 zu werden. Ueber die Angelegenheit Rangio haben wir Ihnen vor
1324 2182 1589 2308 omnisse
379 2217 1242 2367 kurzem bereits berichtet.
951 2261 2528 2458 Das "Reigen " (Hamburg) in unserer letzten Ab-
711 2326 843 2437 G.H.F.P.
1339 2387 1527 2443 G.C.H.P.
379 2384 2443 2575 rechnung nicht figuriert, liegt daran, dass bei den Hamburger
382 2505 2607 2707 Kimmerspielen eine Zahlungsstockung eingetreten ist. Die Direktion
393 2596 2552 2766 hat versprochen, bis zum 15. August zu bezahlen. Wir haben jedoch
1169 2710 1815 2807 3 actes de la nouvelle. — Aaravillez
396 2707 2578 2883 bereits die nötigen Schritte zur Sicherstellung unserer Ansprüche
896 2831 1917 2983 I ja Irenied. xxxn xxx
411 2875 822 3018 eingeleitet.
813 2883 2634 3101 Die Theatervertriebssumme aus dem zweiten Quartal
423 3054 2458 3227 wird Ihrem Wunsche gemäss auf Ihr Konto Deutsche Bank, Berlin,
417 3148 2775 3318 Depositenkasse P eingezahlt. Die Herrn Fischer persönlich betreffenden
423 3283 2737 3424 Teile Ihres Briefes werden ihm gleichzeitig übermittelt. Herr Fischer
1741 3365 2408 3523 vollxxx, dass xxxl.
420 3383 1721 3541 ist bis Ende August bei Berchtesgaden.
2044 3468 2352 3609 hachtung.
1377 3491 1724 3644 Mit vorzü,
1597 3521 1812 3641 6. FISO
1603 3606 2182 3714 THEATERABTEII UNG
