3079 3784
959 181 1752 422 Fischer / Verlag / A.=B
1790 230 2134 376 Berlin 8
747 405 2341 523 into: Deutsche Bank, Depositenkasse P in Berlin / Postscheckkonto: Berlin
985 457 2034 574 Fernsprechanschlüsse: Amt Lützow Nr. 6162 bis
1517 537 1703 669 Gestraße
560 675 890 853 Herrn Dr.
951 712 1089 867 rthu.
925 807 1048 939 G.C.P.
405 888 1293 1066 Lieber Freund,
1617 936 1790 1031 G.H.F.P.
256 985 391 1152 G.C.F.P.
465 1043 595 1140 G.H.F.P.
641 1017 2588 1163 wir brauchen zwischen dem Erscheinen einer Hovelle in der
396 1138 483 1244 G.C.P.
560 1140 2740 1273 «Rundschau» und der Buchausgabe mindestens einen Zeitraum von drei
204 1224 531 1356 G.C.H.F.P.
529 1258 2792 1385 Monaten; die Novelle müsste also im Septemhanhaft abgedruckt werden.
557 1341 2864 1522 Dieses Heft ist aber schon voll besetzt und auch im Oktoberheft lassen
557 1453 2832 1637 sich 50 seiten nur dann unterbringen, wenn es uns gelingt, durch eine
540 1557 2792 1718 Umstellung des Inhalts Raum zu schaffen; wenn wir annehmen, dass das
543 1669 2700 1824 gelingt, so dürfte die Buchausgabe keineswegs vor Anfang Dezember
546 1749 2763 1896 ausgegeben werden. Ich bin ganz Ihrer Meinung, dass eine Novelle im
549 1879 2818 2002 Interesse der Wirkung nicht auf zwei Hefte verteilt werden sollte und
537 1965 2844 2126 ich bitte Sie nun festzustellen, ob die Buchausgabe erst Anfang Dezem-
531 2060 1238 2206 berascheinen könnte.
1456 2083 1815 2206 G.C.H.F.P.
629 2154 2074 2341 Wenn wir das Manuskript Ihrer Novelle etwa
2209 2166 2746 2358 Tagen in Händen
531 2292 2671 2442 haben, werden wir auch in der Lage sein, festzustellen, ob wir im
531 2373 1698 2536 Oktoberheft 50 Seiten freibekommen.
623 2467 2623 2646 Für die Buchausgabe der „Komodie der Verführung“ brauchen wir
529 2605 2617 2775 nach dem endgültigen Imprinatur noch etwa 6 Wochen Zeit bis zur
523 2680 1594 2838 Fertigstellung des Buches. Wenn
2045 2729 2850 2864 Anfang Oktober erscheinen.
520 2786 1410 2898 soll, dann wäre es immerhin
526 2887 1287 2990 Hälfte des September zu
531 2970 1235 3117 Exemplare rechtzeitig
517 3076 1241 3223 den Bühnen das Buch von
597 3188 1138 3346 können doch kann
