2957 3959
1271 245 1461 361 4821
2211 487 2614 690 28th:-
1121 577 1501 684 = Blatt 2
698 766 1229 856 würde bekommen
1285 779 2733 903 Diese Mitteilung hat Herrn Wantoch schon
1048 837 1229 913 ou le dernier ou le
700 882 2672 985 damals sehr verdrossen und er hat es dann vorgezogen, seinen
706 958 1472 1098 Auftrag zurückzuziehen.
1024 1071 2764 1179 Das Verhältnis unseres Verlages zu dem Leipziger Bar¬
695 1190 2696 1316 Sortiment hat mit dieser Angelegenheit an und für sich nichts
700 1303 2632 1382 zu tun. Alle Grosshändler von Büchern haben natürlich in der
700 1379 2632 1479 jetzigen Zeit der Preissteigerungen ein lebhaftes Jnteresse
706 1485 2756 1590 daran, die greifbaren Vorräte an sich zu saugen, um dann die Vor-
700 1577 2817 1685 teile der Preissteigerung für sich auszuschöpfen. Damit würde aber
692 1677 2733 1816 den Jnteressen des Verlages und der Autoren nicht gedient sein
706 1785 2654 1906 und es ist mir deshalb zur Pflicht gemacht, dafür zu sorgen,
706 1880 2719 2038 dass Speskulationskäufen von Grossisten vorgebeugt wird.pa na-
700 1982 2780 2130 türlich sehr viele Verleger jetzt nach diesem Gesichtspunkt ver-
698 2117 2659 2190 fahren, ist das Barsortiment natürlich in einer schweren Lage
692 2182 2777 2309 und es ist verständlich, dass es Not hat, von den namhaften Ver-
690 2298 1861 2427 legern mit Ware versorgt zu werden.
1024 2377 2696 2511 Es bleibt alsovon den ganzen Anschuldigen des Herrn
695 2490 2719 2619 Wantoch nichts zurück. Der Umstand, dass wir Spekulationskäufen
774 2588 903 2654 vermeint
695 2604 2714 2717 der Sortimenter und der Grossisten keinen Vorschub leisten, ist
692 2704 2685 2812 eine notwendige Massnahme, ohne die Verlag und Autor erheblich
684 2788 1527 2927 zu Schaden kommen würden.
1014 2893 2661 3030 Jch bedauere ausserordentlich, erstmalig bei einer
690 2983 2796 3141 solchen Gelegenheit Veranlassung zu haben, Jhnen meine ganz beson¬
695 3106 2698 3220 dere Verehrung zum Ausdruck bringen zu können und bin mit den
692 3191 1635 3343 verbindlichsten Empfehlungen
1777 3330 1916 3420 Jhr
1840 3388 2340 3578 sehr ergebener
1903 3512 2319 3743 Otto Greiß
