2940 3895
1321 223 1491 382 534
458 382 2600 549 Fischer/Verlag/Berlin M 57/Bülowstraße 9o
339 608 2611 724 Amt Lüyow 1662, 6162, 9292 Theaterabteilung Postscheckonto Nr. 16892
2192 690 2421 829 resolues.
591 738 764 832 G./B.
382 719 2291 928 xyz I.
362 888 2427 993 gebütsw EHerrnnia das jebseweg Jierin nedooW negimie Tov atlem
1791 990 2461 1137 Theft.drowjnA Tenies
238 993 1861 1123 Dr. Arthur Schnitzler,
1256 1103 2461 1259 Wie n 18
373 1103 823 1219 aeyesno jien.
651 1242 2464 1330 Sehr geehrter Herr.Doktor### emies xxx Jnoin aegeireV
651 1341 2684 1462 In Beantwortung einiger Anfragen, die Sie in letzter
642 1445 2747 1556 Zeit an uns gerichtet haben, teilen wir Ihnen ergebenst folgen-
1199 1556 2450 1675 3 ueend aev endo,redundz bemmergebte:
659 1539 948 1644 des mit:
973 1658 2716 1754 Die auf Ihr Züricher Konto überwiesenen 400 dänische
642 1765 2747 1861 Kronen aus Kopenhagen enthalten natürlich nur die 20 prozentige
738 1833 1361 1892 Mais lʼhonneur avec les mêmes.
653 1873 2718 1963 Provision des Herrn Kalckal der aus dieser auch den Anteil des
642 1991 2721 2068 Uebersetzers zu bestreiten hat. Unsere eigene Provision ist in
642 2057 2679 2195 diesem Betrage nicht mitberechnet und wird in der von uns be-
639 2184 2747 2280 reits mehrfach dargestellten Weise hier in Mark zu Ihren Lasten
639 2303 2781 2390 geschrieben. Wir haben zur Kenntnis genommen, dass Sie auf einen
648 2387 2651 2543 ausdrücklichen Beweis für die richtige Umrechnung in solchen
636 2492 2735 2622 Fällen Verzicht leisten, sehen aber dann nicht ein, welches In-
653 2608 2733 2727 teresse Sie an der von Ihnen gewünschten Handhabung noch nehmen
639 2713 2665 2829 können, wenn nicht das zu vermeiden, dassgelegentlich der Um-
639 2817 2679 2942 rechnung irgendwelche Ungenauigkeiten vorkommen, häre der von
636 2939 2693 3041 vorgeschlagene Weg für uns tatsächlich der einfachere, so hat-
648 3044 2704 3185 ten wir ja nicht den geringsten Grund davon abzuraten. Wir tun
631 3154 2634 3301 dies doch nur, weil wir darin eine bedeutende technische Er-
625 3228 2679 3389 schwerung für uns erblicken und lieber auf den Vorteil, unsere
617 3332 2752 3547 Provision in ausländischer Valuta zu bekommen, Verzicht leisten
402 3448 563 3689 R. 1000. a 2
