2960 3896
2651 266 2741 379 1
396 226 2620 413 S. FISCHER,VERLAG, BERLIN, Herrn Dr. Schnitsler Blatt II.
695 373 969 464 Theaterabteilung
1908 856 2688 1029 Holland anbetrifft, so
1340 865 1919 1032 Was "Reigen " in
509 995 2710 1122 ist die Angelegenheit immer noch zu keinem Ende gediehen. Möglich,
509 1097 2775 1218 dass die Leute aus irgend welchen Gründen davon zurückgekommen sind.
506 1235 2657 1328 Die Gefahr einer freibeuterischen Aisnützung schüent kaum zu be-
514 1303 2747 1453 stehen, wir wollten nur für alle Fälle gerüstet sein. Der Direktor,
2549 1388 2671 1447 G.C.H.
517 1433 2775 1532 der sich bewirbt, ist übrigens kein Deutscher sondern ein Holländer,
2442 1498 2756 1619 lʼauteur de lʼautre sérieuse.
512 1523 2660 1676 aber auch im andern Falle wäre unsere position äusserst schwach,
523 1619 2722 1797 wenn wir nichts andres einzusetzen haben als die Hoffnung auf den
526 1749 2631 1891 guten Charakter eines Menagers. Die Lage der urheberrechtlichen
2402 1820 2617 1885 G.C.H.F.P.S
2100 1823 2289 1882 3
531 1820 2631 1984 Verhältnisse in Holland ist zu wenig bekannt, als dass man ohne
870 1959 967 2021 le sujet a eu une
534 1947 2747 2086 weiteres ein räuberisches Vorgehen erwarten dürfte. Mit irgend wel-
531 2032 2668 2196 chen Hemmungen moralischer Art kann aber nicht gerechnet werden.
529 2159 2733 2286 Wir warten nun noch E - 2 Tage zu und werden dann, falls eine Ant-
529 2247 2801 2402 wort bis dahin nicht erfolgt sein sollte, die Verhandlungen auf neuer
529 2368 2012 2555 Bahn und in direkter Weise wieder aufnehmen.
1495 2566 2450 2708 Mit vorzüglicher Hochachtung
1679 2679 2247 2798 S. FISCHER, VERLAG
2269 2671 2445 2857 Gunn
1687 2764 2247 2922 THEATERABTEII UNG
517 2953 673 3069 P.S.
692 2968 2496 3117 In einer Ihrer letzten Depeschen kommen die Worte vor
548 3092 2727 3250 „Schweden einverstanden“. Wollen Sie uns gefl.mitteilen, auf welche
534 3188 2442 3346 Angelegenheit sich diese Einverständniserklärung bezieht.
