3171 4040
1281 345 1510 488 461.
882 459 2451 628 S. Fischer. Verlag. Berlin
756 594 853 668 kommun.
2394 605 2537 711 ̄' „ „ ̃
745 688 2588 802 Amt Lützow 1662 u. 6162 Theaterabteilung postscheckkonto Nr. 16892
297 693 548 796 G.C.H.P.
1239 776 2078 865 Berlin W 57, Bülowstraße Nr. 90
870 808 953 919 G.C.F.P.
1384 819 1532 907 G.C.F.P.
1341 896 2009 1039 Den 10. Juni 1920
2038 925 2200 1047 G.C.F.P.
302 1016 405 1122 G.C.F.P.
2066 1010 2200 1130 G.C.F.P.
699 1084 1304 1216 Sehr geehrter Herr
1932 1107 2200 1233 G.C.H.F.P.
933 1196 2842 1333 die Krise, in der mich der Verlagsbuchhandel befindet, hat
702 1298 2965 1421 bereits vor längerer Zeit auch auf die Bühnenvertriebsanstalten über-
693 1413 2865 1504 zugreifen begonnen, sodass eine grosse Anzahl von Theaterverlegern
691 1510 2988 1641 sich bereits genötigt gesehen hat, die Provisionssütze für den Bühnen-
696 1624 2965 1741 vertrieb zu erhöhen. Wir haben von einer derartigen Massnahme bisher
688 1709 2805 1815 abgesehen und durch Sparsamkeit in Betrieb, soweit sie sich ohne
685 1806 2954 1923 Schädigung der uns anvertrauten Interessen durchführen liess, die von
679 1886 2834 2023 Tag zu Tag sich steigernde Zunahme der Selbstkosten auszugleichen
685 2006 2791 2143 versucht. Nun ist aber ver kurzem sowohl eine jähe Erhöhung der
673 2123 2885 2254 Portogebühren für Briefe und Telegramme auf das Vierfache der Frio-
676 2215 2894 2371 denstaxen, als auch eine gleichzeitige neuerliche Steigerung der Ge-
673 2323 2937 2454 hälter der Angestellten im 50--80% über die Ende 1910, gezahlten Sätze
668 2423 2845 2566 hinaus eingetreten, sodass es nicht mehr möglich ist, Ausgaben und
662 2523 2874 2674 Einnahmen bei den bisherigen Provisionen miteinander in Einklang zu
665 2625 2871 2771 bringen. Die Verteuerung der Theaterplätze hat in dieser Beziehung
662 2728 2931 2857 nur sehr bedingt regulierend gewirkt: die durch sie erzielte Erhöhung
659 2837 2899 2956 der Einnahmen (seit Dezember 1019) beläuft sich auf ca. 30x, während
665 2914 2768 3062 die faktische Zunahme der Betriebskosten während dieser Zeit auf
682 2994 785 3042 :...
688 3016 2951 3165 ca. 70-80% zu bewerten ist. Denn neben Porti und Arbeitslöhnen haben
654 3145 2925 3288 sich ja auch alle Korrespondenzmaterialien, Inserate, Bühnenprospekte
656 3256 2828 3402 etc. um ein Vielfaches im Preis erhöht und lassen sich trotz aller
648 3342 2859 3479 Einschränkungen im Gesamtbudget unseres Bühnenvertriebes nicht mehr
654 3439 1096 3559 unterbringen.
1122 3467 1735 3576 Endlich wollen Sie
1724 3490 2914 3673 gefälligstatten wir die Gefehlig nöchten, dass
1635 3559 1735 3604 le précaue de ses autres.
545 3536 1530 3619 Die oben genannten Bedingungen haben Sältigkeit bis zum
551 3604 2654 3701 entscheidende Antwort erhalten haben, so nehmen wir an, daß wir über das in Frage stehende Werk anderweitig verfügen könne.
431 3630 539 3704 O. 226.
