3253 4119
1519 454 2421 631 Derlag Berlin
1038 471 1490 674 Fischer —
706 677 2545 807 Amt Lützow 1662 u. 6162 Theaterabteilung postscheckkonto Nr. 16692
1056 746 2213 830 Bankkonto: Deutsche Bank Depositenkasse P in Berlin
1099 819 2282 957 Berlin W, Bülowstraße 90, den. 6.Januam 192
561 1114 793 1270 Herrn
868 1224 1646 1365 Dr. Arthur Schnitzler
1750 1313 1903 1466 W 1
1655 1417 1790 1547 -- —:
573 1527 1484 1689 Sehr verehrter Herr Doktor,
1501 1547 2823 1776 Herr von Ompteda war vor einigen Tagen
564 1747 2866 1892 bei mir, um über den Abschluss unseres Generalvertrages zu konferie-
558 1857 2733 1999 ren. Der Vertrag selbst ist noch nicht perfekt, ich erwarte aber
570 1955 2736 2083 jeden Tag seine Unterschrift dazu. Wie mir Herr von Ompteda dar-
570 2033 2852 2187 gestellt hat, ist er Leiter eines gut fundierten und ausgebreiteten
567 2175 2866 2305 Theatervertriebes, der zu den diversen Capo comices die besten Be-
564 2282 2875 2407 ziehungen unterhält und sie auch in gewissem Grade von sich abhängig
567 2421 2887 2540 gemacht hat, sodass er in der Lage ist, zuweilen auf deren Repertoire
567 2519 2704 2644 zwangsmässig Einfluss zu nehmen. Mit anderen Worten: Ich sehe i.
573 2621 2733 2754 Vereinbarung mit Herrn von Ampteda eine bessere materielle Gewäh-
561 2710 2829 2843 für die Zukunft, als in der Verbindung mit Prof. Richter und dessen
552 2826 2751 2973 Mitarbeiter Herrn Sismonde, die sich beide wohl mit grossem Eifer
1299 2901 1403 2971 O.
561 2916 1614 3063 für Hauptmann eingesetzt haben,
2013 2947 2707 3083 noch kein Ergebnis der Zuschluße zu
573 3026 1287 3185 weisen konnten. Da wir
1331 3034 1449 3144 nun.
599 3147 1394 3303 talien angeknüpft haben.
552 3271 1244 3390 mit um so geringerem
552 3373 772 3523 mal li
