3166 3769
1021 761 1280 875 alin 2t.
1148 844 1238 944 24.
1234 1220 2109 1408 Sehr verehrter lieber Herr Dr.
1586 1390 2250 1526 Gerade war ich im
966 1476 2258 1600 Begriff, einen ausführlichen Brief an Sie
976 1561 2272 1674 zu richten, da ich gestern eine einge¬
952 1617 2282 1745 hende Unterredung mit Herrn Fischer
959 1684 2205 1815 hatte, in der alles, ich hoffe.: endgültig.
954 1774 2334 1872 klärgertellt werde, als eben die lapie Ihres
993 1849 2284 1954 an ihn gerichteten Schreibens in meine
997 1879 2329 2014 Hände gelangt: eine vertrake Ergänzung,
993 1971 2303 2097 die mich in die Lage versetzt, klipp und
1000 2052 1891 2195 klar alles zu formulieren:
1024 2183 2265 2315 Mit der Art der Inlandsnerrechnung
1024 2279 2351 2392 sind Sie ja einverstanden; Herr Fischer
1030 2348 2315 2441 sagte mir zu, Ihrem Wünsche, neder
1030 2413 2370 2539 zur Tantièmenberechnung vom Leden¬
1024 2518 2350 2602 preis zwückzukamen, entwachen zu
1045 2570 2291 2690 wden. Die Frage, die dann zu ant¬
1050 2645 2338 2776 scheiden wäre, ist die der Höhe des
1036 2719 2205 2851 Prozentsches. Über deren Punkt ich
1153 2802 2291 2922 Fischer Ihnen direct schreiben
1227 2881 2293 3011 über die Reclam - Angelegen¬
1464 2984 1732 3083 eine
1540 3042 1655 3161 lage
1021 3364 1258 3451 Ilmoit a iai leur a état dit ea de la rue
708 3345 993 3460 ware es
2623 3441 2915 3560 es führen.
