3099 3785
1581 236 1947 475 VERLAG
1052 305 1451 617 28/11. 22
426 414 1019 632 Dr. A. Schnitzler
611 611 2851 825 Noch eine Bemerkung bezüglich Herrn Vantoch: Die Andrésche Buchhand-
490 759 2782 919 lung in prag hat ein ganz grosses Lager unserer Verlagswerke und auch
487 856 2809 1061 Ihrer Werke. Diese Firma war royal genug, die Lieferung zu einem Zeit-
481 959 2909 1149 punkt zu verlangen, der uns erlaubte, zu angemessenen Preisen zu liefern.
493 1055 2788 1240 Uebrigens erreichen die Preise der Bücher im gegenwärtigen Augenblick
508 1164 2752 1364 eine solche Höhe, dass die Hamsterei der Sortimenter nunmehr der Ge-
499 1306 1669 1509 schichte angehören wird.
1294 1376 2053 1594 Mit herzlichen Grüssen
1470 1497 1587 1630 Ihr
1600 1554 2229 1841 fische
