2924 3879
1236 206 1371 389 10
346 312 2489 541 S. Fischer/Verlag/Berlin W 57/Bülowstraße 9o
567 466 2280 607 Bankkonto: Deutsche Bank, Depositenkasse P in Berlin / Postscheckkonto; Berlin Nr. 16892
1039 535 2011 687 manschlüsse: Amt Lützow Nr. 1662. 6162 und 9292
853 564 993 647 Fernspru-
2080 555 2715 710 Den 27. Juli 1921.
343 595 572 741 Gr/Pr.
2363 652 2707 947 emerit
338 807 1302 984 Herrn Dr. Arthur Schnitzler,
2506 944 2598 1036 r
1871 959 2097 1107 Wien
833 1073 1711 1310 Sehr geehrter Herr Doktor!
1720 1205 1866 1319 den
1127 1248 2712 1391 Heute erhalten wir in Uebersetzung beiliegenden
466 1402 2730 1557 Brief der Firma Brandt & Kirpatrick in New-York, den wir hiermit zu
472 1471 2738 1660 Ihrer Kenntnis bringen. Leider ist der Brief recht unklar, insofern,
469 1608 2750 1774 als er keinerlei Angebot für die Copyrigte Bücher enthält, noch auf
481 1720 2775 1857 die Frage der Garantie neuerlich eingeht. Wir haben daher sofort eine
478 1817 2764 1991 Rückfrage an Brandt & Kirpatrick gerichtet, im übrigen bitten wir um
492 1946 2175 2120 Ihre Meinungsäusserung zu dem beiliegenden Briefe.
1190 2031 2724 2186 Ueber "Professor Bernhardi" könnte man ja ohne
498 2149 2675 2286 weiteres neu verfügen, dagegen ist "Weg ins Freie" fest gebunden.
504 2237 2770 2418 Was "Zwischenspiel" anbetrifft, so besteht nach unseren Vormerkungen
501 2343 2775 2526 ein Vertrag mit Bjorkmann. Es ist uns jedoch nicht bekannt, ob dieser
504 2478 1433 2629 zur Ausführung gelangt ist.
1391 2564 2355 2784 Mit vorzüglicher Hochachtung
2054 2698 2192 2761 LAG!
1625 2710 1949 2778 S. FISCHER
1619 2750 2183 2878 AUSLANDSABTEILUNG
2195 2712 2461 2916 Gem.
521 2876 2775 3122 P. S. Anbei übersenden wir Ihnen eine Liste derjenigen Ihrer Bücher,
526 3076 1376 3245 die kein Copyright haben.
521 3196 2732 3345 P. S. Herr Haggie schrieb uns zuletzt aus Frankreich und sagte uns
541 3279 2830 3445 weitere Nachricht nach seiner Rückkehr zu. Wir haben diese inzwischen
607 3442 1156 3619 1 ihm reklamiert.
346 3454 435 3640 v. 21.
