3143 3976
2676 212 2773 359 2.
642 517 2846 670 Kräfte mit einer durch Sachkenntnis ungetrübten Unverschämtheit für
659 664 2829 791 einen Verlagsplan, der weit über das hinausgeht, was ich selbst in
647 755 2210 887 meinem eigenen Verlag jemals beabsichtigt habe.
780 862 2886 972 Er glaubt dazu das Mittel in der Hand zu haben, wenn er mir
664 961 2928 1063 das Papierquantum versagt, das ich augenblicklich in Oesterreich habe
656 1032 2778 1184 möchte, um die Werke österreichischer Autoren meines Verlages in
661 1150 2840 1258 Oesterreich drucken zu können. Mit dieser Pistole in der Hand soll
670 1246 2838 1427 eine Verbindung erzwungen werden, für die ich, wie Sie sich denken
661 1362 1566 1506 können, nicht zu haben bin.
763 1430 2903 1591 Kann ich in Oesterreich Papier nur bekommen, wenn ich selbst dort
670 1574 2920 1701 eine Filiale errichte, so habe ich mich zu fragen, ob eine solche Fi-
673 1670 2821 1786 liale über die momentane Papiernot hinaus Sinn und Zweck hat. Sie
1179 1764 1289 1826 auch
673 1778 2809 1933 wissen, dass ich in diesem Punkte immer etwas skeptisch war, aber
675 1871 2857 1995 schliesslich wäre eine Geschäftsstelle meines Verlages in Wien mit
2041 1939 2165 2007 G.C.H.F.P.
1653 1950 1795 2009 G.C.H.F.P
678 1956 2857 2125 gewissen Vorteilen verbunden, und ich habe mich einem solchen ver-
670 2072 2849 2199 hältnismässig bescheidenen Plane nicht grundsätzlich verschlossen.
687 2188 2857 2320 Ein Irrtum ist es aber, dass ich den Plan der Filiale in die erste
681 2264 2956 2408 Linie gerückt sehen wollte. Ich habe betont, dass die österreichische
684 2397 2920 2515 Regierung eine moralische Verpflichtung hätte, mich bei der Druckle-
692 2501 2857 2628 gung von Werken österreichischer Autoren zu unterstützen, in einer
690 2580 2897 2716 Zeit, wo in Deutschland das Papier knapp ist und wo von Oesterreich
692 2702 2897 2809 die Papierausfuhr gesperrt ist. Kann die Regierung diesen Vorschlag
698 2812 2806 2920 nichtaakzeptieren, so muss ich versuchen, das Papier ohne sie zu
704 2886 2804 3004 bekommen. Ich höre, dass einige deutsche Verleger in Oesterreich
695 2979 2804 3123 schon drucken liessen, ohne sich an die Regierung zu kehren. Ich
707 3050 2959 3228 Gurfte also der Meinung sein, dass mir meine österreichischen Autoren
707 3188 2928 3346 nunmehr auch bei der Beschaffung der nötigen Papierquanten in Oester
