3091 4105
1272 253 1431 423 876
796 373 2294 561 S. Fischer/Verlag / A.-G. Berlin W 57
558 543 2553 667 Bankkonto: Deutsche Bank, Depositenkasse P in Berlin/Potscheckkonte: Berlin Nr. 16692
969 614 2141 746 Fernsprechanschlüsse: Amt Lützow Nr. 6162 bis 6164
1366 682 1739 770 Bülowstraße 90
966 728 2127 875 Telegramm.Adresse: Fischerverlag 6162 Berlinlützow
1219 828 2529 984 Titel Engelbaal 11. Juli 28
464 840 679 978 F/St.
1583 990 2071 1119 P. A. -
670 1046 1166 1198 Lieber Freund,
1413 1025 1839 1198 Reine
684 1201 2702 1363 ich entnehme Ihrem Brief zu meinem Bedauern, dass Sie die an
552 1304 2594 1475 sich unwesentliche Frage der Titelgebung der einzelnen Bände,
549 1392 2799 1601 persönlich nehmen, während sie ausschliesslich sachlich zu bewerten
561 1560 705 1674 ist.
652 1577 2770 1765 Seitdem wir von mehreren Jahren Ihre Gesammelten Werke gedruckt
555 1710 2858 1880 haben, haben sich die Verhältnisse für Gesamtausgaben so katastraphal
561 1862 2805 1977 entwickelt, dass wir nichts unterlassen dürfen, um eine für den Ver-
555 1939 2761 2083 kauf zweckmässigste Form zu finden. Wir haben ja beide das gleiche
558 2062 2876 2183 Interesse; die Bücher sollen verkauft werden. Da das bei mehrbändigen,
546 2174 2814 2300 gesammelten Werken heute sehr schwierig ist, so ist doch kein Augen-
558 2265 2914 2435 blick daran zu zweifeln, dass wir das durch einzelne Bände zu erreichen
552 2394 1037 2529 suchen müssen.
682 2426 2755 2614 Wenn Sie auf die Gesamtausgaben von Hesse, Mann und Vassermann
558 2567 2694 2714 verweisen, so liegen die Verhältnisse in diesen Fällen insoferne
561 2661 2720 2846 günstiger, als fast nur abgeschlossene Bände in Frage kommen. Bei
549 2808 2823 2940 Wassermann sind die Novellen zusammengefasst in zwei Bänden und zwar
549 2890 2808 3014 unter dem Titel: "Historische Erzählungen", resp. "Fränkische Erzhäh-
555 2984 2876 3114 lungen". Bei Mann gibt es in einem 1 Obändigen Werk nur Novellenbände,
558 3078 2855 3217 da war eine besondere Titelgebung nicht unbedingt notwendig, obgleich
543 3205 2767 3305 wir sehr wohl im Absatz den Unterschied zwischen den geschlossenen
538 3325 2796 3454 Romanbänden und den beiden Novellen-Sammelbäuden spüren. Bei andern
555 3440 2779 3584 Gesamtausgaben wird diese Frage erst akut werden, wenn Neuauflagen
