3128 3864
774 312 2336 521 1.8.
668 538 2510 739 «««a««i««w«iM«i!««j pnuliaJdoratn«d.««.«-««*
1156 624 2010 736 G.C.H..V.,T. W n/o 4.6.
530 691 2648 850 In Zukunft die Angelegenheiten erahmungsmässig abwickeln werdem xxx
536 786 2745 992 sodass eine derantige Massnahme nicht notwendig sein dürfte. Wir haben
536 903 2731 1109 ausserdem nochmals Auftrag gegeben, dass die Ihnen zustehendem Summen
547 1018 2586 1156 von Prag direkt auf Ihr Wiener Konto überwiesen werden und Ihnen
2489 1077 2666 1159 Titiell
538 1139 2781 1265 Abschrift der Abrechnungen zugesandt werden. Wir erhalten die Original-
1663 1212 2328 1277 aufszuthioß zudruk.nd
541 1236 2816 1368 dieser Abrechnungen, wunsch wir die Kontreile und die Berechnung unserer
544 1327 2848 1483 Provision vornehmen können»- Wir hoffen, dass Sie mit diesen Dispositionen
547 1412 2734 1568 einverstanden sein werden und Massnahmen.wie Thr Eintritt in die von
547 1548 2698 1680 uns abgeschlossenen Verträge und dergleichen nicht mehr nötig sind.
518 1660 2725 1780 xxx Die freundlichst übereandten Bestimmungen über
550 1760 2675 1860 — den Bühnenvertrieb Ihrer Verke haben wir zur Kenntnis genommen und
494 1833 2666 1995 werden danach vorgehen. Zu den Punkten 7 und a dieser Bestimmungen
497 1960 2678 2083 bämerken wir, dass wir gern bereit stüdt, auch Für München, und Frank
547 2027 2704 2192 furt a.. M.. vor jedem Abschluss mit Ihnen ins Einvernehmenzussitzen,
500 2133 2728 2295 onfragen aber an, ob dies bei älteren Verkam gleichfalls notwendig ist.
471 2254 2672 2410 wir-glauben, daß es in Interesse eines ungestörten Geschäftsganges
430 2354 2675 2510 wege Wenn die Herstellung dieses Einvernahmens
477 2475 2675 2628 das noch zu bestimmenden neuen Werken zwischen uns abgemacht würden. Die
533 2578 2698 2692 evergebungiven Liebelei „Anatoßusto direktivomuliswuwahno-Weitere
568 2607 2807 2819 Anmögen- ernstelangen würde; xxx
571 2757 2810 2910 einrachung und Deschäumigung Imi vorkeurendt die sek: städten voitragen.
571 2848 2739 3007 oib anint., riw aus Abentheittungen=Punsten ###
506 2990 2863 3098 ### imi gewissen Fälungen xxx
580 3069 2942 3246 tötébliessen xxx wir von x###
580 3175 2878 3313 die verträgliche „Crotlölen“ bezogen,
486 3299 2778 3454 tätität überlassen haben. Wir erlauben xxx määr säröstusam xxx
1707 3396 2698 3499 nur nichtäus nadod nagnugmüheft ustmanso nade sich
568 3419 1195 3528 vrai o/o o n o/aib iio riai naiUoâ
565 3443 2722 3631 nennest anzulassen, rittemahme hielle abmorden zanw. m. auf. redb. zw. gleich es von wenigsten el. jusdoch nachricht, nemlich schmächtig
