3062 3848
2454 486 2669 639 oced in
857 492 1008 678 .2.
421 648 2652 784 Präzedenzfälle gezwungen sein könnte, die Tantiene auf 20x allgemein
2519 719 2655 784 gegeben
421 760 2652 878 zu erhöhen, wozu ich bei den gegenwärtigen Herstellungsverhältnissen
1500 828 2012 955 R.O.R.S.V.
1152 834 1476 928 LzIa
415 843 1202 987 nicht in der Lage väre.
1246 896 1373 1014 de
654 913 2713 1052 Wenn ich ferner von Kompensation eines Autors gesprochen habe,
430 1058 2652 1181 der 20% erhält, so hat das in der Tatsache seine Grundlage, dass Sie
424 1170 2660 1299 bezüglich neuer Werke eine Bindung mir gegenüber kontraktlich nicht
433 1264 2658 1391 eingegangen sind. Im Gegenteil Sie haben sich vorbehalten, Ihr neues
412 1370 2666 1488 Novellenbuch einem anderen Verlag zu übergeben. In der Kontinuität
427 1461 2778 1567 der Verlagsbeziehung sehe ich aber nicht nur einen grossen moralischen,
436 1582 2675 1688 sondern auch einen materiellen Vorteil, denn jedes neue Buch gibt
427 1653 2687 1803 dem Verlag die Möglichkeit, auch die vorherigen Bücher wieder zum Ab-
433 1768 2713 1909 satz zu bringen, und wenn das bisher auch praktisch bei Ihnen der Fall
427 1891 2728 2015 war, so haben Sie sich doch theoretisch jedenfalls mit Ihrer Künftigen
424 1974 2643 2110 produktion an meinen Verlag nicht gebunden.
445 2098 2719 2227 Aber alle diese Angumente muss ich notgedrungen beiseite stel-
430 2204 2711 2333 len, wenn ich vor der Frage stehe, dadurch die Kontinnität unserer Ver-
436 2301 2690 2419 bindung zu gefährten. Ich bin sehr betroffen darüber, dass Sie meinen
424 2407 2655 2540 Brief aus Santa Margherita offenbar als eine persönliche Kräckung
430 2510 2631 2625 empfunden haben, und ich wäre aufrichtig betrübt darüber, wenn die
427 2613 2799 2749 Kontinuität unserer Verbindung nicht wieder herzustellen wäre. Mir geht
430 2719 2666 2852 das persönliche und das geschäftlich ungetrübte, nicht unterbrochenen
421 2840 2649 2949 Verhältnis letzten Endes über alle anderen Rücksichten und so bitte
433 2902 2640 3032 Ich Sie, wenn es sich irgendwie machen lässt, Ihr neues Stück dogh noch
427 3038 2560 3164 meinen Verlag zu übergeben und zwar zu den Bedingungen, die Sta
1332 3114 2543 3288 haben gesehen, dass ich nicht gezögert:
424 3126 1143 3288 Jener Seite bekommen.
