3141 4216
1462 320 1713 451 44a
1250 345 1434 471 marin 439
788 421 2192 638 Fischer - Verlag. Berlin
401 454 596 641 1.11
2172 526 2306 641 Kellandstellin
666 499 797 646 3.
476 641 2317 791 Amt Lützow 1662 u. 6162 Theaterabteilung postscheckkonto Nr. 16692
989 730 1816 877 Berlin W 57, Bülowstraße Nr. 90
1106 852 1752 1003 Den 19. Januar 1020
479 908 674 1025 G/sch
479 1326 682 1437 Herra
799 1387 1484 1521 Dr. Arthur Schnitzler
1649 1479 1891 1568 w i e n
1571 1535 2011 1618 lakauvaisestoimisia ai-
504 1643 1348 1799 Sehr geehrter Herr Doktor,
1381 1679 2601 1849 wir haben vor einiger Zeit in Warschau
510 1824 2543 1972 eine Art Vertretung errichtet, die sich jetzt um Ihre Werke, be
524 1930 2415 2080 sonders Ihre Einakter bemüht. Da mit Polen eine literarische
524 2027 2512 2170 Konvention nicht besteht, literarische Werke des Auslandes also
526 2111 2512 2292 dort vogelfrei sind, hat unsere Vertretung vor allem den Zweck,
535 2220 2621 2381 stattfindende Aufführungen zu überwachen und soweit irgend möglich
540 2300 2562 2490 die Zahlung von Pauschalen oder Tantiemen seitens der Direktoren
1125 2434 1468 2506 m m
543 2420 2782 2587 zu erwirken, bezw. durch eigenen Vertrieb eine relative Zentralisierung
549 2545 2582 2690 zu schaffen. Unser Vertreter gibt sich redlich Mühe und hat bei-
546 2615 2637 2821 spielsweise vor kurzem ein Stück von Nansen gegen ein immerhin ins
549 2729 2763 2933 Gewicht fallendes Pauschale untergebracht— Wir fragen ergebenst an, ob
554 2835 2576 3030 es Ihnen wünschenswert ist, dass wir die aus Warschau verlangten
554 2924 2651 3119 Bühnenmanuskripte Ihrer Stücke dahin senden und bemerken nur, dass
563 3030 2635 3233 sich in diesem Fall eine Norm der Bezahlung natürlich nicht vor -
563 3192 1220 3345 her festlegen lässt.
1437 3222 2353 3378 Mit vorzüglicher Hochachtung
1657 3331 2231 3420 S. FISCHER. VERLAG
1677 3389 2256 3498 THEATERABTEILUNG
2041 3442 2236 3531 Monsieur
2094 3476 2197 3529 lʼhonneur
1699 3484 2582 3595 Saitten wir an diesem Tag noch keine
457 3517 1437 3632 Die oben genannten Bedingungen haben Sültigkeit bis zum
1682 3551 2590 3657 ### in Frage stehende Werk anderweitig verfügen können
462 3623 1379 3763 entscheidende Antwort erhalten haben, so nehmen wir
354 3659 457 3790 6.M.
