2921 3896
1172 265 1359 459 537
359 435 2528 594 S. Fischer/Verlag/Berlin M 57/Bülowstraße 90
1945 565 2518 797 Postscheckkonto Nr. 16 692
324 646 1040 789 Amt Lützow 1662, 6162, 9292
1083 640 1772 794 Theaterabteilung
1518 775 2223 967 Am 7. Januar 192 2
432 1008 640 1205 Herrn
675 1145 1397 1288 Dr. Arthur Schnitzler
1567 1218 1831 1451 W i en
448 1442 1337 1610 Sehr geehrter Herr Doktor,
1307 1532 2391 1680 wir haben einen Bewerber um das
438 1645 2337 1799 amerikanische Aufführungsrecht von 2 Zwischenspiel " in
2072 1734 2180 1786 G.F.P.
454 1713 2391 1888 englischer Sprache Edw. B. Marks Mÿsic Co., New York. Wie
1764 1848 1869 1912 G.H.
451 1845 2550 1985 Sie wissen besteht über dieses Stück ein Vertrag mit Björkmann,
446 1967 2499 2115 der aber, da Sie daraus keinerlei Honorar empfangen zu haben
451 2056 2496 2207 scheinen, wohl als hinfällig betrachtet werden kann. Immerhin
448 2196 2599 2320 möchten wir vorsichtshalber bei Ihnen anfragen und Sie höflichst
465 2299 2626 2450 ersuchen uns mitzuteilen, was Ihnen über diesen Vertrag und seine
1459 2393 1591 2455 G.C.H.F.P.
481 2377 2509 2545 Ausführung bekannt ist. - Gleichzeitig bitten wir Sie uns zu
451 2515 2466 2634 verständigen, welche Minimalbedingungen Sie stellen würden.
454 2634 2239 2820 Für eine umgehende Antwort wären wir sehr verbunden.
2307 2626 2407 2750 G.F.P.
1221 2717 2485 2896 Ihre letzten Briefe werden wir in den
470 2777 1780 2998 allernächsten Tagen beantworten können.
1834 2839 1953 2971 des
1421 2928 2577 3088 Mit vorzüglicher Hochachtung
1186 3028 2515 3263 erst der besten Neujahräusölln
1626 3163 2434 3417 gebührter Grund
