2909 3975
331 348 2483 500 S. FISCHER,VERLAG, BERLIN, Dr. Schnitsler, v. 11. 2. Blatt 2
638 471 901 553 Theaterabteilung
269 503 1936 620 miodkooje abs Händl aaab.almJnnsk tus nomden til
1071 597 1384 679 de moyen dans
459 582 763 693 esä resso
1825 591 2358 746 führung wohl auch
395 597 1787 752 für eine gute und sozusagen giftfreie Auf
1656 699 1749 740 G.C.H.
354 717 591 813 anbneb
410 722 2442 848 finanziell Resultate ersielen können, die hinter denen nichts
412 816 2434 962 zurückbleiben, die bei Vergebung an die regulären Theater er-
638 956 752 1021 pein
415 936 2632 1097 reichbar wären, vorausgeaetzt, dass tatsächlich solange Spielzeiten
421 1071 2615 1188 in jeder einzelnen Stadt durchführbar sein sollten, wie Bladek be-
225 1006 395 1176 G.C. F.
418 1182 2635 1313 absichtigt.) Dies scheint uns um so wahrscheinlicher, als befürchtet
427 1249 2448 1398 werden muss, dass manche Bühnen durch die Schwierigkeiten die
252 1228 442 1413 edos
430 1407 2463 1541 sich in Wien und München ergeben haben, abgeschreckt, zögern
424 1468 2597 1667 werden, sich zur Aufführung zu verpflichten. So hat uns Beispiels-
1059 1582 2393 1737 sich Anfangs garnicht genug tun konnte,
433 1597 1076 1746 weise Chemnitz, das
927 1699 1071 1746 Ce qui nʼy a lʼavoir
430 1720 2477 1834 das Aufführungsrecht zu erlangen, noch vor Abschluss des Ver-
260 1714 427 1840 mein.
439 1828 2501 1960 trages abgesagt, in einer Form, die an dem Motiv kaum zweifeln
328 1831 427 1960 an
421 1945 2586 2042 küsst. Wir bemerken, dass unsere Besprechungen mit Sladek beider-
430 2027 2521 2170 seits zunächst vollkommen unverbindlich waren, da wir selbst -
436 2118 2668 2255 verständlich vorerat Ihre eigene Meinung über diese ganze Angelegen-
436 2252 2507 2384 heit in Erfahrung bringen wollten. Sladek hofft, uns innerhalb
433 2363 2647 2472 acht Tagen Näheres sagen zu'können. Wir wären Ihnen sehr verbungen,
433 2463 1155 2539 lʼhonneur de lʼœuvre. La nouvelle nouveau
436 2480 2469 2606 wenn wir bis dahin auch im Besitze Ihrer gefälligen Meinungs-
945 2562 2437 2703 revoIev Jdois JnoldaK et aldaieles olldoäatst
421 2592 983 2738 äusserung wären.
357 2644 2711 2837 „Was“ Zeigen“ sonst anbetrifft, (Prag), so werden
392 2823 2483 2940 wir Kramer in Ihrem Sinne-Mitteilung machen, falls er auf das
603 2899 916 2978 genommen werden.
386 2881 2507 3033 Stück noch reflektiert. Da wir meit langem nichts mehr von ihm
459 3024 2480 3171 gehört haben, ist freilich anzunehmen, dass er sich mit einem
465 3144 2556 3279 negativen Resultat abgefunden hat „Reigen“ im Ausland wird
459 3226 2609 3346 genau behandlet werden wie Sie es wünschen. Die einzige bisherige
483 3326 2577 3472 Anknüpfung in Holland ist völlig unverbindlich und greift Ihrem
907 3425 1138 3487 Votre très obéissant seulez
456 3440 1632 3612 Dispositionen in keiner Veise vor.
1071 3542 1737 3726 Mit den Herren Gutt
2328 3516 2530 3688 sarden
512 3598 1442 3800 mir uns in Verbindung setzen,
