3149 3977
1533 212 1711 351 480
1028 381 2147 547 S. Fischer. Verlag
2207 402 2597 550 Berlin
931 508 1083 620 wittettung.
2573 441 2733 638 r
889 608 2736 744 Amt Lützow 1662 u. 6102 Theaterabteilung postscheckkonto Nr. 16692
1391 665 2238 768 Berlin W 57, Bülowstraße Nr. 90
844 708 1267 859 Rd Jim (heiv.
1333 735 2126 859 ¬sosxä) “ enesä essorÖ
2165 735 2791 886 redii gegenlbaadze V
880 795 1076 883 G/Sch
1512 798 2168 949 Den. 30. Dez. 1920
2313 847 2788 1010 neaaoIdaaande
747 949 2368 1067 tsa ausgeddasbnei nenoatusi aab noljderil sid.
871 1016 1083 1089 Herrn
777 1064 2782 1219 Tandl echia mi eib bnellaured" nogleh " sibsegel eisenn Ius
1134 1134 1878 1216 Dr. Arthur Schnitzler
638 1158 2788 1306 soldxxin sib bedad tilw.daergaer Jnolm,asigda eie me anmaiswn
1932 1246 2204 1330 Wien
659 1261 2779 1412 ogärtsxxx abnellaltne sie ima aaab xxx
614 1412 2791 1539 Lehr geehrter Herr Doktor,
771 1509 2918 1636 bezugnehmend auf Ihr Schreiben vom
529 1587 2891 1708 12. und 22. 12. soweit diese sich auf Theaterangelegenheiten
617 1721 2770 1866 beziehen, teilen wir Ihnen ergebenst mit:
1143 1835 2915 1944 1. Wir haben in Warschau einen Vertreter, der soweit
689 1941 3009 2068 die überaus spärlichen Beziehungen zu Polen ein Urteil zulassen,
653 2065 2915 2153 durchaus zuverlässig ist. Allerdings ist darauf aufmerksam zu
774 2168 2939 2316 machen, dass irgend ein Urheberschutz in Polen nicht existiert
538 2247 2969 2383 und die Aufgabe unseres Vertræt###lediglich sein kann von Fall
2791 2371 2966 2443 ihm
581 2395 2966 2519 zu Fall soviel wie irgend möglich herauszuschlagen. Dies ist in
822 2510 2894 2628 den ein zwei Fällen, in denen es sich um nennenswerte Beträge
844 2613 2960 2749 handelte, in befriedigender weise gelungen. Schwierigkeiten er-
608 2715 2960 2854 xyz ungaben sich lediglich insofern, als die Ueberweisung von Geldern
544 2830 2939 2966 aus Polen nach Deutschland noch vor kurzem unmöglich war. Doch
671 2936 2981 3066 glauben wir jetzt einen Weg gefunden zu haben, der es und ermög-
698 3057 2918 3184 lichen dürfte, die noch in Polen für uns lagernden Gelder aus-
538 3157 2761 3260 nenoded gezahlte zuderhalten:reH mehrew..briw meaasi medosm leiv
611 3226 2924 3414 die dreiagt 2. Mit dem Deutschen Theater haben wir nachlängeren
571 3371 2746 3480 Jad nebnnted Giel eid blet nov dieß geb haendäw doie bleb asb ow
698 3459 1814 3523 Die oben genannten Bedingungen haben Sältigkeit bis zum
1890 3447 2812 3550 . Sollten wir an diesem Tag noch keine
698 3520 2812 3659 entscheidende Antwort erhalten haben, so nehmen wir an, daß wir über das in Frage stehende Werk anderweitig verfügen können
584 3465 683 3683 a
