3288 4199
885 463 2296 700 S. FISCHER :: VERLAG A. G. : BERLIN W. 57
452 656 1045 791 Dr. A. Schnitzler
1136 659 1439 761 17/1. 27
744 885 2715 1031 Auch von Bruno Frank habe ich durch seinen Verleger gehört,
650 1025 2765 1127 dass der Buchabsatz seines Romans „Trenck“ durch den Vorabdruck
639 1130 2850 1279 in der "Berliner Illustrierten Zeitung" ungünstig beeinflusst war.
1100 1279 1871 1389 Mit herzlichen Grüssen
1193 1362 1714 1436 S. FISCHÉR, VERLAG
1224 1433 1668 1524 AKTHINGESELLECHAFT
1351 1494 1521 1577 r
1442 1541 2053 1761 L fische
