2929 3928
249 292 2557 496 S. FISCHER,﻿VERLAG, BERLIN, Herrn Schnitzler den 29. Arbeit Blatt 2
556 433 837 550 Theaterabteilung
344 473 2494 705 Was Kramer anbelangt, so haben wir die unberechtigten “Reigen“
788 671 889 719 ###
605 685 717 722 ouvrage.
353 633 2560 808 Aufführungen in den Blättern kontrolliert. Da jedoch einer solchen
384 768 2471 932 Kontrolle natürlich keine Autentizität  zukommt, so waren wir
246 719 338 909 G.F.P.
367 848 2571 1023 in diesem Falle wie überhaupt bei Kontrolle von Aufführungen auf
407 949 2600 1132 den offiziellen Bühnenspielplan angewiesen. Die Kontrolle die man
547 1098 1298 1178 (votamamam 3,7.)U.
370 1095 2634 1247 nach den Zeitungen vornimmt, können allenfalls zur Korrektur dienen,
378 1207 2448 1379 falls (was bei besseren Bühnen übrigens niemals vorkommt) der
384 1293 2485 1490 offizielle Bühnenspielplan irgend eine Unrichtigkeit enthielte.
381 1410 2623 1585 Wenn Prag im Bühnenspielplan für April fehlt, so ist das allerdings
401 1545 2522 1685 ein Versäumnis von Krämer, und wir sind nicht die einzigen Ver-
393 1622 2557 1820 leger die darunter leiden, dass Kramer die Schierigkeit ausnützt,
401 1720 2425 1920 die der Beitreibung von Geldern aus der Tachecho-Slowakei im
416 1849 2548 2012 Wege steht. Wir haben übrigens von Kramer durch eingeschriebenen
1588 1955 1786 2012 • ̃
404 1961 2290 2124 Brief bereits umgehende Abrechnung und Zahlung verlangt.
1284 2067 1958 2158 lʼœuvre. (v.t.) V.
808 2044 2637 2218 Wir haben Ihren Rat, unsere oestereischische Vertretung
427 2173 2686 2347 nach dem Tode Eirichs der Firma Kaczag zu übergeben, mit Interesse
427 2244 2628 2482 zur Kenntnis genommen und die Angelegenheit der Nachfolge Eirichs
433 2399 2580 2557 daraufhin noch einmal erwogen. Wir sind jedoch nach Einziehung
447 2514 2608 2666 verschiedener Erkundigungen und reiflicher Erwägung alles Für und
441 2597 2680 2818 Wider schliesslich trotzdem zu dem Entschlüsse gelangt, Otto Eirich
453 2714 2582 2909 die Subvertretung zu übertragen. Ausschlaggebend für diesen Ent-
453 2823 2648 3010 schluss war der Umstand, dass sämtliche grossen Vertriebsanstalten
487 2909 2565 3084 Deutschlands dasselbe getan haben. Otto Eirich vereinigt somit
467 3050 2729 3233 speziell den kleineren oesterreichischen Direktoren gegenüber, eine
464 3124 2666 3342 Macht, auf deren Ausnutzung auch für unsere Zwecke wir nicht gerne
473 3302 1126 3462 verzichten mochten.
995 3345 2680 3497 Noch ein Wort über den Plan des Herrn Willi Scholz
1046 3462 2588 3634 Wir sind für Ablehnung. Der einzige Ort, der
476 3440 1026 3703 mit "Reigen"
