2882 3879
1238 183 1368 322 539
269 248 2497 496 S. Fischer/Verlag/Berlin W 57/ Bülowstraße 90
573 411 2293 544 Bankkonto: Deutsche Bank, Depositenkasse P in Berlin / Postscheckkonto; Berlin Nr. 16692
848 482 2018 638 Fernsprechanschlüsse: Amt Lützow Nr. 1662. 6162 und 9292
2331 428 2680 600 Alipropque
1947 564 2323 700 16. Jan. 22
2352 579 2701 709 Rirpeluch.
325 653 561 754 Gr/Si.
2346 668 2677 771 Amerik.
748 718 1667 922 Herrn Dr. Arthur Schnitzler
2320 748 2736 886 Wilestär.
2045 848 2249 963 Wien
2340 848 2733 1049 fridewyne
600 966 1472 1138 Sehr geehrter Herr Doktor,
603 1067 2686 1241 bezugnehmend auf Ihre, an Herrn Fischer gerichteten Briefe, vom
414 1179 2592 1353 15/12. und 2/1. teilen wir Ihnen ergebenst Folgendes mit: In der
426 1282 2633 1460 Angelegenheit „alien property Custodian, Washington „ haben wir nun
428 1350 2804 1554 Antowrt erhalten, die wir in deutscher Uebersetzung beilegen. Daraus geht
428 1495 2787 1673 hervor, dass das Geld nicht ohne weiteres flüssig zu machen ist, sondern
434 1578 2733 1761 der weiteren Bestimmung des Kongresses unterliegt. Im Widerspruch dazu
1980 1696 2086 1755 an
440 1684 2733 1862 steht die uns mitgeteilte Nachricht Bartschens Karczags, sodass es
452 1797 2674 1977 ja nicht ausgeschlossen wäre, dass persönliche Intentat an Ort und
452 1862 2736 2095 Stelle die Auszahlung des Geldes bewirken kann; wir würden vorschlagen
458 1980 2766 2199 damit unsern Vertreter „brandt & Kirkpatrick „ in New-York zu betrauen,
464 2083 2748 2302 der uns als ehrenhafter und fleissiger Mensch bekannt ist und ihm eine
464 2199 2730 2373 Provision von 10 % anzubieten, andernfalls müssten wir die Erledigung
470 2281 2819 2482 aufschieben bis seitens des amerikanischen Kongresses die entsprechenden
470 2385 2784 2594 Entschliessungen gefasst sind. Wir betonen nochmals, dass Bartsch mehr-
482 2488 2766 2698 fach und gründlich von uns verständigt ist, von Ihren, wie von unsern
473 2642 1956 2834 übrigen Angelegenheiten, die Hände zu lassen.
576 2689 2790 2920 Weil wir gerade Brandt & Kirkpatrich erwähnten (dies ist die Firma,
491 2825 2801 2982 die sich seinerzeit um Ihre amerikanische Gesamtausgabe sehr bemüht hat
496 2940 2866 3088 und uns mancherlei Aufklärungen, Listen und Daten über Ihre Werke beschaf-
502 3005 2787 3180 te) so möchten wir Ihnen mitteilen, dass diese Herren, denen wir unse-
499 3082 2819 3304 rerseits ein sehr grosses Vertrauen entgegenbringen, sich sehr ausführ-
505 3197 2869 3401 lich lich über die Verwirrung beklagen, die hinsichtlich Ihrer werke bei
517 3313 2872 3511 den amerikanischen Verlegern herrscht. Wir haben darauf bereits in unsern
