3297 4200
1297 443 1464 597 1773
766 490 2249 742 S. Fischer / Verlag / A.-G. Berlin M 57.
542 703 2487 856 Bankkonto: Deutsche Bank, Depositenkasse P in Berlin / Postscheckkonto; Berlin Nr. 1669
2137 761 2219 837 um
933 769 2137 884 Fernsprechanschlüsse: Amt Lützow Nr. 6162 bis 6164
265 747 728 865 Telegramm-Adresse
471 862 1926 999 Jützow J He/Vo.
246 859 659 941 Fischerverlag 6###
1732 1034 1907 1177 G.C.H.F.F:P:
367 1043 1631 1179 — xxx xxx og assev og
687 1127 881 1204 Herrn
279 1152 1899 1327 nunibnsdediedleW xxx paulteidxxeiseil ne###essg xxx
980 1215 2000 1363 Dr. Arthur Schnitzler
2162 1218 2553 1382 I E N XVIII
627 1417 2121 1590 Sehr geehrter Herr Doktor!
930 1579 1179 1669 G.C.H.F.P.
993 1560 2794 1718 Wir bestätigen dankend den Eingang Ihrer freundlichen
1155 1683 1727 1757 .A [.a?]
662 1710 2775 1861 Zeilen vom 15.ds., aus denen wir Ihr Einverständnis mit der von
668 1784 2824 1929 uns für den Druck des Essays „Der Geist in Wort usw.“ vorgeschla-
673 1907 2717 2033 genen Kolumne ersehen. Wir haben der Druckerei das Manuskript
668 1973 2824 2115 sofort übersandt und werden Ende nächster Woche mit der Uebersen-
673 2088 2717 2225 dung der vollständigen Korrektur rechnen können. Ihre Wünsche
676 2189 2837 2323 wegen der Anzahl und Art der Fahnenabzüge haben wir ebenfalls der
679 2301 1497 2427 Druckerei weitergegeben.
1045 2370 2851 2542 Die beiden Diogramme lassen wir vorläufig in Satz her-
676 2490 2829 2676 stellen, um die Möglichkeit der Körfertur zu geben. Wenn es sich
687 2588 2879 2744 zeigen sollte, dass das Linienwerk nicht sauber genug herauskommt
690 2712 2884 2829 dann werden wir selbstverständlich, nachdem Anordnung von Text und
684 2802 2876 2933 Linien von Ihnen endgültig richtiggestellt und bestätigt sind, die
692 2917 2862 3029 Diogramme zeichnen lassen, sodass sie als Strichätzungen gedruckt
698 3002 2777 3158 werden können, an die dann die Beschriftungen angesetzt werden.
1053 3089 2805 3248 Auch Ihr Wunsch über die äussere Ausstattung des Bände
698 3193 2671 3363 chens haben wir zur Kenntnis genommen und werden Proben her
703 3303 2520 3445 lassen, die wir Ihnen wahrscheinlich schon mit den Korn
700 3415 2025 3609 übersenden können. In diesen Proben woll
