3096 3815
1281 178 1459 361 594
367 224 2559 547 S. Fischer/Verlag/Berlin III 57/Bülowstraße 9o
576 422 2364 574 Bankkonto: Deutsche Bank. Depositenkasse P in Berlin / Postscheckkonto; Berlin Nr. 16692
2207 457 2667 614 den 8. I. 23
830 527 1645 661 Fernsprechanschlüsse: Amt Lützow Nr.
1697 483 2082 693 6162-6164
591 553 771 693 Fi/Fi
1144 1060 1686 1246 Lieber Freund!
815 1234 2512 1418 Ich danke Ihnen für die freundlichen Glückwünsche.
440 1357 2556 1514 Sie können sich denken, dass diese Gründung nur aus der Not der
1063 1429 2058 1549 neben der finanziellen Basis,
437 1467 2585 1654 Zeit geboten war, um Klarheit und Ordnung über mein Leben hinaus
445 1642 833 1782 zu sichern.
850 1624 2512 1878 Wegen der Kapitalanlage in Papieren ist natürlich
451 1796 2635 1971 schwer etwas zu sagen, es ist ja alles Spekulation. Aber so sicher
469 1886 2562 2079 wie das Geld, das vielleicht weiterer Entwertung entgegen geht,
469 2003 2699 2201 sind sicher auch gute Industriepapiere. Ich wurde vorschlagen, Ber-
463 2114 2716 2346 liner Anilin Aktien zu kaufen, die wie ich weiss, sehr gut fundiert
475 2303 658 2451 sind.
806 2236 2792 2515 Ihrem Konto bei der Deutschen Bank überweisen wir die rest-
480 2419 2818 2606 lichen Summe von M G3. 712.- sowie eine äkonto-Zahlung von M 300,000.
1240 2710 2044 2903 Mit herzlichen Grüssen,
1520 2824 1814 3016 Ihr
1767 2859 2434 3077 fischer
