3168 4023
1537 257 1680 408 37.
951 329 2504 583 S. Fischer Verlag, Berlin M., Bülowstrasse 90
1831 490 1916 636 15
917 869 1799 1086 Herrn Dr. Arthur Schnitzler
1823 991 2001 1140 Wien
792 1155 1261 1328 Lieber Freund,
988 1259 2883 1431 die 700 Kronen, die uns auf dem Umweg über Marton zugegangen
806 1397 2112 1526 sind, haben Sie inzwischen wohl erhalten.
1423 1458 2706 1635 erhältnisse für den Abdruck von Romanen im
999 1521 1436 1619 Die Honorarve
1269 1577 1436 1648 au moins de nouvelle.
835 1622 2870 1738 "Berliner Tageblatt" regeln sich nicht nach einem bestimmten Satz,
822 1696 2775 1839 sie sind vielmehr freier Vereinbarung überlassen wie bei jeder
824 1821 2931 1934 Zeitung. Das hängt auch vom Umfang der Arbeit ab und von dem Nutzen,
811 1929 2809 2038 den sich die Zeitung von dem Vorabdruck verspricht. Es ist doch
816 1990 2912 2149 das Einfachste, dass Sie dem Tageblatt Ihre Arbeit schicken und ein
811 2104 2910 2250 Honorarangebot verlangen. Sie weiden dann selbst am besten beurtei-
822 2205 2894 2353 len, ob das Angebot Ihren Erwartungen entspricht. Da das Tageblatt
829 2335 2963 2459 während des Krieges an Abonnenten nicht nur nicht abgenommen sondern
822 2419 2902 2549 zuge nommen hat, so kann ich nicht annehmen, dass gegen früher eine
824 2512 2891 2684 Reduktion der Honorarsätze eingetreten ist. Im allgemeinen dürften
827 2650 2843 2751 die Honorarverhältnisse dieselben sein wie bei der "Neuen freien
822 2737 1715 2873 Presse", eher etwas weniger.
1079 2777 2875 2992 Ueber "Komüdie der Vorste" habe ich von Marton noch nichts
824 2939 1071 3061 gehört.
1137 2942 2846 3135 Mie vielen herzlichen Neujahrsgrüssen und Wünschen für
856 3085 1426 3265 Sie und die Ihren
419 3132 504 3238 be
1871 3244 2324 3442 fischer
504 3408 615 3562 V.A.S.
