3015 3848
1172 262 1309 402 74
1935 372 2232 544 Berlin
1484 396 1757 557 erla,
937 383 1129 577 Fisch
557 609 2421 746 Amt Lützow 1662 u. 6162 Theaterabteilung postscheckkonto Nr. 16692
907 672 2093 773 Bankkonto: Deutsche Bank Depositenkasse P in Berlin
948 746 2044 883 Berlin W, Bülowstraße 90, den 8.10.25 191
604 751 809 891 Ma/Al.
795 929 992 1109 Herrn
1066 956 2093 1216 Dr. Arthur Schnitzler
2205 1123 2667 1254 W i e n XVIII
2216 1268 2779 1372 Sternwartestr. 71
822 1511 1765 1680 Sehr geehrter Herr Doktor!
1145 1582 2790 1765 Wir erhielten beiliegendes Schreiben von der Firma
628 1708 2804 1885 Ossovetsky und bitten Sie um Ihre Stellungnahme, soweit es sich um
631 1812 2738 1976 die Aufführung des " Reigens " handelt. Wenn wir die Auskünfte,
634 1915 2823 2082 die wir unterdessen über die Firma einholen, zufriedenstellend sind,
637 2030 2798 2205 haben wir garkeine Bedenken, unsere Vertretung den Leuten anzuver-
642 2156 2779 2290 trauen. Wenn die geschilderten Zustände auf Wahrheit beruhen, ist
645 2235 2782 2375 eigentlich die Anständigkeit dieser Herren kaum zu verstehen, Wir
637 2320 2817 2519 bitten, Sie uns von Ihren Schritten zu unterrichten, da vermutlich
645 2451 2839 2599 der ganze Komplex des Briefes im Zusammenhang erledigt werden soll.
1798 2601 2590 2732 Mit ergebensten Grüssen
1844 2697 2672 2855 S. Fischer / Verlag A.-G.
2153 2798 2579 2981 Kleare
