3035 3943
761 312 912 496 1 070
806 482 993 563 G.C.H.F.P
1701 491 2053 583 Krege. C.M.a.D. a.d.
1542 552 1960 658 I am A:ogeldosusdxx
463 753 2649 909 rung verrechnen dürfen. Für die anderen Valuten, die Sie mit Aushahme
1980 848 2066 904 8
457 901 2663 1018 der tschechischen doch sehr überschätzen, ist es etwas schwierig; weil
1445 968 1905 1049 Votre amiassadeur vrai
471 990 2666 1149 wir diese Valuten in oesterreichische Valuten wieder umrechnen müssen,
471 1082 2708 1241 denn wir dürfen keine fremden Valuten abführen, wir müssen sogar einen
463 1221 2638 1339 Teil davon, 30, an den Staat abgeben. Sie müssen uns aber etwas Zeit
463 1319 2613 1442 dazu lassen, denn wir sind mit Abrechnungen überlastet. Es sind zehn
463 1425 2610 1551 Angestellte damit beschäftigt, bei anormen Kosten, die letzten Endes
477 1542 2644 1668 einer unfruchtbaren Arbeit dienen. Wir hoffen sehr, dass wir nun bald
474 1629 2557 1771 eine neue wertbeständige Währung bekommen, wodurch mindestens eine
474 1749 1955 1863 Vereinfachung der Abrechnungen ermöglicht wird.
566 1815 2577 1983 Ich höre, dass die oesterreichischen Verleger glauben, den deut-
1152 1930 1467 2000 G.C.H.F.P.S.
474 1947 2686 2131 schen Verlegern gegenüber im Vorteil zu sein, und damit vorteilihaftere
1935 2033 2016 2078 zu
469 2080 2552 2181 Bedingungen dem oesterreichischen Autor stellen[können.] Ich wüsste
1442 2139 1528 2189 G.C.
912 2145 1046 2200 G.H.
1623 2147 1877 2200 aMmeMme ett
474 2175 2641 2292 nicht, wieso das möglich sein sollte, denn die oesterreichischen Ver-
477 2273 2655 2401 leger verkaufen, genau so wie wir, nur einen Bruchteil ihrer Produktion
482 2376 2621 2499 in Oesterreich, und mit dem grössten Teil sind sie auf den Absatz in
480 2502 2644 2616 Deutschland in deutscher Währung angewiesen. Dagegen bin ich der Mei-
477 2566 2627 2688 nung, dass der deutsche Verleger durch seine Organisation und seinen
1341 2669 1729 2725 A.W.A.S.
471 2663 2607 2825 Anschluss an den Weltbuchhandel viel stärkere Möglichkeiten bietet,
1300 2758 1757 2836 1 1/2 1
482 2808 1813 2937 als der oesterreichische Verleger.
2011 2780 2538 2945 Berg geworden.
1472 2895 1776 3012 regen Ihre
2554 2850 2658 3009 G.F.P.
1774 2900 2499 3059 Mit herzlichen Grüssen
469 2906 2217 3126 In Angelegenheit der Banküberweinungen
485 3056 1587 3218 für til bitte ich den aul¬
895 3137 1366 3299 Brief den
287 3179 510 3352 :d'o!
1615 3121 2053 3349 Einl
767 3227 1442 3363 deutschen Bank
608 3321 1319 3464 zu beachten
1701 3321 1910 3464 Monsieur le
