<?xml version="1.0" encoding="UTF-8" standalone="yes"?>
<PcGts xmlns="http://schema.primaresearch.org/PAGE/gts/pagecontent/2013-07-15" xmlns:xsi="http://www.w3.org/2001/XMLSchema-instance" xsi:schemaLocation="http://schema.primaresearch.org/PAGE/gts/pagecontent/2013-07-15 http://schema.primaresearch.org/PAGE/gts/pagecontent/2013-07-15/pagecontent.xsd">
    <Metadata>
        <Creator>prov=READ-COOP:name=TrHtr:version=2.1.0:model_id=51170:date=27_07_2023_22:29</Creator>
        <Created>2023-05-02T08:10:42.042+02:00</Created>
        <LastChange>2023-07-27T22:29:10.548+02:00</LastChange>
        <TranskribusMetadata docId="1416743" pageId="54953385" pageNr="102" tsid="131305738" status="IN_PROGRESS" userId="64420" imgUrl="https://files.transkribus.eu/Get?id=MWJIQJBFKCCANVCDCXRDZAQI&amp;fileType=view" xmlUrl="https://files.transkribus.eu/Get?id=OYDGUWNKEUHBMLAGYNOWDCEA" imageId="44457110"/>
    </Metadata>
    <Page imageFilename="1416743_0102.jpg" imageWidth="3210" imageHeight="3943">
        <ReadingOrder>
            <OrderedGroup id="ro_1711826181011" caption="Regions reading order">
                <RegionRefIndexed index="0" regionRef="tr_1"/>
            </OrderedGroup>
        </ReadingOrder>
        <TextRegion id="tr_1" custom="readingOrder {index:0;}">
            <Coords points="471,523 2775,523 2775,3051 471,3051"/>
            <TextLine id="tr_1_tl_1" custom="readingOrder {index:0;}">
                <Coords points="454,690 1228,631 1780,695 2268,606 2512,662 2627,642 2630,527 457,561"/>
                <Baseline points="471,647 483,647 528,647 573,644 617,644 662,644 707,641 752,638 796,638 841,638 886,635 931,632 976,629 1020,629 1065,629 1110,626 1155,626 1199,623 1244,620 1289,617 1334,617 1379,614 1423,614 1468,614 1513,614 1558,608 1602,608 1647,608 1692,605 1737,605 1781,605 1826,602 1871,599 1916,599 1961,596 2005,596 2050,593 2095,593 2140,591 2184,588 2229,588 2274,588 2319,585 2364,585 2408,582 2453,579 2498,579 2543,576 2587,573 2632,573"/>
                <TextEquiv>
                    <Unicode>wird das normale Honorar auf den vollen Ladenpreis wie bisher zur</Unicode>
                </TextEquiv>
            </TextLine>
            <TextLine id="tr_1_tl_2" custom="readingOrder {index:1;}">
                <Coords points="468,768 872,740 911,763 1091,726 1270,760 1329,732 1329,664 1273,645 1088,695 1035,664 659,704 471,690"/>
                <Baseline points="483,740 486,737 531,740 576,737 620,737 665,737 710,737 755,737 799,734 844,734 889,734 934,728 979,725 1023,725 1068,722 1113,722 1158,719 1202,719 1247,716 1292,716 1337,713"/>
                <TextEquiv>
                    <Unicode>Verrechnung kommen können.</Unicode>
                </TextEquiv>
            </TextLine>
            <TextLine id="tr_1_tl_3" custom="readingOrder {index:2;}">
                <Coords points="698,878 2655,779 2655,718 2498,695 704,743"/>
                <Baseline points="716,826 737,829 782,826 826,826 871,823 916,823 961,820 1005,820 1050,817 1095,814 1140,814 1184,811 1229,808 1274,808 1319,805 1364,805 1408,805 1453,802 1498,802 1543,802 1587,799 1632,796 1677,796 1722,793 1767,790 1811,790 1856,788 1901,788 1946,785 1990,785 2035,785 2080,782 2125,779 2169,779 2214,779 2259,776 2304,773 2349,770 2393,770 2438,767 2483,764 2528,761 2572,758 2617,758 2662,758"/>
                <TextEquiv>
                    <Unicode>Da die hohen Vertriebsspesen bei der Verteuerung eine grosse</Unicode>
                </TextEquiv>
            </TextLine>
            <TextLine id="tr_1_tl_4" custom="readingOrder {index:3;}">
                <Coords points="465,959 2692,897 2720,788 471,875"/>
                <Baseline points="483,931 522,934 567,931 611,931 656,928 701,928 746,925 790,925 835,922 880,919 925,919 970,916 1014,916 1059,913 1104,913 1149,910 1193,907 1238,904 1265,907 1292,904 1337,904 1381,901 1426,898 1471,898 1516,895 1561,895 1605,892 1650,889 1695,889 1740,889 1784,886 1829,883 1874,883 1919,880 1964,880 2008,880 2053,877 2098,874 2143,871 2187,868 2232,868 2277,865 2322,862 2366,859 2411,859 2456,859 2501,853 2546,853 2590,850 2635,847 2680,844 2725,844"/>
                <TextEquiv>
                    <Unicode>Rolle spielen, sind wir gezwungen, zur Deckung der Mehrkosten, die Er-</Unicode>
                </TextEquiv>
            </TextLine>
            <TextLine id="tr_1_tl_5" custom="readingOrder {index:4;}">
                <Coords points="468,1035 2661,987 2680,892 471,962"/>
                <Baseline points="483,1026 495,1026 540,1026 585,1023 629,1023 674,1020 719,1020 764,1020 808,1017 853,1011 898,1011 943,1008 987,1008 1032,1008 1077,1008 1122,1002 1167,1002 1211,996 1238,999 1253,996 1298,996 1343,996 1387,990 1432,990 1477,987 1522,985 1567,985 1611,985 1656,982 1701,982 1746,982 1790,979 1835,976 1880,976 1925,976 1970,973 2014,970 2059,970 2104,967 2149,964 2193,961 2238,961 2283,958 2328,955 2372,952 2417,952 2462,949 2507,946 2552,946 2596,943 2641,940 2686,934"/>
                <TextEquiv>
                    <Unicode>höhung der Preise auch auf die Vorräte einer Anzahl von Werken auszu-</Unicode>
                </TextEquiv>
            </TextLine>
            <TextLine id="tr_1_tl_6" custom="readingOrder {index:5;}">
                <Coords points="477,1161 2672,1074 2692,990 482,1043"/>
                <Baseline points="495,1122 537,1122 582,1119 626,1119 671,1116 716,1116 761,1113 805,1110 850,1107 895,1107 940,1104 985,1101 1029,1101 1074,1101 1119,1098 1164,1098 1208,1098 1235,1095 1265,1092 1310,1092 1355,1089 1399,1086 1444,1083 1489,1080 1534,1080 1578,1077 1623,1077 1668,1077 1713,1074 1758,1071 1802,1071 1847,1068 1892,1065 1937,1065 1981,1062 2026,1059 2071,1059 2116,1059 2161,1056 2205,1053 2250,1053 2295,1050 2340,1047 2384,1047 2429,1041 2474,1041 2519,1038 2563,1035 2608,1035 2653,1032 2698,1032"/>
                <TextEquiv>
                    <Unicode>dehnen, die noch unter günstigeren Verhältnissen hergestellt wurden.</Unicode>
                </TextEquiv>
            </TextLine>
            <TextLine id="tr_1_tl_7" custom="readingOrder {index:6;}">
                <Coords points="704,1250 1932,1161 2636,1186 2638,1093 709,1164"/>
                <Baseline points="722,1205 764,1202 808,1202 853,1202 898,1199 943,1196 987,1193 1032,1193 1077,1193 1122,1190 1167,1187 1211,1184 1256,1182 1301,1182 1346,1182 1390,1179 1435,1176 1480,1176 1525,1173 1570,1173 1614,1170 1659,1167 1704,1167 1749,1164 1793,1164 1838,1164 1883,1161 1928,1158 1972,1158 2017,1155 2062,1152 2107,1152 2152,1149 2196,1146 2241,1143 2286,1143 2331,1140 2375,1137 2420,1137 2465,1134 2510,1131 2555,1131 2599,1131 2644,1125"/>
                <TextEquiv>
                    <Unicode>Für unsere Mark-Bibliothek müssen wir den Teuerungszuschlag</Unicode>
                </TextEquiv>
            </TextLine>
            <TextLine id="tr_1_tl_8" custom="readingOrder {index:7;}">
                <Coords points="499,1349 2711,1250 2717,1158 502,1267"/>
                <Baseline points="516,1301 528,1304 573,1307 617,1307 662,1304 707,1304 752,1301 796,1298 841,1298 886,1295 931,1292 976,1289 1020,1289 1065,1286 1110,1286 1155,1286 1199,1280 1244,1280 1289,1277 1334,1277 1379,1274 1423,1271 1468,1271 1513,1265 1558,1265 1602,1262 1647,1259 1692,1259 1737,1259 1781,1256 1826,1256 1871,1253 1916,1250 1961,1247 2005,1247 2050,1244 2095,1244 2140,1241 2184,1238 2229,1235 2274,1232 2319,1232 2364,1232 2408,1229 2453,1226 2498,1223 2543,1220 2587,1220 2632,1214 2677,1214 2722,1211"/>
                <TextEquiv>
                    <Unicode>von 25 auf 35 Pfg. erhöhen. Hier werden wir das bisherige Honorar um</Unicode>
                </TextEquiv>
            </TextLine>
            <TextLine id="tr_1_tl_9" custom="readingOrder {index:8;}">
                <Coords points="496,1419 2215,1391 2703,1340 2706,1248 499,1349"/>
                <Baseline points="513,1402 516,1402 561,1402 605,1399 650,1399 695,1396 740,1393 785,1393 829,1390 874,1390 919,1384 964,1384 1008,1384 1053,1381 1098,1379 1143,1376 1187,1376 1232,1373 1277,1370 1322,1370 1367,1367 1411,1367 1456,1364 1501,1361 1546,1358 1590,1358 1635,1355 1680,1355 1725,1352 1770,1352 1814,1349 1859,1346 1904,1343 1949,1343 1993,1340 2038,1340 2083,1337 2128,1334 2172,1331 2217,1331 2262,1328 2307,1325 2352,1322 2396,1319 2441,1319 2486,1316 2531,1313 2575,1313 2620,1310 2665,1310 2710,1313"/>
                <TextEquiv>
                    <Unicode>10% erhöhen, sodass auf ein Honorar von 100 Mark ein Honorarzuschlag</Unicode>
                </TextEquiv>
            </TextLine>
            <TextLine id="tr_1_tl_10" custom="readingOrder {index:9;}">
                <Coords points="505,1508 2498,1450 2504,1346 507,1438"/>
                <Baseline points="522,1492 537,1495 582,1495 626,1495 671,1492 716,1489 761,1489 805,1486 850,1483 895,1480 940,1480 985,1477 1029,1474 1074,1474 1119,1471 1164,1471 1208,1468 1253,1465 1298,1465 1343,1462 1387,1459 1432,1456 1477,1453 1522,1453 1567,1450 1611,1450 1656,1447 1701,1444 1746,1441 1790,1441 1835,1441 1880,1438 1925,1435 1970,1435 2014,1432 2059,1429 2104,1426 2149,1423 2193,1420 2238,1417 2283,1417 2328,1414 2372,1411 2417,1411 2462,1408 2507,1402"/>
                <TextEquiv>
                    <Unicode>von 10 Mark erfolgen kann. Unsere Mark-Bibliothek war von der</Unicode>
                </TextEquiv>
            </TextLine>
            <TextLine id="tr_1_tl_11" custom="readingOrder {index:10;}">
                <Coords points="516,1604 2593,1556 2599,1461 519,1539"/>
                <Baseline points="531,1581 543,1584 588,1584 632,1584 677,1584 722,1584 767,1581 811,1578 856,1576 901,1576 946,1573 990,1570 1035,1570 1080,1567 1125,1564 1170,1564 1214,1561 1259,1558 1304,1555 1349,1552 1393,1549 1438,1549 1483,1549 1528,1546 1573,1543 1617,1543 1662,1540 1707,1537 1752,1537 1796,1534 1841,1531 1886,1531 1931,1528 1975,1525 2020,1525 2065,1522 2110,1519 2155,1516 2199,1510 2244,1510 2289,1507 2334,1507 2378,1504 2423,1501 2468,1501 2513,1498 2558,1495 2602,1489"/>
                <TextEquiv>
                    <Unicode>Teuerung besonders hart betroffen und für uns im letzten Jahr un-</Unicode>
                </TextEquiv>
            </TextLine>
            <TextLine id="tr_1_tl_12" custom="readingOrder {index:11;}">
                <Coords points="510,1727 2100,1668 2571,1607 2574,1542 513,1632"/>
                <Baseline points="528,1683 564,1683 608,1683 653,1680 698,1677 743,1677 788,1674 832,1668 877,1668 922,1668 967,1665 1011,1665 1056,1662 1101,1659 1146,1656 1190,1656 1235,1653 1280,1650 1325,1650 1370,1647 1414,1644 1459,1641 1504,1641 1549,1638 1593,1635 1638,1635 1683,1632 1728,1629 1773,1626 1817,1626 1862,1623 1907,1623 1952,1617 1996,1617 2041,1614 2086,1614 2131,1608 2175,1608 2220,1605 2265,1602 2310,1602 2355,1596 2399,1596 2444,1593 2489,1593 2534,1590 2578,1584"/>
                <TextEquiv>
                    <Unicode>lohnend. Wir haben an diese auf einen billigen Preis aufgebaute</Unicode>
                </TextEquiv>
            </TextLine>
            <TextLine id="tr_1_tl_13" custom="readingOrder {index:12;}">
                <Coords points="516,1814 2198,1702 2400,1750 2675,1722 2745,1632 521,1713"/>
                <Baseline points="534,1775 555,1775 599,1773 644,1773 689,1773 734,1770 779,1770 823,1764 868,1764 913,1761 958,1761 1002,1758 1047,1755 1092,1755 1137,1752 1182,1749 1226,1749 1271,1743 1316,1743 1361,1740 1405,1740 1450,1737 1495,1734 1540,1731 1584,1728 1629,1725 1674,1725 1719,1722 1764,1719 1808,1719 1853,1716 1898,1716 1943,1710 1987,1710 2032,1707 2077,1704 2122,1701 2167,1701 2211,1698 2256,1695 2301,1692 2346,1692 2390,1689 2435,1689 2480,1686 2525,1686 2569,1683 2614,1680 2659,1677 2704,1674 2749,1674"/>
                <TextEquiv>
                    <Unicode>Bibliothek, die während des Krieges besonders an der Front in grossen</Unicode>
                </TextEquiv>
            </TextLine>
            <TextLine id="tr_1_tl_14" custom="readingOrder {index:13;}">
                <Coords points="521,1921 2526,1817 2717,1783 2722,1705 527,1828"/>
                <Baseline points="540,1865 576,1868 620,1868 665,1865 710,1865 755,1862 799,1862 844,1856 889,1856 934,1853 979,1850 1023,1847 1068,1847 1113,1844 1158,1841 1202,1841 1247,1838 1292,1838 1337,1832 1381,1832 1426,1829 1471,1829 1516,1823 1561,1823 1605,1820 1650,1817 1695,1817 1740,1811 1784,1811 1829,1808 1874,1805 1919,1805 1964,1802 2008,1802 2053,1796 2098,1796 2143,1793 2187,1790 2232,1787 2277,1784 2322,1784 2366,1781 2411,1781 2456,1778 2501,1778 2546,1775 2590,1773 2635,1770 2680,1770 2725,1773"/>
                <TextEquiv>
                    <Unicode>Massen abgesetzt wird, einen grossen Teil unseres Papierkontingents,</Unicode>
                </TextEquiv>
            </TextLine>
            <TextLine id="tr_1_tl_15" custom="readingOrder {index:14;}">
                <Coords points="538,1971 2650,1921 2714,1817 541,1926"/>
                <Baseline points="555,1961 570,1961 614,1961 659,1958 704,1958 749,1958 793,1955 838,1955 883,1952 928,1949 973,1946 1017,1943 1062,1940 1107,1940 1152,1934 1196,1934 1241,1931 1286,1928 1331,1928 1376,1925 1420,1922 1465,1919 1510,1916 1555,1913 1599,1910 1644,1910 1689,1907 1734,1904 1778,1904 1823,1901 1868,1898 1913,1895 1958,1892 2002,1892 2047,1889 2092,1889 2137,1886 2181,1883 2226,1880 2271,1877 2316,1874 2361,1871 2405,1871 2450,1868 2495,1865 2540,1862 2584,1862 2629,1862 2674,1859 2719,1856"/>
                <TextEquiv>
                    <Unicode>das wir zu Büchern in höheren Preislagen hätten lohnender verdrucken</Unicode>
                </TextEquiv>
            </TextLine>
            <TextLine id="tr_1_tl_16" custom="readingOrder {index:15;}">
                <Coords points="536,2083 1710,2058 2532,1982 2537,1909 541,2010"/>
                <Baseline points="555,2053 570,2053 614,2053 659,2053 704,2050 749,2050 793,2050 838,2050 883,2047 928,2044 973,2038 1017,2035 1062,2035 1107,2032 1152,2032 1196,2029 1241,2026 1286,2023 1331,2020 1376,2017 1420,2017 1465,2011 1510,2011 1555,2008 1599,2005 1644,2002 1689,1999 1734,1999 1778,1996 1823,1993 1868,1990 1913,1990 1958,1987 2002,1984 2047,1984 2092,1981 2137,1978 2181,1975 2226,1972 2271,1972 2316,1970 2361,1967 2405,1964 2450,1961 2495,1958 2540,1952"/>
                <TextEquiv>
                    <Unicode>können, gewendet. Dieses ideale Mittel zur Propagierung guter</Unicode>
                </TextEquiv>
            </TextLine>
            <TextLine id="tr_1_tl_17" custom="readingOrder {index:16;}">
                <Coords points="544,2179 2537,2100 2731,2064 2736,1982 550,2083"/>
                <Baseline points="561,2143 591,2143 635,2140 680,2143 725,2143 770,2140 814,2140 859,2137 904,2137 949,2134 993,2131 1038,2128 1083,2125 1128,2122 1173,2122 1217,2119 1262,2116 1307,2113 1352,2113 1396,2113 1441,2107 1486,2104 1531,2101 1576,2101 1620,2098 1665,2095 1710,2092 1755,2089 1799,2089 1844,2083 1889,2080 1934,2080 1978,2077 2023,2077 2068,2074 2113,2071 2158,2068 2202,2065 2247,2062 2292,2059 2337,2059 2381,2056 2426,2056 2471,2053 2516,2050 2561,2047 2605,2047 2650,2044 2695,2041 2740,2044"/>
                <TextEquiv>
                    <Unicode>literatur in diesem wichtigsten Augenblick nicht aufzugeben, bleiben</Unicode>
                </TextEquiv>
            </TextLine>
            <TextLine id="tr_1_tl_18" custom="readingOrder {index:17;}">
                <Coords points="558,2246 712,2265 844,2240 1015,2268 1068,2229 1208,2221 1253,2243 1290,2226 1293,2167 1046,2184 925,2145 833,2190 662,2204 561,2170"/>
                <Baseline points="573,2235 582,2235 626,2235 671,2235 716,2235 761,2232 805,2232 850,2229 895,2229 940,2226 985,2223 1029,2220 1074,2217 1119,2217 1164,2214 1208,2211 1253,2211 1298,2205"/>
                <TextEquiv>
                    <Unicode>wir auch weiter bemüht.</Unicode>
                </TextEquiv>
            </TextLine>
            <TextLine id="tr_1_tl_19" custom="readingOrder {index:18;}">
                <Coords points="763,2350 2585,2282 2669,2187 2285,2131 2036,2221 768,2268"/>
                <Baseline points="782,2322 793,2322 838,2322 883,2319 928,2319 973,2319 1017,2316 1062,2313 1107,2310 1152,2310 1196,2307 1241,2304 1286,2301 1331,2298 1376,2295 1420,2295 1465,2292 1510,2286 1555,2283 1599,2283 1644,2277 1689,2274 1734,2274 1778,2271 1823,2268 1868,2265 1913,2262 1958,2262 2002,2259 2047,2256 2092,2253 2137,2253 2181,2250 2226,2247 2271,2244 2316,2241 2361,2241 2405,2238 2450,2235 2495,2235 2540,2232 2584,2229 2629,2229 2674,2226"/>
                <TextEquiv>
                    <Unicode>Im Vertrauen auf die Einsicht unserer Autoren haben wir die</Unicode>
                </TextEquiv>
            </TextLine>
            <TextLine id="tr_1_tl_20" custom="readingOrder {index:19;}">
                <Coords points="561,2464 2697,2369 2700,2285 566,2378"/>
                <Baseline points="579,2422 599,2420 644,2420 689,2420 734,2420 779,2417 823,2417 868,2417 913,2411 958,2411 1002,2408 1047,2405 1092,2405 1137,2402 1182,2399 1226,2396 1271,2393 1316,2390 1361,2387 1405,2387 1450,2384 1495,2381 1540,2378 1584,2375 1629,2369 1674,2369 1719,2366 1764,2364 1808,2361 1853,2358 1898,2355 1943,2355 1987,2352 2032,2349 2077,2346 2122,2346 2167,2343 2211,2340 2256,2337 2301,2334 2346,2334 2390,2331 2435,2328 2480,2328 2525,2325 2569,2322 2614,2319 2659,2319 2704,2316"/>
                <TextEquiv>
                    <Unicode>jetzt nötigen Preisänderungen bereits mit dem 25. Januar vollzogen.</Unicode>
                </TextEquiv>
            </TextLine>
            <TextLine id="tr_1_tl_21" custom="readingOrder {index:20;}">
                <Coords points="561,2543 2448,2462 2767,2434 2773,2350 566,2459"/>
                <Baseline points="579,2507 582,2507 626,2510 671,2510 716,2510 761,2510 805,2510 850,2507 895,2507 940,2507 985,2504 1029,2501 1074,2498 1119,2495 1164,2492 1208,2489 1253,2489 1298,2486 1343,2480 1387,2480 1432,2477 1477,2474 1522,2471 1567,2468 1611,2465 1656,2462 1701,2459 1746,2456 1790,2453 1835,2450 1880,2450 1925,2444 1970,2444 2014,2441 2059,2438 2104,2438 2149,2435 2193,2432 2238,2429 2283,2426 2328,2426 2372,2423 2417,2423 2462,2420 2507,2417 2552,2414 2596,2414 2641,2411 2686,2408 2731,2405 2775,2402"/>
                <TextEquiv>
                    <Unicode>Wir bitten um Zustimmung zu unseren Vorschlägen und stellen ergebenst</Unicode>
                </TextEquiv>
            </TextLine>
            <TextLine id="tr_1_tl_22" custom="readingOrder {index:21;}">
                <Coords points="561,2622 2658,2535 2692,2434 564,2546"/>
                <Baseline points="576,2605 588,2605 632,2605 677,2605 722,2605 767,2605 811,2602 856,2602 901,2602 946,2599 990,2596 1035,2596 1080,2593 1125,2590 1170,2587 1214,2584 1259,2581 1304,2578 1349,2575 1393,2572 1438,2569 1483,2563 1528,2561 1573,2558 1617,2558 1662,2555 1707,2552 1752,2552 1796,2549 1841,2543 1886,2540 1931,2537 1975,2534 2020,2534 2065,2531 2110,2528 2155,2525 2199,2522 2244,2522 2289,2519 2334,2516 2378,2513 2423,2513 2468,2510 2513,2507 2558,2504 2602,2504 2647,2501 2692,2501"/>
                <TextEquiv>
                    <Unicode>anheim, sich zu diesem Zweck der anliegenden Karte freundlichst zu</Unicode>
                </TextEquiv>
            </TextLine>
            <TextLine id="tr_1_tl_23" custom="readingOrder {index:22;}">
                <Coords points="1772,2762 2033,2773 2341,2722 2697,2736 2680,2627 2344,2655 2293,2630 1778,2638"/>
                <Baseline points="1790,2725 1808,2728 1853,2722 1898,2719 1943,2719 1987,2716 2032,2716 2077,2713 2122,2713 2167,2710 2211,2707 2256,2704 2301,2701 2346,2701 2390,2698 2435,2695 2480,2695 2525,2692 2569,2689 2614,2686 2659,2686 2704,2686"/>
                <TextEquiv>
                    <Unicode>Mit vorzüglicher Hochachtung</Unicode>
                </TextEquiv>
            </TextLine>
            <TextLine id="tr_1_tl_24" custom="readingOrder {index:23;}">
                <Coords points="561,2714 580,2708 622,2734 664,2717 712,2745 765,2714 799,2711 824,2725 841,2708 880,2711 883,2630 830,2627 793,2650 707,2630 664,2638 650,2622 597,2641 561,2633"/>
                <Baseline points="576,2698 617,2698 662,2698 707,2695 752,2695 796,2695 841,2695 886,2692"/>
                <TextEquiv>
                    <Unicode>bedienen.</Unicode>
                </TextEquiv>
            </TextLine>
            <TextLine id="tr_1_tl_25" custom="readingOrder {index:24;}">
                <Coords points="2089,2863 2153,2879 2215,2854 2316,2843 2414,2857 2420,2722 2369,2739 2347,2722 2263,2756 2232,2742 2190,2745 2176,2731 2092,2753"/>
                <Baseline points="2104,2811 2110,2811 2155,2811 2199,2811 2244,2808 2289,2805 2334,2802 2378,2802 2423,2805"/>
                <TextEquiv>
                    <Unicode>ergebenst</Unicode>
                </TextEquiv>
            </TextLine>
            <TextLine id="tr_1_tl_26" custom="readingOrder {index:25;}">
                <Coords points="575,2930 684,2907 749,2936 785,2916 833,2936 903,2907 945,2936 1004,2893 1077,2899 1079,2835 1035,2818 878,2835 805,2812 774,2840 721,2818 578,2857"/>
                <Baseline points="591,2895 635,2895 680,2889 725,2892 770,2889 814,2889 859,2886 904,2883 949,2883 993,2880 1038,2880 1083,2880"/>
                <TextEquiv>
                    <Unicode>1. Februar 1918</Unicode>
                </TextEquiv>
            </TextLine>
            <TextLine id="tr_1_tl_27" custom="readingOrder {index:26;}">
                <Coords points="746,3028 813,3045 925,2994 979,3031 1079,3025 1326,2966 1475,3003 1618,2978 1646,2972 1651,2849 1492,2877 1315,2846 1136,2933 1015,2902 911,2947 751,2930"/>
                <Baseline points="764,2993 802,2990 847,2990 892,2987 937,2984 982,2981 1026,2981 1071,2981 1116,2978 1161,2975 1205,2972 1250,2969 1295,2966 1340,2960 1384,2960 1429,2957 1474,2955 1519,2952 1564,2949 1608,2946 1653,2943"/>
                <TextEquiv>
                    <Unicode>(Durch den Streik verspätet)</Unicode>
                </TextEquiv>
            </TextLine>
            <TextLine id="tr_1_tl_28" custom="readingOrder {index:27;}">
                <Coords points="1856,3050 2288,3067 2697,3028 2745,3014 2750,2893 2678,2919 2462,2893 2209,2950 2106,2860 1864,2837"/>
                <Baseline points="1871,3035 1904,3035 1949,3038 1993,3041 2038,3041 2083,3041 2128,3041 2172,3041 2217,3041 2262,3038 2307,3038 2352,3038 2396,3035 2441,3029 2486,3026 2531,3020 2575,3017 2620,3014 2665,3008 2710,3008 2755,3002"/>
                <TextEquiv>
                    <Unicode>J. Fischer Verlas</Unicode>
                </TextEquiv>
            </TextLine>
        </TextRegion>
    </Page>
</PcGts>
