2921 3865
966 354 1846 547 S. FISCHER / VerLAG
231 395 427 500 2. Blatt
260 465 1106 647 Dr.A.Schnitzler 6/12. 21
395 799 2543 928 schen colossal gestiegen. Um die notwendigsten Erhöhungen der Ver-
389 884 2733 1042 triebskosten auszugleichen, haben wir die Preise um 25 % erhöhen müssen.
1911 983 2045 1059 du moins de ses ames.
392 1033 2645 1132 Die Abrechnung über Preiserhöhungen und Valutaeinnahmen nach Massgabe
1250 1100 1808 1162 m m m m r jusqu'au moins de nouveau.
395 1094 2540 1232 des Absatzes hoffe ich Ihnen noch in diesem Monat geben zu können.
462 1214 2698 1346 Es ist mir sehr recht, dass Sie die Regelung der Honorarfrage klarge-
404 1302 2713 1416 stellt sehen wollen. Ich lege einen Artikel von Scheffler, der kürzlich
401 1410 2739 1530 in der Vossischen Zeitung erschienen war, bei; er scheint sehr genau in-
401 1501 2754 1633 formiert zu sein, alles was er schreibt ist richtig, nur sind inzwischen
404 1618 2645 1753 durch die abermalige bedeutende Erhöhung aller Kosten die Ziffern für
404 1724 2634 1844 die Produktion noch viel ungünstiger geworden. Wie dem auch sein mag,
2048 1800 2397 1861 vollen
404 1841 2569 1934 ich möchte vorschlagen, dass wir nun glatt 15 % vom Ladenpreis des
401 1943 2610 2069 broschierten Exemplars verrechnen und diesen satz natürlich auch für
407 2057 2645 2151 die Preiserhöhungen. Der Anteil für die Preiserköhung wird nach Mass-
407 2127 2634 2274 gabe des Absatzes verrechnet. (für fortimenterzuschlag
1487 2133 2759 2262 trage ich keine verantwortung
497 2265 2710 2364 Für den „Wohlfeilen guten Roman» (die Fortsetzung der früheren Mark-
1639 2318 1762 2385 G.C.F.P.
1282 2323 1571 2388 nur ettämttä
1012 2335 1097 2397 Witsen
407 2353 2625 2479 Bibliothek) bleibt die alte Honorierung von 10 % (vom Ladenpreis des
407 2476 2751 2587 broschierten Exemplare gerechnet) bestehen. Abrechnung über diese beiden
410 2525 2590 2683 Bände, die in dieser Sammlung erschienen sind, folgt ebenfalls. Die
416 2625 2578 2762 Sammlung ist zu dem Preis von 6 Mark erst inzwischen auf 7,50 Mark
416 2751 2654 2862 für das broschierte Exemplar gestiegen; auf die Dauer überhaupt nicht
413 2838 2569 2961 mehr haltbar. Es ist die Frage, ob wir die Sammlung zum Preise von
416 2929 2733 3052 10 Mark noch werden fortsetzen können. Es bleibt nur noch die Frage der
407 3078 2660 3178 Gesamtausgabe übrig. Auch da ist das Prinzip in der 15 Eigen santieme
418 3187 2669 3274 von dem Ladenpreis des broschierten Exemplars gültig. Da wir aber von
416 3263 2701 3383 diesen Ausgaben broschierte Exemplare garnicht herstellen, so wird der
416 3362 2675 3462 broschierte Preis verrechnet aus der Differenz zum Pappband. Die Papp-
418 3447 2733 3593 bände sind wie alle anderen Einbünde auch riesig im Preis gestiegen und
