3085 3943
1317 252 1451 392 38.
498 696 979 850 darüber denken.
647 776 2404 939 Ich bereite eine Neuauflage der beiden Abteilungen Ihrer
1823 910 2313 965 (ouvripeaux mauvais.
1629 902 1778 965 G.M
1291 913 1403 968 a
495 936 2470 1073 Gesammelten Werke vor. Nun sind aber die Preise für Herstellung
492 1022 2508 1151 und Druck zum Teil über das Dreifache gestiegen, und es wird, so
487 1128 2591 1251 lange die Teuerung dauert, ohne einen Preisaufschlag nicht abgehen.
495 1231 2576 1337 Ich würde um Ihre Genehmigung bitten, dass die erste Abteilung von
489 1325 2777 1454 3 Bänden 12 Mark, die zweite Abteilung von 4 Bänder 15 Mark gebunden kann.
489 1420 730 1563 kostet.
678 1557 2482 1657 Das Residenz-Theater möchte Vertrag für den "Einsamen Weg"
913 1623 1371 1686 mauvaaauksi
495 1655 2556 1778 für Aufführungen im Herbst, für den Fall, dass ein geplantes Gast-
492 1763 2528 1878 spiel mit Bassermann oder Walden zustande kommt. Ich meine, unter
2616 1709 2817 1863 Masse
2656 1832 2800 1938 W. E.
487 1823 2588 1952 dieser Voraussetzung sollten Sie nicht Nein sagen, denn ob sich bei
2662 1926 2831 2007 Vertrag
487 1949 2573 2050 Barnowsky so bald eine Gelegenheit mit Bassermann bietet, ist doch
495 2064 2582 2187 fraglich. Vielleicht wäre es am zweckmässigsten, wenn Sie Barnowsky
492 2164 2585 2279 die alternative stellen, ob er seinerseits für ein Bassermann-Gast-
492 2267 2625 2396 spiel das Vorrecht haben will, da auf die Möglichkeit, den "Einsamen
495 2359 2654 2516 Weg" mit Bassermann an einer andern Bühne herauszubringen, doch nicht
501 2450 1657 2608 ohne weiteres verzichtet werden kann.
802 2513 2711 2676 Ich kann in meinem Verlag eine intelligente und zuverlässige,
495 2682 2748 2791 in Verlagsgeschäften versierte Dame sehr gut brauchen; bitte veranlassen
498 2754 2651 2891 Sie Fräulein Feiks, daß sie sich an mich direkt wendet, dass sie mir
495 2854 2791 3017 über Ihre bisherige Tätigkeit und ihre Ansprüche etwas Genaueres mitteilt.
793 2968 1509 3114 Mit herzlichen Grüssen
1778 3040 1918 3186 Ihr
1881 3092 2562 3318 H. Tische
693 3252 2184 3484 frl. feiks hat mir soelten
696 3406 1417 3529 geschrieben
