3154 4056
1102 413 2009 623 S. FISCHER/VERLAG
388 419 602 635 4° Blatt
530 750 2858 943 Provision von Auslandsgeschäften anbetrifft, so bedauern wir Ihnen mit-
542 888 2852 1033 teilen zu müssen, dass es unter den heutigen Verhältnissen leider eine
542 982 2791 1129 Unmöglichkeit ist, diesen anzunehmen. Ein Fall, in welchem die ganze
551 1087 2846 1244 Arbeit des Verlages in Telegrammwechsel, Einkassieren und Ueberweisung
554 1195 2791 1340 besteht ist eine theoretische Annahme; praktisch ist, wenn nicht ein
560 1292 2822 1457 ganz besonders günstiger Zufall waltet, jeder Abschluss mit vielerlei
566 1388 2822 1542 Schreibereien verbunden und in den meisten Fällen überhaupt nur kraft
560 1488 2945 1647 der uns zur Verfügung stehenden Auslandsbeziehungen, durch Einsetzung von
560 1569 2978 1737 Mittelsleuten, etc. möglich. Dazu aber kommt, dass ja die Provision nur in
973 1713 2951 1864 ällen zahlbar ist, während in den unvergleichlich zahlreiche-
572 1753 985 1867 den Erfolgsf,
599 1825 985 1897 — M
569 1822 2846 1942 ren Fällen, in denen eine Verbindung aufgenommen und von uns verfolgt
572 1873 2963 2072 wird, der Abschluss doch nicht zustande kommt. Gerade diese Fälle pflegen
572 2009 2939 2165 sogar noch weit mehr Arbeit hervorzurufen, als die erfolgreichen. Es ist
581 2132 2843 2270 daher nur möglich, unsere Arbeit in Auslandsangelegenheiten als einen
575 2201 2915 2355 Komplex zu betrachten und die Provision als einen Ersatz für Arbeit und
581 2280 2909 2460 Spesen, die sich auf alle von uns behandelten, auch nicht zum Abschluss
584 2418 2915 2578 gelangenden Fälle, beziehen. Da uns aber, wie bereits in unserm letzten
587 2502 2915 2677 Schreiben bemerkt, in diesen ganzen Angelegenheiten nicht das Motiv be-
593 2596 2921 2767 wegt, einen Provisionsgewinn zu erzielen, so erlauben wir uns, Ihnen in
602 2737 2972 2876 Vorschlag zu bringen, uns die gesamten Auslandsgeschäfte abzunehmen (in-
590 2831 2858 2984 klusive der Geschäfte der Theaterabteilung, soweit sie fremdsprachige
599 2915 2900 3093 Aufführungen betrifft). Die Notwendigkeit, in jedem einzelnen Fall bei
599 3032 2870 3177 Ihnen anzufragen, schafft ohnedies derartige Komplikationen, dass uns
605 3138 2903 3270 eine gedeihliche Arbeit für Sie auf die Dauer nicht möglich erscheint.
605 3258 2882 3397 Da wir nicht annehmen können, dass Sie sich entschliessen werden, uns
605 3358 2921 3496 die Behandlung Ihrer Auslandsangelegenheiten einfürallenal einheitlich
611 3442 2999 3607 zu übertragen so liegt es wohl in unsern gemeinsamen Interesse, wenn wir
581 3601 1852 3773 was wir gewiss sehr begrüssen würden,
