3113 3735
1344 122 1463 291 [588
695 266 2663 401 Fischer/Verlag/Berlin M 57/Bülowstraße 9o
707 404 2449 527 Bankkonto: Deutsche Bank, Depositenkasse P in Berlin / Postscheckkonto; Berlin Nr. 1669.
958 450 2164 548 Fernsprechanschlusse: Amt Lützow Nr. 1662. 6162 und 9292
2219 505 2676 661 Ges. Nov. 1922
814 713 1736 857 Herrn Dr. Arthur Schnitzler
784 839 1062 970 G.C.H.F.P.
664 820 790 949 G.C.F.P
2131 808 2275 964 Wien
318 924 1157 1065 Geschäftet mich xxx neder
282 1035 1310 1176 Lieber Freund,
1442 1038 2587 1139 und xxx xxxgen xxx
294 1087 2752 1243 ich kann nicht dafür garantieren, dass der vorgeschlagene Ver-
557 1228 2890 1347 rechnungsmodus bei allen meinen Autoren durchgeführt werden kann; dazu
407 1277 499 1350 G.H.F.P
554 1286 2911 1472 liegen die Verhältnisse zu verschieden. Kann ich beispielsweise Romane
560 1430 2813 1567 in grösseren Auflagen drucken und verhältnismässig schnell absetzen,
560 1503 2767 1656 so kann ich einen Teil des Honorars vorausbezahlen. Im allgemeinen
514 1632 2829 1751 liegen die Verhältnisse jetzt so, dass Verleger, die nach dem gegen-
560 1736 2694 1880 wärtigen Verrechnugsmodus honorieren, jeweils eine volle Auflage
566 1849 2868 1978 vorausbezahlen, dann aber für die vorausbezahlte Auflage die nachträg-
572 1956 2832 2082 lichen Preiserhöhungen nicht nachhonorieren. Sie gehen dabei von der
572 2057 2868 2198 Voraussetzung aus, dass die Preiserhöhungen der jeweils eingetretenen
569 2149 2865 2281 Entwertung des Geldes dienen, für die der voraushonorierte Teil abge-
572 2241 2899 2385 gelten ist. Ich habe bisher jede Freiserhöhung dem Autor honoriert, da
585 2348 2887 2498 aber der Verrechnungsmodus der Nachhonorierung technisch schwer durch-
585 2434 2905 2614 führbar ist, kam die Anregung, die Honorare, wie es die Verlagsanstalt
585 2562 2905 2731 in Stuttgart eingeführt hat, aus dem Netto-Erlös vorzunehmen, wodurch
585 2630 2749 2819 sich automatisch jede Preiserhöhung von selbst auswirkt. (Ich lege
585 2755 2911 2914 einen Aufsatz des bekannten Verlegers Eugen Diederichs zu Ihrer Orten-
2216 2884 2835 3018 e nicht überreden,
579 2881 1812 3037 tierung bei und bitte um Rücksendung
585 2991 1555 3122 machen Sie es wie Sie wollen.
2382 3000 2908 3205 holt geschrieben
722 3092 1653 3230 In Ihrem Fall liegt, wie ich
2446 3153 2884 3315 Ihrer Bücher
572 3205 1671 3340 habe, die Sache insofern schwier:
2342 3294 2804 3422 Auflagen ge-
1224 3312 1313 3429 erk.
906 3297 1139 3450 tischen
1286 3300 1430 3468 aus
1647 3349 2881 3527 derhältnissen von Anfang
1880 3471 2905 3606 die Caloulationgrundlage
1534 3499 1641 3603 habe
1840 3560 2795 3661 erheblich verändert.
