2938 4007
1174 242 1303 403 wer:
1517 760 2691 949 Es kam dann noch ein Buchbinderstreik
507 788 1498 935 ten alle Wünsche zu befriedigen.
732 890 2686 1016 der bis vor kurzem gedauert hat, und um das Maj voll zu machen,
504 906 670 1039 dazu :
493 999 2705 1134 haben wir zu gleicher Zeit auch einen Streik der Leipziger Buchhändler
512 1089 2680 1258 gehabt. Da dürfen Sie sich nicht wundern, wenn eine bedeutende Verspä¬
507 1222 2660 1351 tung in der Fertigstellung Iherer Bücher, und damit auch eine bedeu-
510 1326 2114 1464 tende Verzögerung der Auslieferung eingetreten ist.
746 1410 2731 1545 Um dieselbe Zeit haben Spekulanten unter den Sortimentern, die
512 1531 2702 1652 die Gefahr einer Büchernot und der steigenden Preise richtig erkannten
2384 1560 2812 1650 te ewohnten
504 1638 2669 1779 Spekulationsbestellungen geschickt, die über den Rahmen des xxx
501 1728 1413 1855 Bedarfes weit hinaus gingen
752 1813 2612 1965 Heller in Wien hatte es in dieser kritischen Zeit mit einer
507 1937 2773 2047 Riesenbestellung fast aller gangbaren Werke unseres Verlages besonders
512 2030 2643 2176 eilig, um die Preiverteile der kommenden Entwicklung, an denen doch
518 2139 2756 2266 der Autor beteiligt ist, vorweg zu nehmen. Da war es ein Gebot der Vor-
515 2249 2669 2396 sicht, mit den gegebenen Vorräten so zu wirtschaften, daß die Sorti-
507 2345 2736 2491 menter für den täglichen Bedarf beliefert werden konnten, anstatt große
521 2446 2691 2584 Quanten in den Vorratalägern weniger kapitalfähiger Sortimenter aufzu-
510 2581 763 2716 häufen.
743 2601 2646 2745 Wenn dieses Intermezzo eine Störung von Angebot und Nachfrage
1106 2728 2781 2866 so dürfen Sie daraus nicht den Schluß ziehen, daß wir
515 2745 1078 2888 hervorgerufen hat
524 2832 2776 2990 Ihre Bücher nicht verkaufen wollten, oder mit Gleichgültigkeit behandeln
923 2967 2736 3074 mir doch ins eigene Fleisch, wenn ich bei einer Riesenpro-
521 2959 926 3102 Ich schneide
538 3077 2731 3195 duktion nicht alle Verkaufsmöglichkeiten ausnütze. Das wäre doch wider-
526 3167 768 3313 sinnig.
1841 3249 2691 3406 ein Auslieferungslager von
723 3232 1799 3403 In Wien hatte die Firma Frise & Land¬
692 3372 2725 3513 Jetzt kann man mit dieser Firma nicht arbeiten, weil sie nicht in
535 3339 678 3513 uns.
1940 3474 2691 3623 abstverständlich liefern
968 3485 1847 3623 die Bücher zu bezahlen. Aber
540 3496 935 3637 der Lage ist.
