3598 3767
1392 484 1596 637 a 557
968 594 2182 727 S. FISCHER/VERLAG
761 688 2352 808 Bankkonto: Deutsche Bank. Depositenkasse P Berlin / Postschschkonto; Berlin 16692
1043 759 2080 868 BERene W 57 / BÜLowSTRASSE 90
1206 825 1917 925 Fernruf: Lützow 1662. 6162 und 9292
1180 910 2368 1068 z. Z. Baden - Baden, Hotel Bellevue.
1764 1031 2207 1157 18. April 1922
1225 1172 1686 1306 Lieber Freund!
878 1215 2274 1449 Ich bin hier mit der kalkulatorischen Durch-
743 1327 2368 1564 arbeitung Ihres Oeuvre beschäftigt. Wir drucken die
757 1457 2309 1655 beiden Gesamtausgaben, die beiden Ergänzungsbände
751 1543 1580 1713 und eine ganze Reihe von Er
1568 1609 2329 1729 einzelwerken, die wir nur
1572 1670 1647 1743 G.C.F.P.
735 1688 2372 1833 bei den geringen Auflagen gelegentlich des Neudrucks
765 1800 2380 1945 der Gesamtausgaben mitdrucken können, auch als Vor¬
753 1870 2396 2051 rat für später, da sich wahrscheinlich so bald nicht
759 1984 2278 2162 wieder Gelegenheit zum Neudruck kleiner Auflagen
755 2076 2358 2280 bietet. Bevor ich Ihnen meine Vorschläge schriftlich
747 2192 2360 2378 unterbreite, möchte ich wissen, wann Sie nach Berli
706 2286 2296 2501 kommen, da es für beide Teile leichter ist, die An-
741 2427 1894 2539 gelegenheit persönlich zu besprechen.
847 2488 2341 2719 Inzwischen viele Grüsse aus meinem verschneiten
719 2586 1833 2758 Winterdyll von mir und den Meinen,
1633 2721 1853 2876 th
1911 2705 2325 2990 Sffischer
798 2768 1717 2956 das wesentliche: die
737 2870 2178 3078 Hauptfrage kann ich schon
735 2992 2311 3176 vorwegnehmen. Das höchste
