3288 4041
1474 262 1624 396 358
884 374 2440 535 S. Fischer Verlag, Berlin Wi., Bülowstrasse 90
1733 464 2142 630 8. Juli 1915
1460 633 1621 802 Mnad
2232 750 2587 876 künftigen x
1886 770 2172 887 moi allant
810 778 1678 1001 Herrn Dr. Arthur Schnitzler
2325 860 2530 980 Vorkman
1809 857 2273 1010 zu verfahren.
1760 909 1869 1040 Vien
1760 944 2505 1116 die er veröffentl
1444 969 1542 1081 G.C.F.P.
2644 1075 2767 1184 G.C.P.
1675 1059 2404 1212 ersten Veröffentlichung
753 1100 1203 1321 Lieber Freund,
1310 1168 2587 1313 s fortsatzen, und wir haben ihm ja in der
1061 1261 2786 1438 es wäre uns doch sehr erwünscht, wenn wir in etwa 8-10
729 1392 2723 1517 Tagen schon eine Anzahl Radierungen bekommen könnten, es können
734 1471 2811 1645 ja immer kleinere Posten per Kreuzband eingeschrieben an die Buch-
1100 1585 1449 1662 Zösenberg
731 1594 2731 1735 binderei Spamer in Leipzig geschickt werden. Das geht schneller
726 1670 2843 1820 als im Paket und kleinere Sendungen von Zeit zu Zeit werden für die
731 1815 1768 1970 Zwecke der Auslieferung genügen.
1007 1828 2794 2041 Das Bühnentextbuch wird nächste Woche fertig und gelangt
739 2038 2104 2169 dann nach Ihren Anweisungen zur Versendung.
1053 2104 2761 2240 Herr Edward Friedman hat von uns eine Autorisation zur
1373 2202 1697 2270 ou le lʼhonneur avec le
753 2210 2794 2347 Uebersetzung nicht bekommen. Wir kennen Herrn Friedman nicht, und
742 2341 2726 2440 Sie wissen ja, was bei solchen Anfragen gewöhnlich herauskommt.
742 2396 2792 2565 Für "Gefährtin" und "Literatur" existiert zwar kein Copyright und
756 2530 2734 2636 es ist immerhin möglich, dass wir nichts dagegen machen können,
753 2633 2767 2770 wenn Friedman diese Sachen aufführen lässt. Ich würde empfehlen,
761 2699 2745 2860 dass Sie Herrn Friedman schreiben, wir hätten mit Björkman eine
761 2808 2955 2980 Vereinbarung getroffen, die ihm für Ihre Werke ein Vorrecht zusichert.
753 2898 2772 3059 Es ist am besten, wenn er sich mit Björkman in Verbindung setzt,
767 3026 2843 3163 vielleicht findet er die Uebersetzungen gut und vielleich kann er
764 3144 2797 3269 sie für seine Ausgabe Ihrer Werke verwenden, wodurch wir uns den
767 3253 2811 3389 Vorteil sichern würden, dass die Verwertung Ihrer Werke unter der
450 3408 551 3545 F. 208
