2885 4026
618 367 1891 550 Scher / Verlag / Berlin M 57/X
2175 391 2265 541 Frauen
759 499 2043 624 10: Deutsche Bank. Depositenkasse P in Berlin / Postscheckkonto: Berl.
2061 538 2268 645 Nr. 1669.
962 600 1978 717 sprechanschlüsse: Amt Lützow Nr. 1662; 6162 und 929
2112 747 2381 932 Mai 21
690 854 1616 1073 Herrn Dr. Arthur Schnitzler
1948 959 2163 1171 Waen
496 1043 1365 1270 Sehr geehrter Herr Doktor,
568 1258 2680 1380 Wir nehmen Bezug auf unser letzes Schreiben und teilen Ihnen hin-
364 1344 2638 1485 sichtlich der beabsichtigten amerikanischen Ausgabe von „Reigen“ er-
353 1431 1102 1580 gebenst folgendes mit:
487 1524 2581 1667 Der Veranstalter dieser Ausgabe, ein Herr Mankieviez, Vertreter
356 1640 2641 1772 der New-Yorker aläuss in Berlin will das Buch auf eigene Kosten hier
353 1754 2704 1894 herstellen lassen und besitzt durch seine intensive Verbindung mit einem
350 1858 2743 1984 grossen amerikanischen Verlag Mittel und wege, das Buch in entsprechender
347 1960 2740 2091 Weise in Einzelsendungen an die amerikanischen Interessenten heranzubrin-
353 2058 2710 2196 gen. Von dem ursprünglichs Plan, eine gewöhnliche Ausgabe des alleigens in
353 2193 2757 2294 dieer Form zu veranstalten, sind wir, vorläufig wenigstens, zurückgekommen
361 2256 1792 2411 und konzentrierten unsere Aufmerksamkeit auf
1843 2268 2638 2408 eine Luxusausgabe, die in
347 2369 1724 2515 Ja 1000 Exemplaren für Amerika und England
2088 2369 2617 2518 Gesant 2000 Exemple
353 2453 1697 2608 erscheinen soll. Der Ladenpreis des Buche
2091 2471 2477 2629 tene 18 Oct.
347 2569 1610 2719 tragen, doch wäre es hierzu vonnöten,
344 2668 1530 2802 Exemplaren mit Ihrer Unterschrift ver-
344 2778 1404 2913 liesse sich naturgemäss ein höhe
353 2859 1368 2996 bereit, Ihnen auch für diese Lu-
350 2964 1288 3113 bezahlen, verweigert jedoch d
361 3059 1162 3221 Stelle er Ihnen eine ande¬
373 3164 1225 3292 von ihm hergestellte Auflage.
484 3253 1087 3400 der einzelnen Ex Herrn
580 3364 854 3486 en Zahlung
