3154 4056
858 338 2451 534 mil19&..
2410 478 2527 557 1
683 581 3023 767 die Ungunst der Umstände nicht etwa eine Verminderung, sondern im Gegen
1511 691 1616 753 P.P.
689 686 2947 866 teil eine Vermehrung unserer Arbeitsleitung zur Folge hat. Denn die
694 791 2990 954 durch die politischen Störungen und wirtschaftlichen Schwankungen her-
697 890 3031 1065 vorgerufenen Schwierigkeiten in den Theaterbetrieben schaffen eine imme
706 983 3025 1167 mehr überhandnehmende allgemeine Rechtsunsicherheit, gegen die der The-
712 1091 3014 1257 aterverleger nur durch gesteigerte Wachsamkeit und Schärfe, die selbst
712 1179 2935 1383 wieder eine sehr bedeutende Verwehrung seiner Korrespondenzen nötig
1360 1325 1602 1397 rämpsten
718 1342 1742 1473 macht, wirksa,m anknüpfen kann.
1278 1374 3025 1570 Unter diesen Umständen bleibt uns trotz der lebhaften
726 1505 3037 1686 Bedenken, die uns bisher von einer derartigen Massnahme zurückgehalten
729 1610 2947 1780 haben, nichts übrig, als die von den meisten Theaterverlegern schon
747 1710 2944 1879 vor längerer Zeit eingeführte Erhöhung der Provisionsätze auch für
735 1788 2929 1990 unseren Bühnenvertrieb anzunehmen, indem wir unter Hinweis auf die
741 1905 2999 2074 dargelegten Verhältnisse an Ihre Einsicht und Billigkeit appelieren.
750 2013 2988 2203 Andererseits verkennen wir keineswegs, dass immerhin die Möglichkeit
747 2121 3046 2293 besteht, dass allmählich wieder ein Abbau der Preise und eine Konsoli-
756 2235 2970 2389 dierung der Verhältnisse eintritt, die uns dann die Rückkehr zu den
750 2311 3095 2477 bisherigen Provisionssätzen erleichtern würde. Wir schlagen Ihnen dahe
767 2410 3037 2611 vor, uns mit rückwirkender Kraft ab 1. April d.J. einen Provisionszu-
767 2535 2976 2716 schlag von jeweils 57 zunächst für ein Jahr, also bis 1. April 1021
2413 2623 2564 2716 G.C.H.P.
767 2693 1193 2821 zu gewähren.
1975 2722 2200 2833 G.H.F.P.
1905 2795 2885 2955 Mit vorzüglicher Hochachtung
1715 2847 1867 2947 ....
2130 2929 2716 3002 S. FISCHER. VERLAG
1756 2938 1961 3040 G.C.F.P.
1432 2938 1666 3069 G.C.H.F.P
2139 2976 2728 3075 THEATERABTEILUNG
2637 3037 2719 3154 P.S.
2439 3034 2588 3151 P.
1310 3034 1759 3189 G.C.H.F.P.S
1520 3122 2707 3282 cœur à l'œuvre
1339 3154 1432 3297 G.H.F.P.
1109 3163 1255 3288 G.C.F.P
1120 3227 2576 3390 '̃'
2462 3370 2734 3457 G.C.H.P.P
1786 3349 2839 3516 nur eid neljntiß nadud nirjouamhafs asienonau nade etc
671 3396 1403 3574 Votre ami-même même.
724 3481 2839 3667 nennel xxx wvöllig entworbenen Freilich abmordelt wurde. und und werde über gab, und den neuen wirckenden römmst abzuschl.
1613 3571 2766 3720 ### in Frage neyende Werk anderweitig verfügen können
531 3653 627 3769 6. 238.
