3143 3929
2021 637 2590 907 13. April 1918
581 794 699 895 /si
886 919 1675 1064 Herrn Dr. Paul Zifferer
2158 978 2353 1126 Wien
830 1150 1775 1346 Sehr verehrter Herr Doktor!
676 1266 2706 1458 Ich habe Ihre Zeit in dieser Angelegenheit so ungebührlich in
563 1390 2839 1568 Anspruch genommen, dass ich etwas beschämt bin, von Ihnen einen Brief
563 1506 2836 1669 zu bekommen, der einer Rechtfertigung ähnlich sehen könnte. Gestatten
566 1621 2869 1787 Sie mir auch meinerseits die Entwickelung der Dinge mit wenigen Worten
566 1746 1114 1879 zu kennzeichnen.
664 1760 2848 1962 Es ist ganz richtig, ich habe mich nach und nach zu der Anschauung
575 1909 2878 2060 entwickelt, dass eine österreichische Filiale meines Verlages gut wäre
581 2030 2786 2178 und war mir durchaus bewusst, dass Papier für mich nur unter dieser
587 2119 2795 2279 Voraussetzung in Oesterreich zu erlangen wäre. Aber dann kamen zwei
584 2187 2756 2401 Depeschen von Ihnen, die die Angelegenheit auf ein anderes Geleise
587 2291 2839 2484 geschoben haben. Erst Ihr letzter Brief hat mir zu den Depeschen den
590 2427 2973 2587 Kommentar geliefert. Mir fehlte der Einblick in die Entwickelungsstappen,
599 2519 2899 2697 die zu dem Angriff Prinzhorns geführt haben. Erst jetzt weiss ich, das
599 2617 2881 2795 er in seiner Eigenschaft als Präsident der Papierverwortungs-Zentrale
602 2756 1737 2922 mit der Angelegenheit befasst war.
696 2801 2744 3002 Aber nun bitte urteilen Sie selbst, wie sich die Sache bei mir
613 2902 2902 3103 spiegeln musste, als ich Ihre Depesche von 29. März bekommen habe. Sie
616 3050 2807 3222 zitieren einen Brief Prinzhorns, in dem folgender Passus zu lesen in
682 3130 2765 3316 " Mir scheint, dass Fischer lediglich Interesse für sein Fapier
619 3254 2774 3441 und dass ihm die Gründung österreichischen Verlage###gleichgiltig
622 3355 2632 3512 Damit, dass Fischer lediglich Aufsichterat eines Unternehmens
628 3471 2448 3607 das wir zu gründen hätten, ist uns nicht gedient. Wie i
