3112 3848
1591 117 1736 256 43.
1346 245 1530 409 W4 35
823 345 2300 556 B. Fischer. Verlag. Berlin,
2297 451 2442 590 auch die
592 595 2448 720 Amt Lützow 1862 n. 6162 Theaterabteilung postscheckkonto Nr. 16692
1101 679 1952 790 Berlin W 57, Bülowstraße Nr. 90
1218 809 1911 971 Den...39. 10, 191 9
609 795 807 979 G/Sch
612 1171 804 1349 Herrn
1519 1221 2144 1424 Schnitzler
921 1254 1455 1457 Dr. Arthur
2105 1321 2364 1468 Wien
2236 1438 2528 1541 ̃ ̃ —  — — —  = —
620 1544 1457 1705 Sehr geehrter Herr Doktor,
1496 1605 2731 1755 in Beantwortung Ihrer heutigen De -
629 1738 2589 1875 pesche teilen wir Ihnen ergebenst mit, dass von Ihren Werken
631 1836 2609 1997 für Amerika vergeben ist: 1. deutsch: „Anatol “ (Pabsttheater,
626 1908 2801 2083 Milwaukee) und "Professor Bernhardi " (Deutsches Theater, New York).
626 2058 2659 2200 Beide Werke sind mit einmonatlicher Frist kündbar. Wir bemerken,
637 2111 2873 2292 dass wir im Falle "Anatol" vor kurzem eine Uebertragung des Vertrages
642 2222 2815 2400 auf den neuen Direktor vorgenommen haben, sodass von dort Kündigungen
648 2372 1736 2528 gegenwärtig nicht erwartet werden.
1507 2445 2614 2595 2, englisch: “Komödie der Worte 4
651 2548 2631 2726 Das weite Land". Hier haben wir das Vertragesrecht unserem
645 2653 2386 2829 New Yorker Vertreter Herrn Hans Bartsch für die Dauer des
654 2776 2453 2948 ihm und uns bestehenden allgemeinen Vertrages überlassen.
1680 2842 2470 3012 Mit vorzüglicher Hochacht
1858 2976 2434 3065 S. FISCHER, VERLAG,
1861 3043 2434 3129 THEATERACTEILUNG
2158 3438 2270 3524 wir
1850 3435 2030 3532 Aufgenommen sein würden.
1140 3421 1227 3571 eben.
540 3479 829 3574 Die oben genannt
2356 3413 2450 3621 8
2125 3502 2333 3621 Verk anderw.
1588 3468 2047 3646 Wir über das in Frage stehe.
1135 3543 1332 3646 an, so nehme
542 3477 993 3677 entscheidende Antwort erhe=
