3336 4200
2671 438 2836 598 1 11
1459 452 1759 654 a9
1698 651 2830 811 10. Adelphi Terrage, London W.C.2
569 494 1013 795 than
1714 787 2232 888 3. November 26.
702 1222 1539 1358 Mein lieber Herr Fischer,
904 1313 2727 1472 Sie werden sich gewundert haben, daß ich solange zu der
710 1440 2825 1557 außerordentlichen Ehrung geschwiegen habe, die Sie mir anläßlich
707 1544 2825 1658 meines 70. Geburtstages übermitteln ließen und die von so vielen
1220 1634 1318 1690 muuva
712 1648 2841 1757 hervorragenden Namen nicht nur Deutschlands, sondern ganz Europas,
723 1727 2854 1852 ja sogar der ganzen zivilisierten Welt unterzeichnet war und auch
725 1804 2833 1940 die Unterschriften von manchen geschätzten persönlichen Freunden
728 1913 2857 2025 trug. Aber die Wirkung war, als ob Sie eine schwere goldene Kette
725 2004 2854 2121 um den Hals einer Gans gehängt hätten, sodaß der arme Vogel, unter
725 2110 2333 2224 besten Absichten, auf den Grund des Teiches sank.
925 2200 2774 2288 Wäre ich bei vollkommener Gesundheit und in der vollsten
725 2280 2841 2386 Lebenskraft meiner Jugend gewesen, so würde ich mich rascher von
736 2378 2862 2485 dem Sturz erholt haben, aber ich war 70 und - ein unglücklicher
741 2437 2854 2583 Zufall fügte es - von langer ernster Krankheit nur halb genesen.
741 2527 2830 2687 Was sollte ich tun? Ich hätte Ihnen mit einem herzlichen Hände-
741 2618 2822 2766 druck danken können, so wie ich Ihnen jetzt innigst dafür danke,
741 2716 2833 2867 daß Sie sich bei der Veranstaltung der Glückwunschadresse soviel
736 2820 2841 2945 freundlicher Mühe unterzogen haben. Ich hätte Treitsch umarmen
741 2897 2873 3053 können, dem ich meinen Ruf in Deutschland verdanke. Aber wie kann
741 2998 2804 3165 man einer Reihe von Bergen die Hand schütteln oder Walhalla um-
744 3109 2814 3226 armen? Stellen Sie sich den alten Mann vor, wie er überwältigt
747 3189 2774 3322 den Kopf schüttelt und murmelt: „Bitte, bitte, sehr verbunden,
752 3293 2663 3457 tausend Dank" usw. usw., bis er erschöpft in Schlaf sinkt!
2533 3399 2817 3556 Blatt 2.
