2959 3731
1487 306 1732 502 Krlag
915 312 1413 519 Fischer
739 490 2104 603 Amt Lützow 1662, 6162 u. 9292 Theaterabteilung postscheckkonto Nr.
1080 551 1849 657 Berlin W 57, Bülowstraße Nr. 90
1357 620 1572 710 Oktob.
1593 618 1732 745 le reste de ses
1183 655 1365 741 en 20
1357 687 1570 781 ..,v.
877 877 1080 1018 Herrn
1141 915 1832 1074 Dr. Arthur Schnitzler
716 1114 1618 1248 Sehr verehrter Herr Doktor!
1872 1162 2052 1309 lʼhonneur
976 1275 2307 1417 Rudolf Eger, jetzt Spielleiter am hiesi-
735 1363 2314 1535 gen Theater am Zoo möchte Nachtvorstellungen mit
737 1474 2351 1635 Oesterreichischen Schauspielern geben, deren Kar-
731 1604 2347 1725 ten von österreichischen Verbänden bezogen werden
731 1673 2378 1805 sollen. Es handelt sich um halb interne Aufführun-
2322 1759 2420 1817 G.C.P.
729 1757 2322 1922 gen in Sonnabend nachts, jedoch unter Beiziehung
735 1901 2255 2033 von Presse. Herr Eger möchte wissen, ob er für
735 1995 2255 2129 diesen Zweck "Frage an das Schicksal", "Letzte
733 2073 2362 2234 Maskan" und "Diteratur" ankündigen darf. Weiteres
750 2190 2343 2320 denkt er an eine evtl. Aufführung von „Casanova“.
747 2314 2431 2435 Ich habe ihm bedeutet, dass Sie eine Erstaufführung
750 2391 2420 2559 unter diesen Umständen wohl kaum genehmigen würden,
770 2502 2372 2621 eher noch, wenn es sich um eine ganz geschlossene
789 2596 2389 2749 Erstellung ohne Presse handeln sollte. Jedenfalls
781 2724 2194 2881 ###itte ich um freundliche umgehende Antwort,
