3280 4199
815 501 2271 719 S. Fischer / Verlag / A.-G. Berlin W 57.
567 708 2500 857 Bankkonto: Deutsche Bank, Depositenkasse P in Berlin / Postscheckkonte: Berlin Nr. 1669
958 780 2122 911 Fernsprechanschlüsse: Amt Lützow Nr. 6162 bis 6164
1361 855 1728 956 Bülowstraße so
415 876 2497 1081 Lissegebneß robo mebmeastroV nov negenimÄ metherib elle stuudus
602 871 793 1009 Ma/Ro.
1315 1001 2511 1126 nächst aufzlewredüus xxxu as neflsfoa
1395 1100 1651 1161 G.C.F.P.
383 1073 2330 1289 Korub.mies Jdümed vitka dens tiw nobiew Heilbaäterevesdleß
413 1182 2543 1358 nenossA neb megännoV neaeilmösseg sebo nennusefteV nov amugeim¬
429 1286 2537 1419 -aus xxx. xxx geehrter
1845 1347 2545 1470 mesdimus
690 1406 2684 1611 xxx leisten Entscheidung des Reichsgerichtes ist die
604 1536 2649 1701 Verbreitung von Werken der Literatur durch das Radio tantième-
1172 1648 2620 1773 gensatz also zu der Vorlesung von Literatur-
612 1680 1164 1771 pflichtig. Im Ge
642 1733 1166 1818 lʼannée le nouvelle.
610 1707 2750 1896 werken vor unmittelbar anwesendem Publikum, die nach wie vor ohne
612 1805 2713 1989 Entgelt erfolgen kann, ist prinzipiell von den Sendegesellschaf-
615 1912 2686 2090 ten, die solche Vorlesungen durch den Rundfunk verbreiten, eine
615 2039 1930 2170 Gebühr dafür an den Autor zu entrichten.
812 2013 2713 2268 Da wir im Rahmen unseres Bühnenvertriebes ohnehin die Pro-
628 2183 2724 2346 gramme der Sender betreffs Aufführungen unserer Bühnenwerke kon-
636 2274 2657 2460 trollieren, sind wir in der Lage, dies auch bezüglich der Vor-
642 2378 2564 2527 lesungen aus Gedicht- und Prosawerken zu tun, die dafür zu
639 2476 2607 2625 entrichtenden Gebühren festzusetzen und für Sie einzuziehen.
825 2553 2756 2726 Wir empfehlen Ihnen unsere Vertretung für diese Zwecke des-
642 2641 2633 2790 halb, weil der Verlag besser in der Lage ist, die Interessen
650 2732 2761 2899 seiner Autoren wahrzunehmen, als eine eben gegründete Gesellschaft.
650 2822 2721 2990 die sämtliche Autoren für ihre Zwecke gewinnen will und unserer
647 2918 2684 3107 Meinung nach für diese Tätigkeit ein allzu hohes Entgelt bean-
666 3001 2686 3166 sprucht. Während jene Gesellschaft für sich 30 x verlangt und
671 3091 2548 3248 dem Autor 75 % des verbleibenden Restes zuweisen will, d.
1837 3187 2071 3309 tung nur
671 3216 1720 3376 55t %, würden wir für unsere Ver
668 3320 1608 3488 Ihnen volle 85 % überweisen.
889 3397 1832 3554 Wir bitten Sie, wenn Sie mit
831 3509 1688 3685 sind, beiliegende Erklä¬
