2914 3991
1191 307 1315 435 bes¬
507 407 2478 595 Fischer/Verlag/Berlin M 57/Bülowstrasse 90
335 413 476 581 S.
551 529 2284 651 Bankkonto; Deutsche Bank. Depositenkasse P in Berlin / Postscheckkonto: Berlin Nr. 16692
839 609 1985 725 Fernsprechanschlüsse: Amt Lützow Nr. 1662, 6162 und 9292
1955 626 2539 867 4. Juli 21
296 712 498 847 P/S1.
784 850 1697 1066 Herrn Dr. Arthur Schnitzler
1952 1011 2204 1138 Wien
593 1143 1066 1301 Lieber Freund,
911 1196 1800 1362 Uebersetzungs - und
734 1296 2630 1465 über alle Theaterangelegenheiten schreibt Ihnen in wenigen
570 1401 2340 1534 Tagen Herr Greiner, der augenblicklich auf Urlaub ist.
659 1484 2664 1634 In der "Reigen " - Angelegenheit würde ich vorschlagen, dass
573 1614 2733 1753 wir die ganze Frage noch einmal besprechen, wenn die gegenwärtigen
570 1730 2594 1844 Auflagen des Buches bei Harz ausverkauft sind. Es ist für alle
579 1780 2727 1971 geteiligten etwas peinlich, Harz in den Arm zu fallen, so lange er
1661 1891 2367 1963 nach Thremdertrag
573 1941 2619 2052 noch Exemplare vorrätig hat, während es selbstverständlich ist,
576 2035 2802 2157 wenn Sie die Verlagsfrage bei gelegenheit eines Neudrucks revidieren.
570 2113 2791 2240 Haben Sie darüber eine andere Auffassung, so bin ich selbstverständ-
587 2221 2439 2340 lich jederzeit bereit, die Vorräte von Harzzu übernehmen.
700 2312 2666 2453 Auf Ihre Frage, ob ich im nächsten Jahr, wenn die gedruckten
576 2414 2722 2547 Bücher der Gesamtauflage verkauft sind, eine neue bis auf die Neu-
581 2533 2780 2672 zeit ergänzte Ausgabe herausgeben will, antworte ich selbstverständ-
581 2636 1027 2769 lich mit ja.
717 2686 2727 2852 Wir sind jetzt mit der Lageraufnahme für die Inventur beschäf-
593 2830 2669 2965 tigt. Binnen kurzem werden wir Ihnen ( wegen der Restabrechnung)
573 2927 991 3018 feststellen.
551 2940 2633 3043 können, wieviel von den Gesamtausgaben verkauft sind.
562 3012 2708 3170 Auf die Romanbibliothek müssten wir ab 1. Juli d. J.
518 3104 831 3217 1 Mrk.
1130 3109 1869 3245 Mit herzlichen Grüssen
537 3151 1174 3325 aufschlagen.
1539 3187 1780 3350 The
526 3226 1481 3383 der Creiszuschlag wird
1869 3201 2362 3414 Ffischer
540 3342 1600 3472 voll honoriert werden.
548 3422 1537 3566 mach Massgabe des
557 3494 1047 3627 Arbeatzes.
138 3469 354 3649 R 6000.1.21.
