3111 3927
1301 239 1465 411 388.
1359 392 1501 517 380
1654 517 1743 653 me
1924 459 2674 653 E R L A G
626 478 1610 676 FISCHER
534 642 2663 762 Lonto=Deutsche Bank, Depostenkasse P in Berlin / Postcheckkonto Berlin Nr. 1682 — — Fernsprech-Anschlüsser Amt Lützow Nr: 1662 und 612
1979 739 2538 856 Berlin W 57, Bülowstraße 90
1999 831 2458 973 2. April 1917
701 1187 1551 1351 Herrn Dr. Arthur Schnitzler
1593 1268 1751 1437 Wien
606 1510 1065 1649 Lieber Freund,
737 1635 2669 1765 ich habe auf Ihre Anfrage wegen Ihrer Erzählung "Dr. Graesler,
2613 1696 2836 1796 G.C.H.F.P
614 1746 2844 1882 Badearzt" auf Zusendung des Manuskripts gewartet, habe es aber bis
612 1854 2583 1988 heute noch nicht bekommen. Wäre es Ihnen möglich, mir die Fort-
620 1965 2744 2074 setzungen aus dem "Berliner Tageblatt" zuzusenden oder das Tagebelatt
614 2079 2660 2182 anzuweisen, dass mir das Material zugeht? Wir müssen erst mal den
617 2180 2722 2305 Umfang feststellen, ich mache Ihnen dann weitere Vorschläge. Soviel
628 2274 2744 2382 ich weiss, ist die Novelle am 15. März im Tageblatt zu Ende gedruckt
623 2377 2688 2519 worden, wir können also erst im Laufe des Monats Juni mit dem Buch
626 2496 1056 2608 herauskommen.
815 2535 2808 2697 Sie schreiben in Ihrem Briefe vom 19. März, der Hirt'sche Verlag
623 2663 2822 2811 hättesich um den Abdruck Ihrer Humoreske "Excentric" in einem Novellen-
2096 2744 2324 2813 (A).n
628 2777 2769 2894 buch beworben. Ist das nicht eine Verwechslung mit dem Plan des Hirt
334 2780 478 2927 gute...
626 2891 2574 3014 schen Blattes "Die Weltliteratur", in einer "Schnitzler-Nummer"
637 2983 2624 3114 einige Novellen abzudrucken? Der Hirt'sche Verlag gewährt dafür
628 3075 2724 3208 kein Honorar (es handelt sich um ein zehn Pfennig-Blatt mit grosser
637 3172 2663 3319 Auflage; das einzige Aequivalent ist der Raum einer viertel Seite
634 3311 2638 3422 zur Ankündigung der Werke des Autors). Ich bin der Meinung, dass
631 3372 2724 3542 man das unterstützen soll, und bitte mich wissen zu lassen, wie Sie
