3077 3866
1736 647 2533 948 de laisser et
999 821 1098 1017 V.
418 900 2624 1113 ordnungsmässig bestätigt, dass Frs. 1372.— auf Ihr Konto bei der
409 1056 1932 1225 Eidgenössischen Bank überwiesen worden sind.
945 1077 2765 1342 Ich habe übrigens einen neuen italienischen Vorschlag
415 1240 2810 1486 wegen "Weites Hand". Vielleicht haben Sie die Freundlichkeit sich in-
427 1366 2840 1610 zwischen die Bedingungen zu überlegen, die Sie stellen würden. „Anatol“
433 1480 2837 1736 hat sich s. Zt. wegen der zu hohen Garantie zerschlagen und ich möchte
457 1616 2876 1868 daher zur Erwägung geben, ob Sie sich mit einer Garantie von Lire. 1500.
460 1745 2738 1986 einverstanden erklären wollen. Diese sind mir nicht etwa angeboten,
475 1862 2885 2118 sondern scheinen mehr ein Angebot, das wir unsererseits stellen sollen.
481 2022 2903 2242 Ist einmal ein Werk von Ihnen mit Erfolg in Italien gespielt, so werden
466 2160 2103 2353 wir künftig leicht weit mehr erreichen können.
1023 2236 2542 2521 Mit verbindlichen Grüssen Ihr sehr ergebener
2347 2320 2690 2473 sus seine
