3221 4185
1166 581 2710 753 FISCHERVERLAG A.=G. BERLIN W 57
1531 712 2256 809 Theaterabteilung
867 831 2900 918 Ferusprecher: Lützow Nr. 6162-6164 / Telegramm=Adresse: Fischerverlag 6162 Berlinlützov
877 897 2903 1017 Bankkonto: Deutsche Bank, Depositenkasse P in Berlin / Postscheckkonto; Berlin Nr. 16892
1607 966 2930 1118 Bülowstraße 90 Berlin, den 14.12.29.
1169 963 1399 1100 Ma/Hb.
1181 1158 1379 1285 Herrn
1344 1306 2317 1488 Dr. Arthur Schnitzler
2363 1409 2847 1544 W i e n XVIII
2355 1562 2946 1693 Sternwartestr. 71
1176 1671 1911 1830 Verehrter Herr Doktor,
1906 1752 2854 1911 die Versendung der Bücher an
953 1868 2946 2041 presse und Buchhandel erfolgt Am Montag. Die uns heute ange-
948 1985 2383 2160 gebenen Adressen werden ebenfalls ereldigt.
1833 2091 2809 2249 Von Berliner Direktoren haben
953 2188 2885 2314 Barnowsky durch Berstl, Dr. Klein und Robert Exemplare ver-
948 2312 2918 2459 langt. Wegen Verhandlungen werden ich an Sie verweisen. Von
951 2385 2619 2527 Klien höre ich, dass er kein Interesse haben soll.
1805 2507 2834 2649 Ich werde Herrn Fischer fragen,
953 2593 2946 2718 ob er wünscht, dass ich zur Premiere komme. Ich würde es für
951 2707 2882 2842 wichtig halten, damit ich die auswärtigen Theaterdirektoren
943 2824 1729 2996 im Detail beraten kann.
1802 2882 2558 3060 Mit herzlichen Grüssen
2031 3039 2461 3159 Ihr ergebener
2383 3047 2778 3311 Kamarij
2134 3635 2259 3737 re
672 3719 786 3815 V.S.
