<?xml version="1.0" encoding="UTF-8" standalone="yes"?>
<PcGts xmlns="http://schema.primaresearch.org/PAGE/gts/pagecontent/2013-07-15" xmlns:xsi="http://www.w3.org/2001/XMLSchema-instance" xsi:schemaLocation="http://schema.primaresearch.org/PAGE/gts/pagecontent/2013-07-15 http://schema.primaresearch.org/PAGE/gts/pagecontent/2013-07-15/pagecontent.xsd">
    <Metadata>
        <Creator>prov=READ-COOP:name=TrHtr:version=2.1.0:model_id=51170:date=27_07_2023_22:29</Creator>
        <Created>2023-05-02T08:10:41.410+02:00</Created>
        <LastChange>2023-07-27T22:29:09.423+02:00</LastChange>
        <TranskribusMetadata docId="1416743" pageId="54953369" pageNr="98" tsid="131305733" status="IN_PROGRESS" userId="64420" imgUrl="https://files.transkribus.eu/Get?id=QQTRBLVKVRKUHZHGPPCJHNSM&amp;fileType=view" xmlUrl="https://files.transkribus.eu/Get?id=JMSRPDMRCUDRFOLVVJMDSSXR" imageId="44457094"/>
    </Metadata>
    <Page imageFilename="1416743_0098.jpg" imageWidth="3171" imageHeight="3943">
        <ReadingOrder>
            <OrderedGroup id="ro_1711826177907" caption="Regions reading order">
                <RegionRefIndexed index="0" regionRef="tr_1"/>
            </OrderedGroup>
        </ReadingOrder>
        <TextRegion id="tr_1" custom="readingOrder {index:0;}">
            <Coords points="602,260 3023,260 3023,3418 602,3418"/>
            <TextLine id="tr_1_tl_1" custom="readingOrder {index:0;}">
                <Coords points="1396,330 1421,330 1433,339 1449,339 1460,330 1496,333 1505,341 1524,330 1532,336 1560,333 1560,230 1535,236 1516,230 1505,239 1491,225 1455,211 1435,219 1396,208"/>
                <Baseline points="1411,310 1456,310 1501,310 1546,310 1564,310"/>
                <TextEquiv>
                    <Unicode>39a</Unicode>
                </TextEquiv>
            </TextLine>
            <TextLine id="tr_1_tl_2" custom="readingOrder {index:1;}">
                <Coords points="2124,472 2140,469 2190,500 2229,475 2271,483 2313,466 2343,475 2346,322 2293,316 2274,328 2257,316 2243,328 2221,314 2199,322 2127,319"/>
                <Baseline points="2140,450 2184,453 2229,456 2274,447 2319,453 2346,453"/>
                <TextEquiv>
                    <Unicode>R l</Unicode>
                </TextEquiv>
            </TextLine>
            <TextLine id="tr_1_tl_3" custom="readingOrder {index:2;}">
                <Coords points="583,639 2232,539 2632,586 2735,544 2737,453 586,527"/>
                <Baseline points="602,567 638,567 683,567 728,567 773,567 817,567 862,567 907,567 952,567 996,567 1041,564 1086,564 1131,561 1176,561 1220,561 1265,558 1310,558 1355,555 1399,555 1444,552 1489,549 1534,546 1578,546 1623,543 1668,543 1713,543 1758,540 1802,540 1847,540 1892,537 1937,537 1981,537 2026,534 2071,534 2116,531 2161,531 2205,531 2250,528 2295,525 2340,522 2384,522 2429,519 2474,519 2519,516 2563,513 2608,510 2653,507 2698,507 2743,507"/>
                <TextEquiv>
                    <Unicode>###ihonto: Deutsche Bank, Depositenk. P in Berlin / Postscheckkonto Berlin Nr. 1662 — Fernsprech-Anschlüsse: Amt Lützow Nr., 1662, 6162 und 722.</Unicode>
                </TextEquiv>
            </TextLine>
            <TextLine id="tr_1_tl_4" custom="readingOrder {index:3;}">
                <Coords points="2035,666 2127,700 2254,658 2307,675 2396,658 2446,680 2501,650 2565,680 2643,661 2646,589 2549,541 2482,575 2374,586 2246,569 2188,589 2038,583"/>
                <Baseline points="2050,650 2068,650 2113,650 2158,647 2202,647 2247,647 2292,647 2337,644 2381,641 2426,641 2471,638 2516,632 2561,629 2605,626 2650,623"/>
                <TextEquiv>
                    <Unicode>Berlin W. 57, Bülowstraße 90</Unicode>
                </TextEquiv>
            </TextLine>
            <TextLine id="tr_1_tl_5" custom="readingOrder {index:4;}">
                <Coords points="2174,825 2249,797 2390,780 2449,750 2565,747 2568,675 2501,650 2446,680 2393,658 2338,680 2296,664 2265,672 2254,658 2221,672 2182,666"/>
                <Baseline points="2193,749 2214,752 2259,749 2304,746 2349,746 2393,743 2438,740 2483,737 2528,731 2572,725"/>
                <TextEquiv>
                    <Unicode>12/12. 1917</Unicode>
                </TextEquiv>
            </TextLine>
            <TextLine id="tr_1_tl_6" custom="readingOrder {index:5;}">
                <Coords points="825,1130 974,1166 1063,1127 1105,1169 1319,1116 1605,1147 1699,1124 1705,999 1532,980 1441,997 1369,1058 827,1074"/>
                <Baseline points="841,1125 859,1128 904,1125 949,1125 993,1122 1038,1122 1083,1119 1128,1116 1173,1116 1217,1113 1262,1110 1307,1107 1352,1104 1396,1098 1441,1095 1486,1095 1531,1092 1576,1089 1620,1086 1665,1083 1710,1080"/>
                <TextEquiv>
                    <Unicode>Herrn Dr. Arthur Schnitzler</Unicode>
                </TextEquiv>
            </TextLine>
            <TextLine id="tr_1_tl_7" custom="readingOrder {index:6;}">
                <Coords points="1671,1238 1688,1241 1710,1233 1727,1241 1738,1233 1752,1241 1771,1238 1785,1224 1807,1233 1821,1219 1835,1219 1838,1135 1791,1141 1735,1110 1721,1122 1674,1130"/>
                <Baseline points="1686,1182 1710,1184 1755,1184 1799,1182 1844,1179"/>
                <TextEquiv>
                    <Unicode>Wien</Unicode>
                </TextEquiv>
            </TextLine>
            <TextLine id="tr_1_tl_8" custom="readingOrder {index:7;}">
                <Coords points="750,1474 875,1441 902,1458 980,1438 1049,1483 1116,1466 1210,1474 1216,1333 1124,1335 1074,1363 983,1330 941,1333 891,1366 819,1344 755,1363"/>
                <Baseline points="767,1432 773,1435 817,1435 862,1432 907,1432 952,1429 996,1426 1041,1426 1086,1423 1131,1420 1176,1417 1220,1420"/>
                <TextEquiv>
                    <Unicode>Lieber Freund,</Unicode>
                </TextEquiv>
            </TextLine>
            <TextLine id="tr_1_tl_9" custom="readingOrder {index:8;}">
                <Coords points="858,1616 2862,1524 2885,1424 863,1508"/>
                <Baseline points="877,1581 919,1581 964,1581 1008,1578 1053,1576 1098,1573 1143,1570 1187,1570 1232,1570 1277,1567 1322,1564 1367,1561 1411,1558 1456,1558 1501,1552 1546,1549 1590,1546 1635,1543 1680,1543 1725,1540 1770,1537 1814,1534 1859,1534 1904,1531 1949,1531 1993,1528 2038,1525 2083,1522 2128,1519 2172,1519 2217,1513 2262,1513 2307,1510 2352,1507 2396,1504 2441,1501 2486,1501 2531,1498 2575,1495 2620,1495 2665,1492 2710,1489 2755,1486 2799,1483 2844,1483 2889,1483"/>
                <TextEquiv>
                    <Unicode>ich habe festgestellt, dass Sie wegen des Uebe reetzungshonorars</Unicode>
                </TextEquiv>
            </TextLine>
            <TextLine id="tr_1_tl_10" custom="readingOrder {index:9;}">
                <Coords points="722,1718 2712,1627 2771,1535 725,1641"/>
                <Baseline points="737,1689 761,1689 805,1686 850,1683 895,1686 940,1686 985,1683 1029,1680 1074,1677 1119,1671 1164,1671 1208,1668 1253,1665 1298,1662 1343,1662 1387,1659 1432,1656 1477,1656 1522,1653 1567,1650 1611,1647 1656,1647 1701,1644 1746,1641 1790,1638 1835,1635 1880,1635 1925,1632 1970,1632 2014,1629 2059,1626 2104,1623 2149,1620 2193,1620 2238,1617 2283,1614 2328,1611 2372,1608 2417,1605 2462,1602 2507,1602 2552,1599 2596,1596 2641,1596 2686,1593 2731,1590 2775,1590"/>
                <TextEquiv>
                    <Unicode>für "Dr. Graesler" ins Schwadische doch im Irrtum sind. Wir haben</Unicode>
                </TextEquiv>
            </TextLine>
            <TextLine id="tr_1_tl_11" custom="readingOrder {index:10;}">
                <Coords points="1152,1721 1230,1735 1274,1718 1285,1732 1313,1721 1491,1724 1494,1660 1374,1677 1285,1660 1252,1685 1155,1677"/>
                <Baseline points="1170,1704 1187,1704 1232,1704 1277,1704 1322,1704 1367,1698 1411,1695 1456,1689 1501,1683"/>
                <TextEquiv>
                    <Unicode>Mm m m</Unicode>
                </TextEquiv>
            </TextLine>
            <TextLine id="tr_1_tl_12" custom="readingOrder {index:11;}">
                <Coords points="716,1860 1566,1755 2815,1749 2921,1735 2923,1632 725,1718"/>
                <Baseline points="737,1793 782,1793 826,1790 871,1790 916,1787 961,1784 1005,1784 1050,1781 1095,1778 1140,1775 1184,1775 1229,1773 1274,1770 1319,1767 1364,1767 1408,1764 1453,1761 1498,1758 1543,1755 1587,1752 1632,1749 1677,1749 1722,1746 1767,1743 1811,1743 1856,1737 1901,1737 1946,1734 1990,1734 2035,1731 2080,1728 2125,1725 2169,1722 2214,1722 2259,1719 2304,1713 2349,1713 2393,1710 2438,1710 2483,1707 2528,1704 2572,1704 2617,1701 2662,1698 2707,1695 2752,1695 2796,1692 2841,1692 2886,1689 2931,1683"/>
                <TextEquiv>
                    <Unicode>für das Uebersetzungsrecht der Buchausgabe 300 schwed. Kronen verlangt</Unicode>
                </TextEquiv>
            </TextLine>
            <TextLine id="tr_1_tl_13" custom="readingOrder {index:12;}">
                <Coords points="694,1932 2510,1871 2773,1760 2438,1713 697,1849"/>
                <Baseline points="713,1895 719,1895 764,1895 808,1895 853,1892 898,1889 943,1886 987,1883 1032,1880 1077,1880 1122,1877 1167,1874 1211,1874 1256,1871 1301,1871 1346,1868 1390,1865 1435,1862 1480,1859 1525,1856 1570,1856 1614,1853 1659,1850 1704,1850 1749,1847 1793,1844 1838,1841 1883,1838 1928,1835 1972,1835 2017,1832 2062,1829 2107,1826 2152,1826 2196,1823 2241,1823 2286,1817 2331,1814 2375,1814 2420,1811 2465,1808 2510,1808 2555,1805 2599,1802 2644,1799 2689,1796 2734,1796 2778,1796"/>
                <TextEquiv>
                    <Unicode>und bekommen und Ihnen den Originalscheck am 25. Sept. eingesandt.</Unicode>
                </TextEquiv>
            </TextLine>
            <TextLine id="tr_1_tl_14" custom="readingOrder {index:13;}">
                <Coords points="736,2007 1002,2060 1508,1966 2754,1966 2851,1941 2857,1852 1535,1860 1455,1929 738,1949"/>
                <Baseline points="752,1993 758,1996 802,1996 847,1996 892,1993 937,1990 982,1990 1026,1987 1071,1984 1116,1981 1161,1978 1205,1978 1250,1975 1295,1972 1340,1970 1384,1967 1429,1967 1474,1967 1519,1964 1564,1961 1608,1958 1653,1955 1698,1952 1743,1952 1787,1949 1832,1946 1877,1943 1922,1943 1967,1940 2011,1937 2056,1934 2101,1934 2146,1931 2190,1931 2235,1928 2280,1925 2325,1922 2369,1919 2414,1916 2459,1913 2504,1910 2549,1910 2593,1907 2638,1907 2683,1904 2728,1901 2772,1898 2817,1895 2862,1889"/>
                <TextEquiv>
                    <Unicode>Wir haben aber ausserdem auch noch 100 schwed. Kronen für den Vorab-</Unicode>
                </TextEquiv>
            </TextLine>
            <TextLine id="tr_1_tl_15" custom="readingOrder {index:14;}">
                <Coords points="727,2135 2821,2074 2898,2057 2904,1946 1519,1966 1374,2043 733,2066"/>
                <Baseline points="746,2101 758,2101 802,2104 847,2101 892,2098 937,2095 982,2092 1026,2089 1071,2089 1116,2086 1161,2083 1205,2083 1250,2080 1295,2077 1340,2074 1384,2074 1429,2071 1474,2068 1519,2065 1564,2065 1608,2062 1653,2059 1698,2056 1743,2053 1787,2053 1832,2050 1877,2047 1922,2044 1967,2041 2011,2041 2056,2038 2101,2038 2146,2035 2190,2032 2235,2032 2280,2029 2325,2026 2369,2023 2414,2020 2459,2017 2504,2017 2549,2014 2593,2011 2638,2011 2683,2008 2728,2005 2772,2002 2817,1999 2862,1996 2907,1990"/>
                <TextEquiv>
                    <Unicode>druck des Buches in einer Zeitschrift erhalten, also ein sehr ansehn-</Unicode>
                </TextEquiv>
            </TextLine>
            <TextLine id="tr_1_tl_16" custom="readingOrder {index:15;}">
                <Coords points="730,2224 919,2271 944,2254 977,2263 1002,2238 1041,2254 1074,2232 1105,2246 1213,2238 1216,2154 1138,2132 1041,2157 855,2135 769,2163 733,2154"/>
                <Baseline points="746,2205 773,2202 817,2202 862,2199 907,2199 952,2196 996,2193 1041,2190 1086,2190 1131,2187 1176,2187 1220,2184"/>
                <TextEquiv>
                    <Unicode>liches Honorar.</Unicode>
                </TextEquiv>
            </TextLine>
            <TextLine id="tr_1_tl_17" custom="readingOrder {index:16;}">
                <Coords points="955,2349 1741,2257 2896,2265 2973,2243 2976,2154 1491,2163 961,2260"/>
                <Baseline points="973,2298 1011,2298 1056,2295 1101,2292 1146,2289 1190,2289 1235,2286 1280,2283 1325,2283 1370,2280 1414,2277 1459,2274 1504,2271 1549,2271 1593,2268 1638,2265 1683,2262 1728,2259 1773,2259 1817,2259 1862,2256 1907,2253 1952,2250 1996,2247 2041,2244 2086,2241 2131,2238 2175,2238 2220,2235 2265,2232 2310,2229 2355,2226 2399,2226 2444,2226 2489,2223 2534,2217 2578,2217 2623,2214 2668,2214 2713,2214 2758,2211 2802,2208 2847,2205 2892,2202 2937,2202 2981,2205"/>
                <TextEquiv>
                    <Unicode>Inzwischen hat sich Herr Viggo Petersen auch um die Uebersetzung</Unicode>
                </TextEquiv>
            </TextLine>
            <TextLine id="tr_1_tl_18" custom="readingOrder {index:17;}">
                <Coords points="1871,2315 1910,2326 1941,2304 1979,2313 1996,2299 2018,2321 2085,2293 2143,2313 2179,2290 2307,2290 2329,2285 2332,2240 1874,2263"/>
                <Baseline points="1889,2298 1892,2298 1937,2295 1981,2292 2026,2289 2071,2289 2116,2286 2161,2283 2205,2280 2250,2277 2295,2274 2340,2268"/>
                <TextEquiv>
                    <Unicode>m m m m r r r og r r v r r w r r</Unicode>
                </TextEquiv>
            </TextLine>
            <TextLine id="tr_1_tl_19" custom="readingOrder {index:18;}">
                <Coords points="750,2413 938,2465 1474,2379 2274,2385 2543,2360 2607,2260 752,2365"/>
                <Baseline points="764,2411 776,2411 820,2411 865,2408 910,2405 955,2405 999,2402 1044,2399 1089,2396 1134,2393 1179,2390 1223,2387 1268,2384 1313,2381 1358,2381 1402,2378 1447,2375 1492,2372 1537,2372 1581,2369 1626,2369 1671,2366 1716,2361 1761,2361 1805,2361 1850,2358 1895,2355 1940,2355 1984,2352 2029,2349 2074,2349 2119,2346 2164,2343 2208,2340 2253,2340 2298,2337 2343,2334 2387,2331 2432,2328 2477,2325 2522,2322 2566,2322 2611,2319"/>
                <TextEquiv>
                    <Unicode>ins Dänische beworben; wir haben 250 dän. Kronen gefordert.</Unicode>
                </TextEquiv>
            </TextLine>
            <TextLine id="tr_1_tl_20" custom="readingOrder {index:19;}">
                <Coords points="961,2554 2954,2446 2959,2343 966,2454"/>
                <Baseline points="979,2504 990,2504 1035,2504 1080,2501 1125,2498 1170,2492 1214,2492 1259,2489 1304,2489 1349,2486 1393,2483 1438,2483 1483,2477 1528,2474 1573,2474 1617,2471 1662,2468 1707,2468 1752,2465 1796,2462 1841,2462 1886,2459 1931,2456 1975,2456 2020,2453 2065,2450 2110,2450 2155,2447 2199,2447 2244,2444 2289,2441 2334,2435 2378,2432 2423,2435 2468,2435 2513,2435 2558,2435 2602,2432 2647,2426 2692,2423 2737,2423 2781,2417 2826,2417 2871,2411 2916,2408 2960,2408"/>
                <TextEquiv>
                    <Unicode>Ich lege ferner xxx die Anfrage von Dr. Rosa Pahl aus Szeged</Unicode>
                </TextEquiv>
            </TextLine>
            <TextLine id="tr_1_tl_21" custom="readingOrder {index:20;}">
                <Coords points="763,2632 1310,2674 1419,2596 2990,2551 2996,2435 766,2571"/>
                <Baseline points="779,2617 805,2617 850,2617 895,2614 940,2611 985,2608 1029,2605 1074,2602 1119,2599 1164,2596 1208,2596 1253,2593 1298,2590 1343,2587 1387,2584 1432,2584 1477,2581 1522,2578 1567,2575 1611,2575 1656,2572 1701,2569 1746,2569 1790,2566 1835,2566 1880,2563 1925,2561 1970,2558 2014,2555 2059,2552 2104,2552 2149,2549 2193,2546 2238,2543 2283,2540 2328,2540 2372,2537 2417,2534 2462,2534 2507,2534 2552,2531 2596,2531 2641,2528 2686,2525 2731,2522 2775,2519 2820,2516 2865,2513 2910,2513 2955,2507 2999,2507"/>
                <TextEquiv>
                    <Unicode>bei. Es ist vielleicht am zweckmässigsten, wenn Sie diese Angelegenheit</Unicode>
                </TextEquiv>
            </TextLine>
            <TextLine id="tr_1_tl_22" custom="readingOrder {index:21;}">
                <Coords points="766,2751 2124,2671 2712,2718 2851,2679 2860,2540 769,2679"/>
                <Baseline points="785,2719 799,2719 844,2716 889,2716 934,2713 979,2710 1023,2710 1068,2707 1113,2707 1158,2701 1202,2701 1247,2698 1292,2695 1337,2695 1381,2692 1426,2692 1471,2689 1516,2686 1561,2683 1605,2680 1650,2677 1695,2677 1740,2674 1784,2674 1829,2671 1874,2668 1919,2665 1964,2662 2008,2662 2053,2659 2098,2656 2143,2656 2187,2653 2232,2647 2277,2647 2322,2644 2366,2641 2411,2638 2456,2635 2501,2632 2546,2632 2590,2632 2635,2629 2680,2629 2725,2626 2769,2623 2814,2620 2859,2620"/>
                <TextEquiv>
                    <Unicode>direkt behandeln, ich glaube nicht, ob Sie mehr wie 3 - 400 Kronen</Unicode>
                </TextEquiv>
            </TextLine>
            <TextLine id="tr_1_tl_23" custom="readingOrder {index:22;}">
                <Coords points="775,2829 924,2862 1086,2815 1272,2826 1313,2812 1316,2746 1144,2737 930,2785 877,2782 836,2751 777,2773"/>
                <Baseline points="790,2817 826,2820 871,2817 916,2817 961,2814 1005,2811 1050,2811 1095,2808 1140,2805 1184,2802 1229,2802 1274,2799 1319,2799"/>
                <TextEquiv>
                    <Unicode>verlangen können.</Unicode>
                </TextEquiv>
            </TextLine>
            <TextLine id="tr_1_tl_24" custom="readingOrder {index:23;}">
                <Coords points="952,2937 2604,2876 3015,2837 3018,2765 958,2835"/>
                <Baseline points="967,2916 1008,2913 1053,2910 1098,2907 1143,2904 1187,2901 1232,2901 1277,2898 1322,2895 1367,2895 1411,2892 1456,2892 1501,2889 1546,2883 1590,2883 1635,2883 1680,2880 1725,2877 1770,2874 1814,2874 1859,2871 1904,2868 1949,2868 1993,2865 2038,2865 2083,2862 2128,2859 2172,2856 2217,2853 2262,2850 2307,2850 2352,2847 2396,2841 2441,2841 2486,2838 2531,2838 2575,2835 2620,2835 2665,2832 2710,2832 2755,2829 2799,2826 2844,2823 2889,2820 2934,2820 2978,2820 3023,2823"/>
                <TextEquiv>
                    <Unicode>Die Wiener Reise ist mir eine sehr liebe und wertvolle Erinnerung;</Unicode>
                </TextEquiv>
            </TextLine>
            <TextLine id="tr_1_tl_25" custom="readingOrder {index:24;}">
                <Coords points="775,3037 2934,2990 2998,2835 777,2982"/>
                <Baseline points="790,3029 805,3029 850,3026 895,3026 940,3020 985,3020 1029,3017 1074,3014 1119,3014 1164,3008 1208,3005 1253,3005 1298,3002 1343,2999 1387,2999 1432,2996 1477,2993 1522,2990 1567,2987 1611,2984 1656,2981 1701,2981 1746,2981 1790,2978 1835,2978 1880,2975 1925,2972 1970,2972 2014,2969 2059,2966 2104,2963 2149,2960 2193,2960 2238,2957 2283,2957 2328,2955 2372,2952 2417,2952 2462,2949 2507,2946 2552,2946 2596,2940 2641,2940 2686,2937 2731,2934 2775,2934 2820,2931 2865,2928 2910,2928 2955,2925 2999,2925"/>
                <TextEquiv>
                    <Unicode>ich danke Ihnen und Ihrer Frau Gemahlin nochmals für die guten Stunden.</Unicode>
                </TextEquiv>
            </TextLine>
            <TextLine id="tr_1_tl_26" custom="readingOrder {index:25;}">
                <Coords points="777,3168 1838,3112 1860,3009 1491,3059 1074,3037 1030,3076 786,3046"/>
                <Baseline points="796,3131 835,3128 880,3128 925,3125 970,3122 1014,3122 1059,3119 1104,3116 1149,3113 1193,3110 1238,3107 1283,3104 1328,3104 1373,3101 1417,3098 1462,3098 1507,3095 1552,3089 1596,3089 1641,3086 1686,3086 1731,3083 1775,3083 1820,3080 1865,3074"/>
                <TextEquiv>
                    <Unicode>die ich mit Ihnen verleben konnte.</Unicode>
                </TextEquiv>
            </TextLine>
            <TextLine id="tr_1_tl_27" custom="readingOrder {index:26;}">
                <Coords points="1427,3223 1655,3201 1718,3234 1880,3198 1982,3229 2035,3190 2152,3187 2154,3121 2024,3096 1982,3126 1949,3107 1780,3151 1430,3145"/>
                <Baseline points="1441,3199 1444,3199 1489,3196 1534,3193 1578,3193 1623,3190 1668,3190 1713,3187 1758,3184 1802,3181 1847,3181 1892,3178 1937,3175 1981,3175 2026,3172 2071,3172 2116,3169 2161,3169"/>
                <TextEquiv>
                    <Unicode>Mit herzlichen Grüssen</Unicode>
                </TextEquiv>
            </TextLine>
            <TextLine id="tr_1_tl_28" custom="readingOrder {index:27;}">
                <Coords points="2204,3248 2235,3259 2263,3254 2277,3268 2293,3270 2324,3245 2346,3248 2340,3109 2326,3109 2313,3129 2282,3129 2271,3121 2260,3126 2246,3121 2235,3132 2229,3126 2202,3126"/>
                <Baseline points="2217,3208 2262,3211 2307,3211 2349,3211"/>
                <TextEquiv>
                    <Unicode>Ihr</Unicode>
                </TextEquiv>
            </TextLine>
            <TextLine id="tr_1_tl_29" custom="readingOrder {index:28;}">
                <Coords points="1885,3448 1966,3409 2057,3426 2221,3398 2432,3415 2557,3459 2554,3345 2293,3318 2238,3276 2210,3298 2135,3243 2074,3265 2004,3245 1882,3301"/>
                <Baseline points="1901,3402 1943,3408 1987,3402 2032,3399 2077,3399 2122,3399 2167,3402 2211,3402 2256,3405 2301,3408 2346,3408 2390,3408 2435,3405 2480,3408 2525,3405 2563,3402"/>
                <TextEquiv>
                    <Unicode>Yfische.</Unicode>
                </TextEquiv>
            </TextLine>
        </TextRegion>
    </Page>
</PcGts>
