3081 3847
1341 118 1498 275 637
458 213 2682 455 S. Fischer/Verlag/Berlin M 57/Bülowstraße 90
821 363 2348 490 Fernsprechanschlüsse: Amt Lützow Nr. 1662. 6162 und 9292 / Postscheckkonto: Berlin Nr 16692
1184 443 1988 585 THEATERABTEILUNG.
2378 428 2747 620 en 1/4
573 685 780 809 Herrn
2192 753 2286 892 G.F.P.
851 750 2103 927 Dr. Arthur Schnitzler
2295 862 2381 957 G.H.F.P.
2000 860 2159 969 G.H.F.P.
2103 942 2514 1054 Wien
2319 1031 2528 1114 Bea...
1905 987 2056 1119 "--
2047 1093 2366 1214 G.H.F.P.
535 1108 1468 1347 Sehr geehrter Herr Doktor,
1444 1158 2868 1347 in höflicher Beantwortung Ihres Schreibens
576 1326 2428 1492 vom 25/10. möchten wir Ihnen heute folgendes mitteilen:
1444 1382 2853 1560 Was die Abrechnung über die Vorstellungen
588 1527 2912 1713 im April und Mai in Düsseldorf und Bochum betrifft, so handelt es sich
588 1633 2883 1825 hierbei um alte Verträge, die noch monatliche Abrechnung vorsehen. Wir
1852 1737 2286 1811 A.W.A.S.
597 1772 2821 1929 hatten sofort nach Empfang des Bühnenspielplans, der erst Ende Juni
603 1843 2809 2035 erschien, reklamiert; aber leider schreiben uns sämtliche Bühnen im
608 2003 2880 2133 besetzten Gebiet, dass sie mit grossen Schwierigkeiten zu kämpfen ha-
614 2082 2912 2298 bene, sie aber bemüht bleiben die Gelder nach Möglichkeit pünktlich ab-
611 2180 2889 2407 zuführen..Wir erhielten die Zahlungen von den beiden Bühnen Ende Au-
617 2295 2951 2466 gust, führten die Beträge sofort an Sie ab, während Sie die Aufstellung
623 2422 2020 2617 erst in der letzten Abrechnung vorhanden.
1527 2508 2989 2691 Im übrigen sehen unsere Verträge schon seit
629 2596 3007 2800 langem die wöchentliche Abrechnung vor. Als die Geldentwertung sich dann
635 2726 2986 2927 immer mehr fühlbar machte, nahmen wir einen Passus in die Verträge auf,
638 2853 2995 3019 wonach die Bühnen verpflichtet wurden, jeden Montag pünktlich abzurech-
641 2969 2918 3134 nen und zu zahlen. Erfolgt Abrechnung und Zahlung nicht am vertrags-
635 3051 2957 3211 mässigen Tage, so geht die Entwertung zu Lasten der Direktion und zwar
644 3193 2906 3323 auf Grund des höchsten Standes, den der Dollar während der Versäumnig-
659 3264 2939 3506 frist erreicht hat. Und neuerdings sind die Direktionen verpflichtet
1657 3432 2774 3607 nicht in Dollar, sondern die ent-
1707 3556 1893 3648 mark
