3112 4056
1335 296 1508 465 716
774 361 2282 545 S. Fischer / Verlag / A.=G. Berlin W 57
536 597 2520 698 Bankkonto; Deutsche Bank, Depositenkasse P in Berlin / Postscheckkonto: Berlin Nr. 1669a
955 646 2110 772 Fernsprechanschlüsse: Amt Lützow Nr. 6162 bis 6164
1341 681 2517 835 Bülowstraße oo Berlin, den 3. 1.1925.
558 703 810 856 Ro./Re.
643 824 2058 982 Herrn Dr. Arthur Schnitzler,
326 884 441 991 G.C.F.P.
2022 949 2558 1084 Wien XVIII
1874 969 2006 1114 G.C.F.P.
2025 1067 2578 1223 Sternwartestr. 71
577 1122 673 1261 G.C.F.P.
914 1119 1740 1289 Sehr geehrter Herr Doktor!
506 1245 821 1371 G.C.H.F.P.
837 1245 2575 1404 Herr Dr. Maril übermittelt uns Ihren Wunsch um rasche
572 1398 2657 1535 Zustellung einer à Conto-Zahlung von 2500 bis 3000 Mark, sowie der
569 1486 2769 1625 Abrechnung. Die Ueberweisung von grösseren Markbeträgen an Ausländer,
572 1612 2673 1743 auch wenn sie in Deutschland ein Inlandskonto bei einer Bank haben,
577 1699 2531 1850 unterliegt noch immer der Genehmigung des Finanzamtes, (nur die
1880 1784 2167 1852 • ̃
569 1800 2690 1954 Kontrolle durch den Devisenkommissar, der grössere Markzahlungen an
566 1935 2561 2055 Ausländer überhaupt nicht zuliess, besteht nicht mehr). Für die
577 2019 2747 2129 finanzamtliche Genehmigung bedarf es aber entweder einer vorliegenden
1584 2126 2640 2260 der monatlichen Theater-Abrechnung
575 2121 1592 2252 Abrechnung (wie beispielsweise d
1467 2203 1592 2268 G.C.F.P
802 2225 1045 2282 Ich verleistos
2723 2186 2835 2345 wo-
583 2225 2701 2334 oder zum mindesten einer direkten Zuschrift von Ihnen an den Verlag,
982 2329 1152 2386 nu un
580 2331 2720 2485 rin der Betrag gefordert wird. Der Brief des Herrn Dr. Maril erfüllt
170 2337 555 2482 I (wie z. B. his
175 2443 495 2542 wasser Zahlung.
580 2457 2744 2558 diese Voraussetzungen nicht, und somit würde es eine grosse Verzögerung
181 2493 564 2632 in September v. J.
577 2526 2695 2649 bedeuten, wenn wir erst auf Grund der erforderlichen Unterlagen die
577 2643 2720 2764 Genehmigung einholen. Da Sie aber das Geld schnell brauchen, glauben
580 2739 2657 2879 wir Ihren Wünschen zu entsprechen, wenn wir Ihnen durch den Wiener
1811 2840 1989 2920 in bar
575 2846 2638 2988 Bank Verein sofort 50 Millionen dö. Kronen übermitteln lassen, was
577 2958 1508 3076 annähernd 3000 Mark ausmacht.
755 3007 2747 3185 Die Bücher-Abrechnung, die ja vor allem auch den Absatz für Dezember
583 3169 2744 3325 ausweisensoll, kann vor Ende Januar nicht fertig sein, wir werden sie
569 3275 1510 3396 Ihnen dann sogleich zusenden.
761 3360 2837 3500 Die Theater-Abrechnung für Dezember werden wir Anfang der nächsten
588 3486 2769 3664 Woche fertigstellen, sie wird für Sie, so weit wir es schon übersehen
