3205 4008
1467 227 1584 379 921
1703 257 2217 436 Paul Sommer
2261 292 2445 460 Sir,
910 268 2469 558 4.8. Fischer Verlag / Berlin Mor Bülowstratz.
1508 458 2152 612 AETIENSESELESCHAFT
815 550 2810 701 Bankkonto: Deutsche Bank, Depositenkasse P in Berlin / Postscheckkonto Berlin Nr. 16692
1240 617 2383 742 Fernsprechanschlüsse: Amt Lützow Nr. 6162 bis 6164
1245 669 2380 818 Telegramm-Adresse: Fischerverlag 6162 Berlinlützow
747 717 937 899 F/si.
2350 801 2754 975 11. Aug. 29
1018 910 2280 1159 Herrn Dr. Arthur Schnitzler
2523 1091 2751 1308 Wien
872 1151 1362 1338 Lieber Freund,
1004 1310 2791 1516 ich bestätige dankend den Empfang Ihres neuen Stückes
864 1405 2932 1643 „ Im Spiel der Sommerlüften. Ich habe das Manuskript sogleich
861 1513 2802 1725 der Druckerei weitergegeben, damit Sie die Korrekturen des
858 1630 2483 1798 Satzes zu dem gewünschten Termin bekommen können.
937 1719 2781 1928 Ihre Anfrage wegen der Provision für den Bühnenvertrieb
842 1838 3022 2058 wird Maril, der Ende dieses Monats aus Amerika zurückkehrt, beant-
831 1933 2954 2128 worten. Sie vergessen, lieber Freund, dass die Wirtschaft nicht
818 2012 2913 2247 wieder zu dem Zustand der Vorkriegszeit zurückgekeit ist, dass
820 2106 2943 2369 vielmehr ein unerträglich hoher Prozentsatz für die berüchtigten
812 2245 2832 2448 Spesen einzurechnen ist. Ein Zustand, der uns - und nicht nur
807 2312 2829 2586 uns - die grössten Sorgen machen muss. Aber wie gesagt, Maril
796 2434 2093 2599 wird sich mit Ihnen zweifellos einigen.
1297 2607 2629 2805 Mit herzlichen Grüssen von uns zu Ihnen,
1692 2737 1963 2908 Sevr
1649 2870 2212 3141 F fische.
355 3517 588 3679 4. 28. 3000. V.
