3096 3785
1176 339 1950 472 FISCHER / VerLA
372 351 571 493 2. Blatt
523 472 1373 605 Dr.A. Schnitzler 31/1. 24
517 653 1016 819 vorrätig sind.
1246 665 2498 804 .dan xxx wie xxx nur xxx
617 744 2824 916 Ich habe Ihnen gestern geschrieben, dass ich zur Vorauszahlung von
1826 850 2304 910 nageb erfahren
1406 856 1512 910 G.H.F.P.
553 862 1309 916 es! xxx laub xxx
348 804 535 962 G.C.F.P.
529 871 2876 1043 Auflegenteilen habeit bin; damit würde sich Ihre Frage wegen entsprech-
1896 949 2044 1028 Mein
1034 962 1760 1031 Irenste abzeichnete neh
493 962 587 1052 G.C.
529 1025 2008 1086 enden a Kontozahlungen von selbst erledigen.
1869 1001 2561 1110 Gedankb handl oudw dol
1264 1058 1781 1125 amour, mais il y a même
971 1067 1191 1122 G.C.F.P.
729 1064 877 1131 G.H.F.P.
650 1079 2842 1182 Mit der Spanne von 40 % zwischen broschiertem und gebundenem Exem-
1878 1152 2395 1222 G.C.H.F.G.G,F.F:H,F:D'G,H,D,
1630 1158 1769 1216 G.C.H.P.
617 1155 946 1237 G.C.H.F.P.
2153 1258 2362 1318 G.C.H.F.P.
1554 1264 2120 1336 G.H.F.F:D.H,D'H,F.H:D,
2274 1367 2365 1415 G.F.P.
1911 1370 2014 1421 .
1621 1473 1727 1530 G.H.F.P.
1418 1476 1551 1527 G.H.F.P.
526 1179 2848 1324 plar bin ich einverstanden, das bezieht sich aber nur auf den Papp- und
532 1261 2851 1421 Halbleinenband, durch die der Preis des broschierten Exemplars fixiert
750 1376 1083 1442 (u) A
532 1385 671 1439 de ses ames
526 1397 2845 1524 ist. Die Halblederbände sind immer in der Herstellung viel teurer; bei
865 1476 1370 1554 Votre très obéissant serviteur. [incompréhensible]
529 1476 2830 1627 solchen Bänden können wir eine Spanne nicht festsetzen. Ich habe kein
529 1587 2960 1717 grosses Interesse an Halblederbänden, und wenn Ihnen das nicht sympathisch
529 1681 2854 1835 ist, so brauchen wir, nach Verkauf der vorrätigen Halblederbähde, neue
526 1817 2779 1914 nicht anzufertigen. Auch die Spanne von 40 % bei den wohlfeilen Aus-
529 1914 2857 2056 gaben ist nicht möglich, die Hände kosten jetzt 80 Pfg. broschiert und
1751 1993 1872 2047 G.F.P.
1330 1999 1482 2056 G.C.F.P.
526 2020 2697 2165 M 1,50 gebunden. Rechnen Sie selbst nach, ob der Einbandpreis von
532 2120 2721 2256 70 Pfg. nach Abzug eines Rabats von 40 % mit 42 Pfg. zu hoch ist.
532 2222 2697 2368 Biese Dinge lassen sich nicht schematisieren, so wird nach meiner
538 2307 2857 2458 Meinung auch die Einbandspanne von 40 % für Pappe und Halbleinen, wenn
541 2440 2782 2582 die Preise, wie es den Anschein hat, zurückgehen, in der Regel unter-
535 2522 1869 2682 halb der Spanne von 40 % bleiben können.
1578 2594 2870 2733 An die Einbandpreise für den Autor keine
986 2649 1587 2794 lösabrechnung haben
1578 2721 2365 2782 xyz kw. xyz
626 2643 910 2788 Bei der
535 2715 2906 2888 Rolle gespielt, da er ja automatisch an den Einnahmen aus den Einbänden
726 2836 825 2909 ig
538 2833 2924 2994 beteilt war und darum sind viele Autoren immer noch für die Erlösabrech-
538 2948 2803 3093 nung günstiger gestimmt. Die Verlagsanstalt und der Cottasche Verlag
538 3048 2797 3181 in Stuttgart haben die Erlösabrechnung für ihre Autoren beibehalten.
644 3160 2912 3302 Ich möchte hoffen, dass nun für die Veränderten Vertragsbestimmungen
547 3248 2876 3368 die Grundlage geschaffen ist und wenn Sie wollen, kann ich Ihnen einen
547 3356 2839 3492 solchen Vertragsentwurf zuschicken. Eine andere Frage ist die, ob man
653 3453 2824 3589 mit noch 2-3 Monate warten sollte, bis die Stabilisierung unseren
