3079 3895
691 396 1549 594 Fischer/Verlag/Berl.
1655 391 1876 586 Das
2168 399 2417 599 Wstraße
1097 553 2026 698 se: Amt Lützow Nr. 1662. 6162 und 9292 / Postscheckkont
2127 579 2333 688 Nr. 16699
1221 630 1960 751 THEATERABTEILUNG
706 627 889 797 a/M1.
2125 675 2402 845 22.8.24
680 774 868 927 Herrn
899 838 1927 1036 Dr. Arthur Schnitzler
1947 1000 2483 1165 elerina
673 1170 1526 1307 Sehr geehrter Herr Doktor!
949 1287 2541 1452 Anlässlich eines Aufenthaltes Gustav Hartungs in
658 1389 2600 1528 Berlin gewährte ich ihm Einblick in die Fahnen der „Komödie
665 1521 2511 1650 der Verführungs. Hartung hat, wie er behauptet, das Kölner
670 1604 2559 1754 Insemble vollständig Feorganisiert. Aber es ist schwer, die
658 1716 2635 1856 Entscheidung zu fällen, ob man ihm die Aufführung anvertrauen
663 1810 2699 1952 darf, ehe man seine Leute an der Arbeit gesehen hat. Jedenfalls
658 1927 2625 2031 bewirbt er sich in beiliegendem Schreiben, das ich höflichst
655 2016 2691 2163 zurückerbitte, sehr um Ihr neues Stück. Hartung selbst verdient
655 2127 2572 2257 ja Vertrauen. Vielleicht könnte man ihm mindestens eine Ur-
658 2214 2658 2402 aufführung gemeinsam mit einer anderen deutschen Uraufflhrung
658 2353 937 2491 zusagen.
947 2402 2485 2574 Ihrer freundlichen Rückäusserung entgegensehend
1759 2539 2432 2691 ergebensten Grüssen
1828 2643 2193 2782 K Maril
