3136 4072
1450 327 1650 493 849
940 431 2387 681 d. Fischer / Verlag / A.=G. Berlin W57
1379 633 1909 743 Theaterabteilung
653 698 2629 847 Bankkonto: Deutsche Bank, Depositenkasse P in Berlin / Postscheckkonto; Berlin Nr. 166 92
1098 768 2199 842 Fernsprechanschlüsse: Amt Lützow Nr. 6162 bis 6164
1044 828 2235 943 Telegramm - Adresse: Fischerverlag 6162, Berlinlützow
1484 873 1810 957 Bülowstraße 90
2153 884 2736 1053 Den 7. März 1928
639 943 887 1089 Ma/He.
1433 940 1928 1134 Holland
875 1025 1089 1185 Herrn
1692 1070 1928 1239 hiert
1039 1129 1804 1275 Dr, Arthur Schnitzler
2021 1205 2491 1379 W i e n XVIII
2038 1337 2562 1464 Sternwartstr.71
1264 1520 2170 1681 Sehr geehrter Herr Doktor!
929 1630 2843 1852 Wir senden Ihnen mit der Bitte um Rückgabe ein Schreiben
732 1776 1861 1973 unseres holländischen Vertreters.
923 1818 2798 2055 Holland ist der Berner Konvention tatsächlich nur unter
2320 1968 2539 2047 durch
701 1987 2804 2156 dem Vorbehalt beigetreten, dass die Werke nur über zehn Jahre
738 2111 2908 2269 geschützt sind, falls nicht in der Zwischenzeit eine Ueberstzung
749 2221 2880 2381 erscheint. Demgamäss wäre das Werk im Jahre 1922 frei geworden.
743 2322 3004 2500 Immerhin wollen wir versuchen die Angelegneheit durch einen Rechts-
743 2446 1883 2579 anwalt noch nachprüfen zu lassen.
1011 2542 2959 2702 Was die Aufführung vom "Einsamen Weg" betrifft, so bitten
740 2646 2922 2809 wir Sie uns eventuell den betreffenden Zeitungsaussehnitt einzu-
738 2804 2787 2942 senden, den Sie in Ihrem diesbezüglichen Schreiben erwähnen.
1492 2880 2269 3029 Mit den besten Grüssen
1596 2984 2083 3133 Ihr ergebener
1847 3091 2199 3319 Do me
