2929 3928
1607 408 1942 565 T3chjr
617 381 993 571 2.8.
1025 416 1374 571 e. golte
381 533 2361 629 und sein Mangel an Offenheit bei den Verhandlungen, Nichts-
384 626 2399 798 destoweniger sind wir bereits wegen einiger einzelner Gast
384 745 2440 894 spiele neuerdings mit ihm in Verhandlung getreten. Wie er uns
381 827 2536 972 schreibt, würde er das Kleine Schauspielhaus in den Monaten Juli
1805 940 2020 1007 G.C.H.F.P.D.
2105 949 2294 1013 G.C.H.F.P.S
381 964 2469 1095 und August gerne schliessen. Es käme für diese Zeit ein evtl.
387 1077 2562 1217 Gastspiel in Dresden in Frage,in Kombination mit der Anfrage der
390 1162 2521 1307 Frau Münchheim (Kimmerspiele Dresden), die Sie uns zur Weiter-
416 1275 908 1339 « ̃
393 1325 2524 1427 erledigung übergeben haben. Daran müsste dann noch ein zweiteren
387 1406 2504 1523 Anschluss gewonnen werden. Auch am Residenztheater in Hannover
393 1514 2472 1642 steht ein evtl. Gastspiel Sladeks Anfang Herbst in Frage, doch
1293 1595 1508 1654 ouvert avec les mauvais.
390 1633 2477 1741 haben wir hier jederzeit die Möglichkeit, auch direkt mit den
384 1735 2507 1857 Theater abzuschliessen, das freilich zunächst noch die Zahlung
393 1840 1674 1942 eines Tantiemenvorschusses verweigert.
815 1936 2515 2055 Bezüglich der deutschen "Reigen "Aufführungen in
1686 2029 2175 2096 Aufgenommen werden.
390 2047 2475 2175 Prag teilen wir Ihnen ergebenst mit, dass Sie hinsichtlich der
396 2166 2576 2285 von Herrn Demetz für uns ausgeübten Tätigkeit offenbar nicht ganz
396 2274 2483 2408 richtig unterrichtet sind. Herr Demetz ist unser Vertreter nur
402 2376 2544 2495 für tsche schische Aufführungen, seinen Wunsch, diese Vertretung
434 2483 806 2553 (v.t. w. m.
390 2492 2454 2603 auch auf die deutschen xxxführungen in der Tschecho-Slowakei
390 2576 2480 2722 auszudehnen, haben wir gerade mit Rücksicht auf seine Stellung
396 2707 2574 2833 bei Kramer s. Zt. abgelehnt. Trotzdem wäre nichts im Wege gestan-
402 2786 2675 2937 den, uns in freundschaftlicher Weise bei ihm auch nach den deutschen
390 2917 2638 3042 Aufführungen des "Reigen" in Prag zu erkundigen, wenn nicht durch
399 3019 2544 3162 die mit dem tschechischen "Reigen entstandenen Schwierigkeiten,
399 3150 2571 3269 die zu einem sehr scharfen Briefwechsel zwischen ihm und uns ge-
399 3226 2646 3342 führt haben, eine Hinterung eingetreten wäre. Unserer Ansicht nach
402 3330 2556 3459 steht die Sache mit dem tschechischen "Reigen" jetzt doch wohl
370 3438 2705 3575 so, dass wir das darauf besügliche Recht als frei betrachten dürfen.
381 3555 2460 3689 wandt machtiger Herrspaar beträffte abmordert zwar. Die sich wohl schon zwischen wircken, wie ein mannenden werden, nachmacht abendlichsten
