3102 4199
1590 340 1767 534 893.
991 424 2477 654 S. Fischer/Verlag / A.=G. Berlin W 57
736 649 2713 767 Bankkonto: Deutsche Bank, Depositenkasse P in Berlin/Postscheckkonto; Berlin Nr. 1669.
1154 716 2306 786 Fernsprechanschlüsse: Amt Lützow Nr. 6162 bis 6164
1536 775 1927 874 Bälowstraße oo
1152 843 2295 986 Telegramm=Adresse: Fischerverlag 6162 Berlinlützow
2225 958 2640 1124 19. Nov. 28
770 947 966 1132 F/S1.
989 1171 2241 1371 Herrn Dr. Arthur Schnitzler
2404 1236 2615 1449 Wien
1654 1306 2059 1548 Reige
736 1455 1225 1618 Lieber Freund,
834 1601 2941 1741 ich gestehe Ihnen offen, dass ich nicht recht weiss, wie wir am
770 1716 2733 1848 zweckmässigsten diesen Handel mit HARZ beenden sollen. HARS
778 1814 2941 1949 schreibt, dass er sein Bestes tun will, um einen grossen Teil der
784 1913 2930 2042 Vorräte in den nächsten Monaten in irgend einer Form abzustossen.
767 1958 3025 2188 Hütten wir die Sicherheit, dass er das mit Erfolg tut, so könnte sehr
775 2118 2837 2292 damit zufrieden sein. Nach dem Brief von HARZ rechnet er dabei
2250 2250 2533 2387 4 4.
770 2247 2008 2387 auf eine Summe von mehr als 5000 M.
904 2320 2960 2491 Würde HARZ sich verpflichten, auf diese Weise den Weg für eine
758 2472 3011 2581 neue Ausgabe des „Reigen „ frei zu machen „-in etwa sechs Monateny,
772 2578 2991 2702 so wäre es vielleicht richtig, ihm die Chance eines solchen letzten
772 2660 2463 2792 Termins einzuräumen. Ich weiss keinen besseren Weg.
874 2755 2716 2887 Wie dem aber auch sein mag, ich bin nach wie vor bereit,
770 2828 2960 3008 3000 fl zur Verfügung zu stellen, wenn wir die Bücher vernakulieren
778 2960 2958 3067 dürfen, denn das müsste uns bei Zahlung einer solchen Summe vorbe-
770 3062 2865 3188 halten bleiben, weil es für die Neuausgabe von vornherein nicht
775 3171 2924 3345 vorteilhaft wäre, mit den zu herabgesetzten Preisen auf den Markt
758 3269 2112 3444 befindlichen Exemplaren zu konkurrieren.
1871 3407 2475 3576 Mit besten Grüssen
896 3435 1109 3657 Havt 1
2272 3601 2584 3795 reich
