3130 3880
1161 881 2459 1055 hat, wenn es spätestens im Jahre 1919 in
1169 986 2501 1148 holländischer Sprache veröffentlicht wird.
1171 1087 2506 1254 Man hätte ja auch daran denken können, ei-
1174 1222 2489 1333 ne Buchausgabe zu veranstalten, doch sind
1185 1311 2543 1466 die Aussichten unter den gegenwärtigen Ver-
1181 1438 2519 1585 hältnissen nach dieser Richtung jetzt sehr
1185 1547 2465 1694 gering. Wir bitten Sie daher, uns mitzu-
1200 1620 2482 1762 teilen, ob Ihnen die Veröffentlichung in
1207 1748 2133 1922 „Groot-Nederland“ genehm ist.
1514 1838 2422 1990 Mit vorzüglicher Hochachtung
1647 1966 2130 2052 S. FISCHER, VERL
1654 2018 2233 2126 THEATERABTEILUNG
2018 2074 2239 2179 février
2400 3287 2774 3424 u erweitern,
