3143 3832
2133 363 2348 520 P L
1268 402 1497 555 E
1056 491 2688 654 ne P in Berlin / Postscheckkonto Berlin Nr. 1662 — — Hernsprech-Anschlüsse: Amt Lützow Nr: 1662 und 6160
501 562 599 636 Bankk
1884 599 2437 779 Berlin W 57, Bülowstraße 90
885 725 1204 898 Blatt IV.
905 792 2886 972 ob Sie damit einverstanden sind. Wie auch Jhr Entschluss aus¬
895 942 2802 1102 fallen mag, den Sie in voller Unabhängigkeit und ohne Rück¬
905 1019 2831 1204 sicht auf meine Interressen treffen wollen. Ich brauche wohl
905 1105 2853 1312 nicht hinzu-zufügen, dass unser persönliches Verhältniss in
1731 1218 2523 1307 werden kann, nicht
1236 1245 1539 1337 danlurch
905 1226 2876 1381 keiner Weise beeinträchtigt wird, wenigstens soweit ich dabei
913 1391 1401 1539 in Frage komme.
1889 1453 2646 1643 Mit herzlichen Grüssen
2143 1603 2355 1771 Thi
2294 1689 2826 1946 Klechler
