3133 4219
865 417 1257 548 ERLAG, BERLIB
1780 576 2533 772 gezweiffer### eselb=
1546 635 1671 796 V.V.W.
498 731 2716 912 Jah.bnte neuen meinen Kermerburgen, hetrig Deinstein anbetrifft, so
324 843 2648 1045 nen stimme ich mit denen Ihnen in ihrem Briefeeltoms 17. xxx geäusserten
436 992 2697 1104 Gesichtspunkten durchaus überein. Das Mort xxx bei selbst bedeutet
436 1067 2744 1260 nicht, dass ich persönlich an unserem freiem Verfügungsrecht zweifle,
445 1185 2638 1332 sondern, dass ich da eine vollkommene Wechtssicherheit über diese
432 1291 2710 1444 Fragen nicht zu erlangen ist, in solchen Fällen natürlich nicht vor-
401 1400 2769 1546 gehen möchte ohne mich überzeugt zu halten, dass Ihre Nachtsauffassung
448 1512 2704 1649 sich mit der meinen deckt. Im übrigen glaube ich durchaus, dass wir
376 1646 2716 1789 ein derartigen Fällen frei vorgehen sollen, nur ist es mir zu verant
451 1736 2803 1867 wortlich dies zu tun, so lange ich nicht Ihre ausdrückliche Zustimmung
439 1845 2651 2013 auch nach dieser Rechtsseite hin - erlangt habes (theissed neuorma
376 1926 2869 2094 alles und habe ich nehme zur Kenntnis, dass nicht Brandt und Kirpatrik,
311 2044 2809 2221 sonder in die Unidet Plays eine ihre Befugnisse überschreitende Annonce
451 2178 2775 2343 in den amerikanischen Blättern veröffentlicht haben. Es hat aber mehr
470 2290 2744 2439 als akademisches Interesse für nicht zu wissen wie Sie sich ver-
451 2389 2831 2526 halten haben würden, wenn dieselbe Annonce die in unbefugter Weise von
395 2480 2819 2657 den Unidet Plays ausbegangen ist, tatsächlich von Brandt und Kirpatrik
2113 2579 2284 2645 G.C.H.H
467 2595 2809 2763 veröffentlicht worden wäre? Ich meinerseits glaube, dass dagegen nicht
442 2694 2856 2859 nur kein Einwandt bestünde, sondern ein solches Vorgehen von Brandt und
2386 2785 2781 2859 ###
2253 2800 2813 2921 äußert wäre. Denn
467 2825 1839 2949 Kirpatrik in Ihrem und unserem Interesse
768 2934 1061 2990 G.C.H.F.T.
2209 2903 2819 3065 gitimen Handel mit
286 2934 1767 3124 wenn Brandt und Kirbatrik für Sie wirke
479 3037 1674 3192 Ihren Werken ausschalten wollen, so
451 3152 1587 3289 sagen: Wenn ihr etwas wollt; was
485 3257 1406 3413 wenigstens innerhalb Amerika
479 3373 1319 3531 Agent öffentlich erklären
504 3481 961 3637 anderen gehen.
1991 3609 2797 3730 der dem ganzen Abkommen
2169 3699 2663 3855 selte, verfehlen.
