3079 3784
999 157 2304 351 Fischer / Verlag / A.=G. Berlin W 52.
662 379 2492 455 Lankkonto: Deutsche Bank, Depositenkasse P in Berlin / Postscheckkonto. Berlin Nr. 16
1013 446 2136 525 Fernsprechanschlüsse: Amt Lützow Nr. 6162 bis 616.
1442 508 1768 640 Alowstraße 90
884 716 1375 898 rrn Dr. Arthur
612 926 1139 1097 Lieber Freund,
744 1061 2641 1249 soeben ist das Manuskript Ihrer Novelle eingetroffen; ich
603 1218 2860 1350 werde es ohne Zeitverlust Herrn Dr. Kayser schicken, der gegenwärtig
615 1330 2705 1456 auf Urlaub ist. Ich hoffe sehr, dass sich die Raumfrage für das
609 1417 1748 1566 Oktoberheft sehr bald entscheidet.
707 1510 2700 1709 Ich habe Kenntnis von Ihren Wünschen bezüglich der Vergebung
2436 1622 2613 1740 G.H.F.P
609 1616 1350 1776 Ihrer Stücke genommen.
676 1684 2627 1869 Die Abrechnung über die Aufführungen des Frankfurten Neuen
1959 1821 2085 1886 ist
609 1852 2846 1973 Theaters wegen des Wassermann-Gastspiels sind erst am 9. Juli einge-
609 1928 2486 2057 troffen, wird also in der nächsten Abrechnung figurieren.
688 2043 2691 2194 Die Korrekturbogen Ihres Stückes sind heute an die Druckerei
601 2141 2287 2267 gegangen und werden bald zu Ihrer Verfügung stehen.
693 2245 2803 2427 Wir werden am 2. August in Flims eintreffen und uns sehr freuen,
598 2321 1218 2514 Sie dort zu sehen.
1437 2419 2150 2624 Mit herzlichen Grüssen
1936 2632 2242 2854 hich.
