3219 4008
1159 336 2041 455 S. FISCHER / VerLAG
447 385 642 458 2. Blatt
2559 382 2683 478 "
713 925 2796 1094 Exemplaren offenhalte und sie honoriere, wenn sie in Angriff ge-
710 1041 2887 1213 nommen wird. Das Ihnen angebotene Honorar von 1 Mark pro Exemplar
724 1142 2828 1278 soll bestehen bleiben, das Buch mus's aber neu kalkuliert werden,
727 1233 3000 1394 ich komme bei dem Honorar von 1 Mark mit dem Preis von 4 Mark für das
727 1340 2811 1493 broschierte Exemplar nicht aus und ich muss mir einen Aufschlag
735 1419 2881 1578 vorbehalten, der nur mit 10 % honoriert wird. Darüber folgen gege-
735 1552 2805 1691 benen Falls präzise Angaben. Sie haben davon nur einen Vorteil,
746 1626 2822 1795 und ich muss sehen, dabei einigermassen zurecht zu kommen, denn
741 1750 2989 1934 neuerdings haben sich alle Kosten wieder immens verteuert, besonsers
749 1832 2830 2027 auch die Einbandkosten und Vertriebsspesen. Wir lassen das Buch
749 1948 2895 2115 in Deutschland setzen und schicken dann die Matern nach Wien. Ich
746 2084 2833 2231 hoffe, es wird möglich sein, mit der Novelle im Oktober heraus-
755 2231 1066 2350 zukommen."
860 2273 2929 2429 Sie sprechen in Ihrer Karte von einer Luxusausgabe der Novelle.
2437 2347 2607 2406 n
755 2347 2926 2528 Die kann erst viel später kommen und ich bin noch garnicht sicher,
766 2488 2808 2618 ob Meid es übernehmen wird, weil er mir schon bei einer Luxus¬
766 2573 2847 2720 ausgabe von Hofmannsthals Novelle, die Hofmannsthal mit ihm be-
766 2649 2938 2856 sprochen hat, wegen der Anzahl der zu druckenden Exemplare Schwie-
769 2774 2850 2949 rigkeiten macht. Er möchte, dass nicht mehr als 50-60 Exemplare
780 2881 2853 3040 gedruckt werden, und das ist zu wendig, wenn etwas dabei heraus¬
780 2994 2825 3139 kommen soll. Es kommt weiter hinzu, dass ich kein Büttenpapier
783 3079 3014 3232 zur Verfügung habe und dass es fraglich ist, ob ich ein entsprechen-
792 3172 2963 3342 des Quantum und ein passendes Format auftreiben kann. In Wien gibt
800 3260 2808 3475 es derlei Überhaupt nicht, wie ich mich überzeugt habe. Diese
