3079 3751
1036 303 2348 430 Fischer / Verlag / A.=G. -Berlin W 52.
715 460 2604 573 nkkonto: Deutsche Bank, Depositenkasse F in Berlin / Postscheckkonto: Berlin Nr. 16692.
1057 543 2203 656 Fernsprechanschlüsse: Amt Lützow Nr. 6162 bis 6164
1470 603 1817 704 Sühewstraße so
635 698 772 834 for
2051 677 2559 894 1. August 1884.
579 861 769 1018 Herrn
1158 1018 1876 1199 Dr. Arthur Schnitzler
1986 1125 2494 1315 Wien xviien
558 1303 1496 1502 Lieber Herr Dr. Schnitzler!
1015 1443 2737 1597 Wie Sie aus der Unterschrift dieses Briefes ersehen,
558 1541 2859 1740 habe ich an 1. August wieder meinen alten Berufskreis aufgenommen, und
561 1677 2779 1799 ich freue mich, auf diese Weise hoffentlich mit Ihnen wieder in nä-
564 1766 2820 1921 here Verbindung zu kommen. Heute habe ich eine ziemlich eilige Bitte:
1000 1861 2797 2042 In Herbst dieses Jahres erscheint wiederum unser Alma-
543 1927 2500 2111 nach. Wir bringen darin auch die Bildnisse unserer Autoren.
998 2060 2767 2218 Da wir beabsichtigen, möglichst charakteristische Ab-
540 2129 2906 2339 bildungen aus der letzten Zeit zu bringen, wären wir Ihnen dankbar, wenn
540 2289 2933 2455 Sie uns möglichst angehend eine Photographie von Ihnen übersenden würden,
543 2375 2503 2571 a m liebsten würden wir un eine gute Amstör-Aufnahme bitten.
992 2479 2390 2657 Da der Almanach bereits in Druck ist, wäre
2414 2503 2503 2645 W2
2538 2523 2829 2654 für tun¬
531 2535 1529 2746 lichst rasche Erledigung dankb
2259 2746 2880 2933 licher Hochachtung
2244 2877 2877 3138 Paul Eippson
