3128 3864
835 176 2639 398 ISCHER.VERLA
703 386 2745 540 5. Deurche Bank, Depostenbaue P. in Berlin / Formé clokonto Berlin Nr. 1662 — — Persesprech-Anschlobre. Amt Lünow Nro. 1852 und 6100
2068 461 2620 649 Berlin W 57, Bülowstraße 90
806 894 2821 1161 Sommer gehabt. Das Wetter war
546 1039 2956 1290 zemberhaft schön und da wir selbst
580 1183 2974 1402 wirtschaften, so geht es zwar auch
558 1299 2968 1556 mit der Verpflegung ganz gute über
540 1418 2905 1644 doch einen sehr mühevoll und
555 1610 1418 1817 kostspielig
759 1666 2993 1952 träve münde gehört zu den schönsten
565 1810 2977 2083 Ostseeplatzen und auch das Klima¬
455 1926 2977 2165 ist milde und warm, also besonders
568 2052 2993 2300 zutraglich für mein jüngates Töchter
555 2215 2987 2438 lein, das schon laufen kann und sich
543 2322 2956 2576 hier sehr niedlich entwickelt hat.
778 2472 2981 2742 Auf Ihr neues werk freue ich mich
515 2626 2981 2908 mit einem lauchenden und einem weinenden
571 2739 2974 3043 Omge wie es sich nicht nur für eine
568 2899 2990 3163 Comödie gehört wie es mir vielmehr
533 2987 2987 3307 als Verleger mit jedem Buch geht dem
527 3159 2868 3401 ich einen Erfolg wünschen mit der
521 3294 2532 3520 hangen Sorge uns Papier
524 3373 2902 3636 Mit herzlichen Grüssen von uns
