2915 3895
1151 260 1300 399 1516
399 353 2578 560 S. Fischer/Verlag/Berlin M 57/Bülowstraße 90
1987 616 2569 774 Postscheckkonto Nr. 16 692
1133 604 1814 761 Theaterabteilung
374 607 1006 737 Amt Lützow 1662, 6162, 9292
1563 727 2266 904 Am 6. September 192 1.
325 941 2535 1083 -düllen TestimmenO isb hollthegeles.edtäd Jreijodse redles Tebeiw
959 1037 2526 1201 Is door lednedan dota ne Jaa "negieff" nov negnem
266 1052 981 1201 Herrn
251 1148 2532 1269 Dr. Arthur Sohnitzler
254 1269 2544 1436 Vieleilen macheß-negibrewom übergieß rül eib eit,nenom paa meixed.
2160 1365 2482 1433 ̃ ̃̃-̃===-=-
365 1371 2529 1532 -ie es mich nov ghurente,ä enotlkebtbaas enten doebet Taw ets. Jnd
467 1492 2535 1622 Sehr geehrter Herr Doktor,
214 1498 464 1622 d'où il y
195 1582 2677 1736 nemalten esb xxx
260 1736 449 1842 — egne
474 1718 2615 1832 über die Existenz einer holländischen Ausgabe des "Reigen" immer
297 1838 458 1934 . deren
470 1792 2659 1956 noch im unklaren sind, nochmals um Auskunft über diesen Punkt nach
474 1907 2742 2058 Salzburg, Oesterr. Hof.Die Beantwortung - dieser Depesche ist inzwischen
486 2015 2594 2207 insofern von geringerer Bedeutung geworden, als nun endlich doch
198 2024 480 2176 nedatide.
1609 2136 2742 2284 ktion hier eingetroffen ist. Diese
483 2176 1470 2303 eine Antwort der Amsterdamer
1226 2250 1315 2300 Mlle
480 2253 2659 2383 geht auf unsere finanziellen Bedingungen nicht besonders ein, so-
480 2352 2748 2485 dass anzunehmen ist, dass sie sich mit diesen einverstanden erklärt.
306 2482 412 2600 -r.A.
489 2476 2702 2600 Die Sache hängt nun noch davon ab, dass es ihr gelingt in Rotterdam
2300 2556 2396 2612 G.C.H
384 2597 480 2717 be
498 2597 2733 2693 und im Haag eine entsprechende Bühne oder einen vornehmen Thoäter
504 2696 597 2764 Dm
294 2677 486 2804 /:o:ie:e:
653 2699 768 2776 G.C.H.
498 2680 2717 2863 saal zu finden; endgültiges ist uns für die nächsten Tage zugesagt.
1309 2786 2702 2950 In der Angegegenheit Samst, der ein armer
498 2881 2668 3039 Teufel, aber ein ziemlich schwer verdaulicher Querulant ist, werden
365 2915 480 3021 3ou
495 3008 2699 3138 wir so mild vorgehen, wie dies unter Wahrung Ihrer Interessen mög-
498 3141 2625 3275 lich ist. Es wäre dies übrigens längst geschehen,wenn nicht Herr
501 3219 2674 3386 Samst durch sein uneidliches Betragen unser Entgegenkommen immer
365 3528 566 3664 R. 1000. fl. 20.
