2903 3991
876 368 2201 571 32 niiinä peinl ndtt
161 419 849 643 von ZÄBuchmoliä
1639 580 2362 703 .... s. m. r,. m.
155 631 254 724 ....
909 538 1603 783 Kauflisienstnad
164 667 739 804 20081.ige entschied
194 673 2332 927 Städten kein Ensemble besass ausser einer Schmierungesellschaft,
206 786 2281 993 die sich aus seiner Familie zusammensetzt. Ich habe trotzdem,
218 891 2356 1091 verfolgt von seinen querulantischen Briefen, deren manche zeit-
221 981 2473 1238 weilig zu zweien und dreien am gleichen Tage eintrafen, den Versuch
224 1094 2413 1328 gemacht ihn zu einer sachlichen Verhandlung zu bringen und wollte
239 1184 2476 1420 ihm evtl. das Aufführungsrecht für ein zwei minderbedeutende Städte
242 1253 2419 1537 überlassen um ihm zu helfen, falls er ausreichende künstlerische
254 1351 2407 1609 Garantien zu geben vermöchte. Damals wüsste ich allerdings noch
257 1492 2407 1716 nichts von der Bieraufführung des „Reigen“,hatte aber schon nach
269 1576 2404 1824 den Menschen, mit denen Samst zusammenhängt, ein kräftiges Miss-
278 1692 2431 1941 trauen gegen ihn. Ich habe von diesem so wenig Gebrauch gemacht
278 1785 2401 2024 wie irgend möglich, selbst dann als er mir eine Bestechung von
287 1893 2488 2120 20% der Einnahmen anbot, die ihm aus von mir überlassenen Reigen-
287 1991 2389 2225 rechten zufliessen würden. Er versprach mir sogar, das Geld in
293 2087 2461 2344 meine Privatwohnung zu senden! Nun aber bitte ich Sie sehr, falls
287 2216 2482 2431 weiterhin Zuschriften von Samst an Sie erfolgen sollten, diese
194 2308 2374 2565 nicht mehr zu beantworten. Dieser Faden ohne Ende, an dem ich
218 2416 2628 2673 ###nun seit Monaten wickle, muss endlich abgerissen werden. Ich glaube,
308 2533 2509 2796 Sie haben wirklich keinerlei Vorteil davon.
834 2631 2455 2829 Diese Affäre steht in einem gewissen moralischen
347 2727 2494 2975 Zusammenhang mit den unautorisierten "Reigen-Aufführungen, die
398 2748 505 2861 G.F.P.
356 2823 2637 3083 Sie in Ihrem lebten Schreiben erwähnen. Es ist tatsächlich praktisch
353 2921 2589 3193 undurchführbar, alle Diebe abzufangen, doch wäre ich Ihnen dankbar,
371 3065 2485 3283 wenn Sie mir Nachrichten über solche aufführungen, die Ihnen zu
377 3169 2536 3394 Ohren kommen, gefälligst mitteilen wollten. Strengste Verfolgung
380 3250 2691 3495 solcher Fälle scheint mir schon deshalb wünschenswert, weil sich alle
206 3325 350 3412 aussi
395 3322 2661 3627 existenzilosen und dunklen Elemente des Theaters, des Kobaretts und
2404 3439 2589 3621 Votre très bien
