3192 4055
1474 297 1643 467 848.
887 390 2384 608 S. Fischer / Verlag / A.=G. Berlin W57.
1383 576 1914 666 Theaterabteilung
650 632 2644 751 Bankkonto: Deutsche Bank, Depositenkasse P in Berlin v/ Postscheckkonto; Berlin Nr. 16692
1097 698 2206 794 Fernsprechanschlüsse: Amt Lützow Nr. 6162 bis 6164
1051 757 2238 855 Telegramm-Adresse: Fischerverlag 6162, Berlinlützow
1463 818 1816 900 Bülowstraße 90
2097 852 2684 1057 Dem 6. März 1928
650 900 895 1089 Ma/He.
1025 1059 1229 1258 Herrn
1229 1174 2286 1378 Dr, Arthur Schnitzler
2344 1224 2859 1426 Wien XVIII.
2251 1375 2958 1561 Sternwartestrasse 70
1277 1543 2214 1755 Sehr verehrter Herr Doktor!
1142 1643 2899 1896 Die Angelegneheiten wegen deren ich Ihnen telegra¬
810 1835 2833 2036 fiert hatte hat sich in der Zwischenzeit als nicht so eilig
812 1986 1351 2151 heruasgestellt.
2697 1989 3013 2132 tvorstel¬
1158 1999 2660 2222 Im ersten Falle handelte es sich um eine Nac
2464 2124 2658 2193 G.C.H.F.P.
2836 2116 2952 2212 G.H.
1434 2172 2883 2318 ge Zwecke, die durch die Baronin Rathschild
826 2190 1463 2363 lung für wohltätig
1524 2273 1643 2344 au moins de ses
826 2238 2960 2464 im Deutschen Theater veranstaltet werden soll. Es scheint aber
828 2405 2514 2583 dass sich diese Verhandlungen wieder zerschlagen.
1205 2453 2926 2644 Der zweite Fall betrifft den Wunsch der Filmschau¬
470 2541 781 2729 my best
842 2618 2952 2804 spielerin Magda Sonja bei der Vorführung Ihres nächsten Filmes
1545 2700 1803 2769 (ouvretoumamam)
1914 2695 2097 2767 S.C.H.F.P.M
2164 2690 2366 2780 au moins ou le
839 2764 2243 2899 in der "Frau mit dem Dolche" aufzutreten.
1208 2761 2907 2995 Beide Angelegenheiten wurden mir als eilig hinge¬
844 2923 2939 3104 stellt, weshalb ich telegrafierte. Ich hätte im übrigen, fall
847 3027 2918 3205 Ihre Zustimmung erfolgt wäre, noch genau nachgeprüft, ob ich
842 3151 2772 3319 selbst die Genehmigung in Ihrem Interesse erteilen kann.
1248 3207 2907 3428 Das Geld von den Wiesbadener Volksbüchern ist un¬
858 3361 2862 3579 terdessen bezahlt worden, Sie erhalten es mit der nächsten
850 3550 1197 3690 rechnung.
2193 3494 2650 3762 Dauerny
1341 3555 2119 3786 Mit den besten Grüssen
