3297 4200
1818 488 2148 686 lin als
939 502 1740 718 ther / Verlag / A.=G.-W.
632 660 2251 810 ito: Deutsche Bank. Depositenkasse P in Berlin / Postscheckkonto: Berlin Nr. 9.
870 735 2007 896 Fernsprechanschlüsse: Amt Lützow Nr. 6162 bis 6164
1327 815 1645 919 lawstraße 00
1151 1114 1456 1263 Jr Schnitz
847 1151 948 1266 Dr
457 1252 936 1482 Lieber Freund,
442 1384 2544 1588 ich habe Ihnen soeben depeschiert: - Essay in der Druckerei,
408 1528 2656 1723 Korrekturen erhalten Sie noch diese Wochen. Durch die Ferienreisen
422 1617 2633 1797 von mir, Kayser und Maril ist eine Stockung in der Behandlung der
419 1703 2728 1938 Angelegenheit Ihres Essys eingetreten. Die Sache hat sich historisch
431 1849 2550 2033 wie folgt zugetragen: Am 8. Juli haben Sie wegen Ihrer essayist
442 1947 2475 2116 Arbeit bei mir angefragt, ob die Broschupre in Oktober und Nov.
439 2033 2498 2219 der »Neuen Bundeschaus abgedruckt und noch vor Weihnachten als
445 2153 2512 2340 erscheinen könnte. Aß 10. Juli habe ich darauf geantwortet, d
439 2263 2607 2455 natürlich sehr gern Ihre Arbeit in der «Bundschauw und als Sonder
442 2349 2535 2524 herausgeben wollen. Da ich den Essay nicht kannte, hatte ich vor
442 2472 2403 2667 gen, den Andruck in der «Bundschaus in gekürzter Form abzud
462 2581 2237 2782 der Käuferkreis für die Breschüre bei den Lesern der
462 2687 2079 2831 nicht verloren gehe. Am 11. Juli bin ich nach Sr.
468 2799 2059 2980 ich gleichzeitig Herrn D7. Maril die weitere Behr-
477 2894 1838 3064 übergaben habe. Am 12. Juli hat Ihnen Dr
1298 2992 1714 3135 Juli haben
482 3035 1275 3164 selbe geschrieben. Am 12
479 3153 652 3270 in si
