3160 3865
1493 136 1632 280 bois, et de
1931 214 2543 403 VERL
1050 246 1760 414 SCHER
719 371 2829 537 dato: Deutsche Buch, Departementen: P in Berlin / Fonschecktonno Berita Nr. 1562 — — Persesphisch-Anschlüsse: Am Lünow Nc. 1632 und 612
2145 470 2701 604 Berlin W. 57, Bülowstraße 90
2108 542 2487 692 11/10. 1917
868 815 1739 986 Herrn Dr. Arthur Schnitzler
1739 956 1915 1077 Wien
662 1159 1130 1314 Lieber Freund,
769 1280 2778 1442 die Bühnenexemplare von "Fink und Fliederbisch" können natürlich
740 1384 2794 1581 nur gleichzeitig mit den Auflagen der Buchausgabe gedruckt werden.
740 1488 2733 1621 Wir haben die Revisionsbogen von Ihnen aber noch nicht zurückbe-
737 1595 2719 1734 kommen. Kommt das Werk im November zur Aufführung, so würde ich
740 1707 2869 1878 Sie bitten, mir recht bald die druckfertigen Bogen zurückzuschicken.
839 1782 2936 1926 Von Ihrer schönen Nevelle "Dr. Graesler" drucken wir weitere 10 000
743 1894 2778 2033 Exemplare, die 17. - 26. Auflage, und von den Gesammelten Werken,
753 2017 2840 2153 II. Abteilung (Theaterstücke) in 4 Bänden, die 13. und 14. Auflage.
737 2110 2807 2260 Die Honorarabrechnung liegt bei, den Gesamtbetrag von M. 13 000.-
759 2230 2842 2345 überweisen wir in gewohnter Weise Ihrem Conto bei der K. K. Allgem.
759 2311 2845 2450 Oesterr. Bodenkreditanstalt in Wien zur Verrechnung auf Markkonto.
751 2407 2743 2594 Für die Theaterstücke in 4 Bänden, die wir jetzt zum Preise von
756 2519 2909 2685 15 Mark herausgeben (die Preiserhöhung deckt nicht unsere Mehrkosten)
761 2618 2380 2767 hat sich das Honorar um 400 Mark pro Tausend erhöht.
948 2714 2864 2874 Die Papierverhältnisse werden bei uns immer schwieriger, aber
759 2834 2885 2976 ich will hoffen, dass ich für Ihre neue Novelle im nächsten Frühjahr
764 2960 2904 3096 Papier zur Verfügung haben werde. Ich muss die mirzustehenden Papier-
769 3032 2882 3179 mengen vor allen Dingen für Neuauflagen verwenden, und Sie sehen ja,
775 3152 1750 3288 es gibt deren eine ganze Menge.
865 3147 2941 3406 Im Frühjahr dieses Jahres haben wir einen Augenblick daran gedacht,
772 3323 2840 3571 den Versuch zu unternehmen, die „Neue Rundschau" durch Propaganden
