2872 4055
1185 250 1344 412 573
278 330 2486 605 S. Fischer/Verlag/Berlin W 57/Bülowstrasse 90
793 503 2148 651 hanschlüsse: Amt Lützow Nr. 1662. 6162 und 9292 / Postscheckkonto: Berlin Nr, 1669.
997 574 1787 719 THEATERABTEILUNG
994 682 1906 824 Berlin, den 8. August 1922
2080 614 2699 832 Gualol Sjd
295 1057 511 1202 Herrn
580 1148 1315 1298 Dr. Arthur Schnitzler
1443 1182 2068 1418 Feldafing
276 1423 1171 1594 Sehr geehrter Herr Doktor,
1154 1492 2461 1656 wir haben ein Angebot, wonach "Anatol"
284 1600 2517 1753 in Italien im Monat September durch eine erstklassige Gesellschaft
295 1736 2577 1878 zur Aufführung gebracht werden soll. Die vorgeschlagenen Bedingungen
298 1827 2549 1986 sind aber so ungünstig, dass wir sie von vornherein abgelehnt haben
301 1949 2560 2085 würden, wenn wir uns nicht xxx für verpflichtet hielten, Ihnen auch
298 2071 2489 2213 in diesem Falle Gelegenheit zu einer Äausserung zu geben. Es soll
307 2179 2526 2318 bezahlt werden: eine Tantiemengarantie von L. 1000.—, ferner 20%
1841 2253 1992 2316 G.C.H.F.P
301 2250 2469 2421 nach der ersten, 15 % nach der zweiten und 10% nach de dritten
310 2412 2435 2532 und den folgenden Aufführungen an die Sosiete degli autori, die
313 2512 2458 2665 ihrerseits 50% der einlaufenden Beträge für sich behält und 50 %
313 2620 2495 2742 an uns auszahlt. Da jedoch auf diesen 50% noch eine Provision für
315 2716 2478 2855 den italienischen Vermittler lastet, so ist die Sache vollkommen
327 2801 2605 2952 undiskutabel. Möglich aber, dass bei der grossen Eile, mit der diese
321 2915 2571 3103 Angelegenheit von uns behandelt werden soll, den Unternehmern daran
327 3017 2560 3194 liegt, auch unter bedeutend verbesserten Bedingungen in den Besitz
330 3159 2580 3307 des Aufführungsrechtes zu gelangen. Wir ersuchen daher um tunlichst
332 3267 1185 3424 umgehende Gegenäusserung.
1256 3341 2216 3483 Mit vorzüglicher Hochachtung
1506 3441 2020 3509 S. FISCHER, VerLAG
1497 3495 2040 3614 THEATERABTEILUNG
2355 3441 2534 3679 F.
