3085 4071
1366 298 1553 465 852
815 402 2293 603 S. Fischer/Verlag/A.-G. Berlin W 57.
583 560 2557 703 Bankkonto: Deutsche Bank, Depositenkasse P in Berlin / Postscheckkonto; Berlin Nr. 1669a
964 617 2135 755 Fernsprechanschlüsse: Amt Lützow Nr. 6162 bis 6164
1378 697 1754 781 Bülowstraße 90
999 752 2130 933 Telegramm-Adresse: Fischorverlag 6162 Berlinlützow
2201 695 2784 875 den 12. März 1928.
588 812 847 927 Be./Ja.
591 953 801 1099 Herrn
1157 1004 2227 1197 Dr. Arthur Schnitzler,
2293 1059 2830 1220 W i e n XVIII.
606 1349 1782 1556 Sehr verehrter Herr Dr. Schnitzler-!
1013 1464 2853 1616 Wir haben den Ihnen übersandten Probeband
1076 1556 2925 1693 gelungen gehalten. Auch Herr Fischer, dem wir den Probe-
999 1578 1088 1673 ers
623 1561 1013 1742 für besondere
999 1627 1088 1699 rs
626 1656 2841 1797 band zugeschickt hatten, war mit dem Einband einverstanden. Wir be-
1911 1739 2084 1797 raavillez
626 1759 2818 1888 trachten diesen Band ganz unter dem Gesichtspunkt der „Gesammelten
637 1851 2879 2000 Werke" und waren eben unter diesem Gesichtspunkt zu einem etwas rei-
637 1946 2870 2112 cheren Schmuck des Rückens übergegangen. Auf Ihren Wunsch hin haben
1116 2061 1205 2107 ouvrage
1446 2055 1564 2132 G.C.F.P.
640 2052 2904 2201 wir sogleich drei neue Probebände in einem dunklen Grau, in grün und
646 2158 2950 2302 dunkelrot bestellt und hoffen, Ihnen die Bände bis spätestens Dienstag
640 2221 2870 2394 zugehen lassen zu können. Vielleicht könne sie Ihr Urteil über die
640 2336 2899 2494 Rückenzeichnung doch noch revidieren, wenn Sie diesen Band als einen
649 2468 1556 2620 von sehn Bänden betrachten.
1042 2514 2881 2686 Ueber die Frage der Gesamtausgabe und der Neuherausgabe
657 2615 2847 2824 von "Casanova" bitte ich Sie sehr, sich bis zur Rückkehr von Herrn
660 2784 1983 2927 Fischer freundlichst gedulden zu wollen.
1960 2922 2629 3045 Mit ergebenem Gruss
2084 2922 2767 3166 Dr Beumann
