3072 4072
996 371 1955 628 S. FISCHER /VERLAG
313 411 601 616 3 Blatt
435 772 2697 901 werden zugeben, dass das ein ebenso unmöglicher wie gefährlicher Zustand
432 877 2575 1033 ist. Für meine Autoren habe ich die Konjunktur so gut es ging, wahr-
441 984 2630 1100 genommen, ohne selbst dabei den Anteil zu haben, den ich pflichtmässig
435 1057 2725 1205 hätte haben müssen. Ich stelle fest, dass Sie im vorigen Jahr 98399 Mark
441 1174 2670 1309 allein für Buchhonorare von uns bekommen haben. Geben Sie es auf, ängst
441 1272 2492 1407 lich nachzurechnen, ob ich nicht zuviel an Ihren Büchern verdiene.
1434 1364 2247 1425 -0-0 -0-t-t~t~ -t~.t~-tO
634 1352 2657 1502 Bezüglich der Gesamtausgabe in der würde ich die erste Abteilung
438 1471 2581 1606 in 3 Bänden broschiort mit 40 Mark annehmen (in 3 Pappbände 60 Mark
441 1591 2575 1701 Ladenpreis). Sie werden wahrscheinlich finden, dass die Pappbände mit
444 1695 2811 1824 20 Mark Ladenpreis zu teuer eingesetzt sind, ich kann Sie aber darüber beru-
441 1781 2789 1909 higen: in der Kalkulation stehen sie zum Selbstkostenpreis drin und dennoch
444 1882 2755 2014 ergibt die Kalkulation für mich das Resultat, dass auch nicht ein Pfennig
447 1989 2682 2130 dabei übrig bleibt. Hier muss nun der Verlagszuschlag von 20 % (abzüg-
441 2115 2599 2210 lich des Sortimenterrabats) den Gewinn bringen, - ein Gewinne, der ja
447 2201 2544 2342 praktisch erst eintritt, wenn die Auflage restlos verkauft ist. Wir
441 2280 2584 2415 drucken 5350 Exemplare, die ich also mit 20 % vom Ladenpreis des bro-
444 2394 2697 2538 schierten Exemplars von 40 Mark zu honorieren hätte. Sie hätten demnach
444 2519 2654 2627 ein Honorar von 42 800 Mark dafür zu bekommen. Ich würde die Hälfte der
438 2608 2519 2746 Auflage voraus honorieren, den Rest nach Verkauf der ersten Hälfte.
1051 2697 1710 2768 iHVVVHVT 'T.A.H..T. 1/2 1/3 ^9 1/4 rt
659 2728 2483 2817 Wir drucken ferner 5000 Exemplare vom "Weg ins Freie". Der
1235 2798 1471 2863 Monsieur Mlle.
435 2829 2565 2930 Ladenpreis ist auf 17 Mark für das broschierte Exemplar festgesetzt,
441 2906 2691 3059 dabei habe ich einen 20 prozentigen Zuschlag in Aussicht genommen. Unter
444 3044 2657 3169 dieser Voraussetzung honoriere ich, wie ich ihnen versprochen habe, mit
441 3135 2633 3249 20 3. Sie hätten also für 5000 Exemplare 17 000 Mark zu bekommen; auch
451 3237 2164 3362 dafür würde ich die Hälfte des Honorars vorausbezahlen.
656 3307 2670 3448 Selbstverständlich verstehen sich diese Vorschläge ohne Präjudiz
444 3375 2728 3537 für kommende Auflagen oder für andere Bücher. Wir müssen bei den jetzigen
343 3534 2798 3644 +) dabei werden die uns vertraglich zustehenden 350 honorarfreien Exemplare mit
408 3629 2866 3739 honoriert, weil wir zur Zeit dem Sortiment von diesem Werk preiexpl. nicht geben
