2921 3832
1044 322 1599 523 FISCHER / VER
195 310 402 553 v. Blatt
485 476 1182 627 Schnitzler 10/2.22
443 591 2652 792 kann er jedesmal sagen muss, dass er nur unverbindliche Besprechungen
402 683 2616 911 führen darf, so wird es ihm kaum gelingen, zu festen Abmachungen mit
396 798 2593 1017 einem Verleger zu gelangen, denn jeder Verlag - und wir hier würden
396 913 2664 1112 im umgekehrten Fall das Gleiche verlangen + wünscht nur mit jemand in
399 1014 2740 1209 Verhandlungen zu treten, den er als unzweifelhaft berechtigten Vertreter
399 1103 2717 1310 ansehen kann und lehnt alles Provisorische und Halbe ab, weil er ja nie
405 1227 2752 1437 wissen kann, ob er nicht an ###falschen geraten ist. Wir müssen genau
411 1313 2776 1522 unterscheiden zwischen dem Recht anzubieten und den Recht abzuschliessen.
414 1443 2640 1611 Für die von mir vorgeschlegene Zentralisierung wäre es ja schon aus-
414 1520 2729 1712 reichend gewesen, wenn das Recht anzubieten an eine Stelle konzentriert
426 1599 2681 1812 worden wäre; was freilich voraussetzt, dass dann auch alle faktischen
423 1700 2743 1936 Geschäfte durch diese eine Stelle besorgt würden. Dies würde aber nicht
426 1827 2791 2019 ausgeschlossen haben, dass Sie sich Ihr Einverständnis mit jedem einzel-
432 1945 2797 2105 nen Abschluss hätten vorbehalten können. Dass es einfacher ist, Anfragen,
438 2007 2696 2238 die an Sie direkt gelangen, auch direkt zu erledigen, steht natürlich
1886 2131 2022 2194 G.H.F.P
440 2131 2755 2338 ausser Zweifel, doch würden die kleinen Nachteile, die sich daraus erge-
446 2235 2693 2451 ben, dass dann auch solche Anfragen über die Zentralstelle geleitet
452 2321 2820 2548 werden müssten, in keinem Verhältnis zu den enormen Vorteilen stehen, die
461 2448 2681 2661 sich andererseits aus einer solchen Zentralisierung ergeben. Wenn es
464 2525 2782 2746 unter der amerikanischen Verlegerwelt bekannt gemacht werden würde, dass
461 2658 2838 2856 alle Interessenten für Ihre Werke sich ausdrücklich an eine Stelle, unter
1995 2752 2075 2814 G.F.P.
476 2737 2791 2947 Ausschaltung aller anderen halbberechtigten oder unberechtisten Agenten
473 2844 2758 3060 zu wenden hätten, so würde dies schon ausreichend sein, um Ihre ameri-
479 2933 2667 3175 kanischen Geschäfte klar und deutlich zu gestalten. Was Ihre öfters
488 3045 2826 3252 vorgebrachte Frage betrifft, von welchen Firmen Boni & Liveright seiner-
488 3187 2681 3358 zeit irgend welche Rechte für die Gesamtausgabe hätten zurückküafen
482 3246 2805 3465 müssen, so ist, wie ich Ihnen bereits früher mitteilte, eine dezidierte
488 3382 2684 3580 Antowrt von Amerika aus nicht erfolgt; es scheint sich aber bei der
