2924 3879
1158 220 1264 351 511
1737 354 2143 515 Berlin
571 345 1718 543 S. Fischer. Verlag
2113 454 2224 579 xx
465 509 582 618 w. m
459 576 2283 710 Amt Lützow 1662 u. 6162 Theaterabteilung postscheckkonto Nr. 16692
960 643 1801 754 Berlin W 57, Bülowstraße Nr. 90
1809 713 2121 852 des redelles
1125 732 1356 838 G.H.F.P.
237 729 972 877 aediew "Jierbegelegn".
1083 807 1790 938 Den. 19. August. 191 21
1801 810 2258 958 in seb Jhm" 1
1701 866 1790 946 H.S.
1403 866 1531 949 G.C.H.F.P.
315 841 988 980 os aus dekelff über
799 910 2205 1097 Tiw neusd oefaamt at wesxxeajedødend. nedem
482 955 738 1083 of the
576 1044 785 1122 Herrn
1584 1024 2285 1166 He xxxe xxx
869 1075 972 1175 G.F.P.
295 1077 816 1194 nollor bnd xxx
843 1049 1570 1275 Dr. Arthur Schnitzler
1389 1139 1631 1275 G.F.M.D.
326 1175 991 1317 ad mih nogindi ml..
1662 1139 1926 1306 W i e n
1974 1242 2116 1356 ----
2260 1233 2377 1375 G.H.F.P.
1718 1294 1798 1361 --
451 1250 1684 1397 medoilmütnogle Jäber medolaw ni hexx
434 1364 2397 1509 Sehr geehrter Herr Doktor,
1200 1464 2458 1581 in Beantwortung Ihrer an Herrn
963 1495 1049 1628 H.S.
707 1514 938 1631 G.H.F.P.
426 1509 679 1642 Toutes ou dans
306 1520 412 1623 . We
228 1564 2464 1718 Pischer gerichteten Schreiben vom 2. und 4. 8. teilen wir in
431 1684 2414 1821 Abwesenheit des Herrn Fischer ergebenst folgendes mit:
273 1770 409 1871 Teile.
507 1787 2478 1946 Wie wir Sie bereits benachrichtigt haben, ist durch
214 1832 431 1971 tandno
440 1857 2544 2068 das Deutsche Theater,Berlin veranlasst worden, dass die Kopen-
440 2015 2394 2166 hagener Tantiemen" Grosse Szene" direkt aus Kopenhagen auf
1147 2107 1311 2191 Monsieur Mlle
445 2096 2422 2260 Ihr Konto bei der eidgenössischen Bank in Zürich überwiesen
459 2233 2511 2394 werden. Wir ersuchen höflichst uns Mitteilung davon zu machen,
440 2322 2647 2491 sobald Ihnen der Eingang des Feldes von Seiten der eidgenössischen
462 2441 2503 2589 Bank angezeigt worden ist. Die Frs. 10007--, die Sie letzthin
1453 2542 1626 2592 au moins sont avec le
454 2555 2422 2711 erhielten, stellen wie Sie bereits vermuteten die Züricher
406 2661 2530 2817 Kaudion für "Reigen" dar. Es ist aus technischen Gründen mit
696 2775 1083 2851 G.C.H.S.
465 2745 2478 2929 Schwierigkeiten verbunden, unsere Provisionen gleich von den
479 2837 2517 3045 Originalbeträgen in solchen Fällen in Abzug zu bringen. Diese
479 2937 2594 3140 Provisionen werden Ihnen hier in Rechnung gestellt und gelegent-
420 3087 2414 3224 lich der nächstfälligen Abrechnung abgezogen. Irgendwelche
426 3185 2505 3332 Schwerigkeiten für Sie oder uns können daraus ja nicht ent-
777 3310 2433 3432 Das xxx.Jgibeite.s mov nedlerdod schoff
290 3343 685 3485 Geschärke
426 3407 2505 3508 Die oben genannten Bedingungen haben Seltigkeit bis zum   Sollten wir an diesem Tag noch keine
426 3460 2508 3583 entscheidende Antwort erhalten haben, so nehmen wir an, daß wir über das in Frage frehende Werk anderweitig verfügen können
317 3494 418 3647 G. M.
