3048 3784
1302 155 1414 315 38.
1293 299 1467 465 38.
772 385 2317 604 S. Fischer, Verlag, Berlin W., Bülowstrasse 90
1358 524 1654 679 1/3. 1917
877 778 1748 989 Herrn Dr. Arthur Schnitzler
1745 863 1908 1082 Wien
569 1093 1026 1302 Lieber Freund,
698 1302 2448 1419 das Bremer Schauspielhaus möchte gern "Die grosse Szene"
609 1379 2592 1502 zu Gunsten armer österreichischer Kinder aufführen. Die übliche
1056 1470 1833 1534 lʼœuvrement de la Mlleille. — Lehti
609 1497 2584 1620 Tantieme können wir natürlich fordern; bleibt nur die Frage, ob
612 1598 2534 1737 Sie mit der Aufführung diese einzelnen Stückes einverstanden
593 1673 2304 1836 sind. Ich denke, Sie werden wohl nichts dagegen haben.
751 1775 2638 1914 .Ueber Herrn Anton Karl Martin, Verlag der Bücher der Morgen-
1518 1881 1694 1943 VVV.
577 1908 2643 2047 röte, habe ich mich erkundigt, sobald ich etwas Näheres höre, ver-
588 2012 1323 2135 ständige ich Sie davon.
764 2103 2587 2256 Ludwig Kainer ist ein feiner, ernst zu nehmender Künstler,
591 2232 2672 2320 Sie finden von ihm öfter Illustrationen im Simplizissimus, und ich
593 2338 2702 2427 glaube wohl, dass er für eine Luxusausgabe des „Reigen“ etwas künst-
596 2403 1946 2550 lerisch Wertvolles zu machen imstande wäre.
775 2520 2825 2627 Eine Notiz über den Stockholmer Erfolg versende ich an die Presse,
1812 2592 1892 2643 M8
601 2632 2632 2723 er wird im nächsten Theaterbericht auch noch besonders ausgemünzt
588 2713 2721 2838 werden. Dass die Einakter so wenig auf den deutschen Bühnen gespielt
596 2833 2742 2948 werden, hängt mit dem etwas heuchlerisch betriebenen "Ernst der Zeit"
593 2937 2683 3039 zusammen. In der Provinz sind die Bühnen von dieser Stimmung so ab-
593 3031 1887 3167 hängig, dass da kaum etwas zu machen ist.
743 3129 2793 3255 Leider wird sich auch nichts gegen das Verbot des "Kakidn" machen
567 3252 2635 3357 lassen, ebenso wenig wie gegen das „Anatel“- Verbot. Ich bin nicht
564 3322 2686 3477 legitimiert, gegen das Verbot etwas zu unternehmen, das kann nur der
363 3469 473 3592 F. 270
