4168 5848
2990 1044 3155 1202 99
1152 1197 3475 1473 sten August. Heut ist der vierzehnte, (Wann willst
1147 1349 3346 1605 du denn noch mit dem Vater reden, was willst du
1179 1532 3334 1735 ihm denn eigentlich sagen? Dass er mich Schau-
1182 1711 2193 1899 spieler werden lässt?
1179 1838 3440 2043 Lili: Das weiss ich nicht, das wär eine zu grosse
1197 1987 3413 2184 Verantwortung Jedenfalls könntest du ja indess
1205 2143 3375 2370 dich vorbereiten. Ich meine.-dass du eine oder
1220 2243 3554 2473 zwei Rollen für dich auswendig lernst.t Davon brau-
811 2302 1076 2490 Echard
1211 2408 3516 2667 chen sie bei dir zuhaus gar nichts zu wissen. Und
794 2461 1167 2678 sehr beym
2534 2537 2828 2643 n'etude
1223 2581 3437 2781 wenn ich zu Weihnachten wieder her komm, überhör
1229 2758 3369 2958 ich dich und ich werd' sehen, was du für Fort¬
2249 2855 2925 2972 Métak t'ivert
1238 2869 3599 3105 schritte gemacht hast. (Und am Palmsonntag) - (etwas
1247 3072 3543 3287 erstaunt) Da kommt ja die Mutter schon wieder zu-
1244 3299 1508 3446 riick.
1252 3355 3543 3610 Eduard: (ungeduldig) Was hast du sagen wollen vom
1261 3590 1849 3740 Palmsonntag?
1252 3657 3502 3922 Lili: Da ist die Saison überhaupt schon aus. Da
1279 3796 3493 4037 komm ich nach Wien zurück und im Sommer bin ich
1276 3966 3402 4198 wieder ein paar Wochen bei Euch auf dem Land.
1273 4116 3258 4404 Eduard: Ja - fait hartdiger. Es t in lyzyn
1696 4319 1999 4460 incert
1458 4439 2402 4604 Dr Jd tah j ust wiss
