4031 5880
2839 1037 3050 1212 101
1049 1215 3026 1460 Lili: Da dürftest du ziemlich lang warten.
1049 1424 2481 1623 Eduard: Wenn du nicht kommst -
1069 1573 2115 1754 ili: Ich weiss schon.
2452 1519 2708 1728 don.
1054 1683 3220 1906 Eduard: Na, manchmal tut man's/und hat gar nix
1081 1844 3426 2034 g'sagt. (er küsst sie ungeschickt und läuft davon)
1063 2008 3458 2157 Hili(wischt sich unwillkürlich die Lippen ab, halb
1075 2195 3283 2383 für sich) So ein — (sie sieht wieder hinab, um
1090 2320 3420 2523 zu sehen ob Frau Josefa kommt, dann geht sie rasch
1069 2529 1543 2702 ins Haus)
1093 2684 1632 2803 Biihne leer.
1126 2737 3503 2982 Katti: (kommt und räumt das Kaffeegeschirr etc.ab,
1105 2919 3297 3095 dann auch das Tuch, das auf dem Tische draussen
1123 3149 1466 3321 liegt).
1099 3214 3464 3446 Josefa: (kommt sehr langsam und offenbar gedrückt
1114 3411 3265 3607 setzt sich nieder noch während Kathi abräumt)
1114 3569 2192 3759 Katti: (geht wieder ab)
1177 3712 2633 3875 Josefa: (will nach ihr ins Haus)
1153 3789 3500 4033 (Indess kommt Lili wieder und hat ein Cape überge-
1129 4003 3399 4191 worfen und den kouvertierten Brief in der Hand).
1132 4167 3417 4403 Lili: (wie erstaunt) (Schon wieder zurück?) Ich hab
