4168 5848
3123 955 3338 1128 100
1144 1167 3383 1446 Lili: Und du schau dass du jetzt lieber weiter
1192 1334 3428 1535 kommst. Sieht doch dumm aus vor der Mutter, dass
1203 1530 2440 1694 du immer so an mir pickst.
1206 1597 3453 1879 Eduard: Also schön, ich geh jetzt. Ich geh gegen
1217 1786 3436 2029 den Katzenstein zu, aber -/ wir müssen noch spre-
1214 2026 2057 2166 chen miteinander.
1228 2091 2931 2353 Lili: Aber natürlich.
1250 2320 2110 2532 Eduard: Noch heut.
1250 2428 2872 2677 Lili: Morgen ist auch noch ein Tag.
1264 2557 3497 2819 Eduard: Ich muss noch heut mit dir reden.. Ich
1259 2721 3425 2928 werd dich erwarten beim Muttergottesbild. Du
1270 2875 3456 3104 gehst ja eh noch spazieren. Kann dir doch egal
1287 3121 1825 3263 sein wohin.
3023 3121 3668 3296 Mart in den
1304 3193 3400 3380 Hili: Aber es kommt ja ein Wetter.
1298 3366 3391 3537 Eduard: Nimm dir den Mantel mit. Und für den
2462 3428 3193 3564 sotr du Hulle
1306 3517 3545 3718 schlimmsten Fall - es ist ja eine Hütten (unterm
1304 3737 1920 3888 Katzenstein.
1323 3740 3481 4019 Lili: Möchtest du nicht endlich verschwinden?
1845 3913 2998 4056 &c in an not unbutell
1323 3978 3570 4212 Eduard: Also ich warte auf jeden Fall beim Mut-
1340 4159 3182 4410 tergottesbild so lang - bis du kommst.
