3400 4120
2308 212 2434 403 24.
659 364 2839 617 fangen.Doktor.mit einerseits und andererseits,
689 555 2467 734 da bin ich überhaupt schon erschlagen.
689 719 2771 850 Vincenz: Ob's nun die eineinhalb Liter Milch
686 868 2732 1068 sind oder die gute Luft oder sonst was - in
698 993 2792 1262 den vier Wochen sind Sie förmlich aufgeblüht,
695 1154 1414 1327 Fräulein Gusti.
701 1315 2356 1482 Kaplan: Ja, das muss ich bestätigen.
1229 1438 1781 1545 mit gewelt
701 1476 2926 1736 Gusti: An. Hochwürden haben auch die Gnade sowas
719 1682 1274 1801 zu bemerken.
701 1745 2926 2019 Katti: (aus dem Haus, ein Glas Milch in der Hand)
707 1968 2798 2141 Josefa: Sie hätten's doch wirklich auf einer
716 2103 2881 2338 Tassen bringen können. Hundertmal kann man ihr
713 2300 1205 2410 das sagen.
686 2356 3072 2580 Gusti: Aber wir sind doch auf dem Land. Der Doktor
713 2547 2968 2777 kann sich schon denken, dass es in Wien viel fei-
716 2720 2935 2887 ner bei dir zugeht.Josefa.Da serviert ein vier-
731 2863 3093 3105 spänniger Bedienter. Und eine elektrische Glocken
728 3060 1447 3185 haben sie auch.
731 3126 3126 3382 Josefa: Du redst viel Unsinn,wenn der Tag lang ist.
734 3349 2344 3555 Gusti: (trinkt und setzt wieder ab)
731 3504 1619 3734 Felix: Austrinken!
