3368 4168
2608 428 2730 556 38
797 576 2705 712 das Vergnügen war ganz meinerseits. Adieu,
785 672 2580 819 Herr Eduard. Also jetzt wird studiert?
788 808 1503 1021 Eduard: Janohl.
1287 907 2041 1035 Gouvernement au C.
794 978 2787 1174 Felix: Na vielleicht werden Sie auch noch
799 1131 1752 1330 einmal Schauspieler?
848 1211 2841 1474 Gusti: (rückwärts durch die Gartentüre aufs
802 1443 1630 1633 Feld und hiigelan)
799 1545 2747 1772 Eduard: Ich möcht schon, aber das Fräulein
811 1738 2319 1916 Gusti sagt, ich hab kein Talent.
794 1894 1902 2104 Felix: So, sagt sie das?
814 1984 2929 2220 Gusti: (von rückwärts, nach unten winkend,of-
816 2189 2903 2418 fenbar dem Omnibus zu,ruft zu Felix) Jetzt
819 2359 2892 2546 ist es aber wirklich höchste Zeit, Doktor, der
816 2472 2846 2651 Herr von Fallenböck ist schon eingestiegen.
590 2569 845 2815 (Ruf
819 2648 2982 2812 Hal ten S' da, es steigt noch wer ein.G'schwind,
819 2832 2121 3019 Doktor, g'schwind! Da durch.
1936 2912 2149 3022 Gurt
825 2946 2878 3164 Felix: (auf die Veranda,ete begleitet ihn, zu
831 3096 3110 3311 Eduard) Ich bring mir gleich das Büchel von drin
836 3311 1057 3447 mit.
879 3433 2356 3595 Felix: Was denn für ein Büchel?
839 3558 3113 3822 Eduard: (ohne jede Absicht, aber betont) Romeo und
