4115 5832
2902 959 3070 1168 98
608 1016 1041 1184 10.31928.
2665 1054 2931 1228 Carrie
1032 1136 3399 1386 res und was Wichtigeres zu tun. (Ich hab zu arbei-
1044 1317 3330 1595 ten und zu schauen, dass ich vorwärts komm.) Seine
1054 1478 3425 1696 Pflicht hat man zu tun alles übrige kommt nachher.
1060 1620 3304 1871 Du auch, geradeso wie ich, Und du mach vor allem
1041 1810 3526 2003 deine Nachprüfung. Ja, alles übrige wird sich finden. -
1006 1946 3355 2174 Und zu Weihnachten bin ich jedesfalls wieder da.
2564 2019 3494 2178 Mr Espartement
3057 2086 3434 2244 in ult
1048 2111 2646 2390 Natürlich, da krieg ich ja Urlaub.
2754 2140 3149 2364 Allesuhr
1067 2279 2614 2510 Eduard: Und du bildest dir ein -
1076 2399 3469 2662 Lili : (rasch) Ich bild' mir gar nichts ein. Mit Ge¬
1136 2567 3494 2769 walt wirst du bei mir gar nichts ausrichten. Wenn
1095 2741 3494 2943 man vernünftig ist kann man dann manches von
1105 2845 3545 3102 mir haben und wenn du vernünftig bist red' ich auch
1105 3032 3342 3212 mit deiner Mutter und vielleicht sogar auch mit
1117 3190 3070 3396 deinem Vater wegen deiner Schauspielerei.
1127 3301 3608 3592 Eduard: (misstrauisch) Wann denn? (Du fahrst ja schon
1130 3469 3542 3728 in ein paar Tagen hinein und dann gleich nach Inns-
1136 3725 1446 3887 bruck.
1127 3836 2317 4035 Lili: Wieso denn gleich?
1136 3918 3681 4178 Eduard: Steht ja in deinem Vertrag. Beginn der Saison
1162 4118 3573 4339 ersten September, Ankunft spätestens zwei undzwanzig-
