<?xml version="1.0" encoding="UTF-8" standalone="yes"?>
<PcGts xmlns="http://schema.primaresearch.org/PAGE/gts/pagecontent/2013-07-15" xmlns:xsi="http://www.w3.org/2001/XMLSchema-instance" xsi:schemaLocation="http://schema.primaresearch.org/PAGE/gts/pagecontent/2013-07-15 http://schema.primaresearch.org/PAGE/gts/pagecontent/2013-07-15/pagecontent.xsd">
    <Metadata>
        <Creator>prov=READ-COOP:name=TrHtr:version=2.1.0:model_id=51170:date=25_07_2023_17:41</Creator>
        <Created>2023-05-10T13:50:04.799+02:00</Created>
        <LastChange>2023-07-25T17:41:48.202+02:00</LastChange>
        <TranskribusMetadata docId="1428597" pageId="55415036" pageNr="48" tsid="130761019" status="IN_PROGRESS" userId="64420" imgUrl="https://files.transkribus.eu/Get?id=JRNSGNKKKQPZOKODRZZXZUXW&amp;fileType=view" xmlUrl="https://files.transkribus.eu/Get?id=VSKPDPRDQRKKVSOSGJBXDKXU" imageId="44689170"/>
    </Metadata>
    <Page imageFilename="1428597_0048.jpg" imageWidth="3352" imageHeight="4136">
        <ReadingOrder>
            <OrderedGroup id="ro_1711789840962" caption="Regions reading order">
                <RegionRefIndexed index="0" regionRef="tr_2"/>
                <RegionRefIndexed index="1" regionRef="tr_1"/>
            </OrderedGroup>
        </ReadingOrder>
        <TextRegion id="tr_2" custom="readingOrder {index:0;}">
            <Coords points="659,672 2870,672 2870,1982 659,1982"/>
            <TextLine id="tr_2_tl_1" custom="readingOrder {index:0;}">
                <Coords points="641,787 718,778 747,795 792,770 815,787 906,767 938,792 1080,801 1092,627 1029,644 1015,624 844,661 770,656 741,633 701,647 650,633"/>
                <Baseline points="659,746 686,746 731,746 775,743 820,746 865,743 910,737 954,740 999,731 1044,728 1089,722"/>
                <TextEquiv>
                    <Unicode>fragen -?</Unicode>
                </TextEquiv>
            </TextLine>
            <TextLine id="tr_2_tl_2" custom="readingOrder {index:1;}">
                <Coords points="664,943 2864,835 2870,724 2556,658 1337,804 673,781"/>
                <Baseline points="680,907 722,901 766,901 811,898 856,898 901,895 945,889 990,886 1035,886 1080,883 1125,883 1169,877 1214,874 1259,871 1304,871 1348,868 1393,865 1438,865 1483,862 1527,862 1572,859 1617,856 1662,853 1706,850 1751,847 1796,847 1841,844 1885,844 1930,841 1975,838 2020,835 2065,835 2109,832 2154,829 2199,829 2244,826 2288,823 2333,820 2378,820 2423,820 2467,817 2512,814 2557,811 2602,808 2646,802 2691,802 2736,799 2781,796 2825,793 2870,793"/>
                <TextEquiv>
                    <Unicode>Offizier: Bitte sehr um Entschuldigung, dass ich</Unicode>
                </TextEquiv>
            </TextLine>
            <TextLine id="tr_2_tl_3" custom="readingOrder {index:2;}">
                <Coords points="658,1083 2816,992 2824,824 664,980"/>
                <Baseline points="674,1056 719,1053 763,1050 808,1047 853,1047 898,1044 942,1041 987,1041 1032,1038 1077,1035 1122,1035 1166,1032 1211,1029 1256,1026 1301,1020 1345,1017 1390,1017 1435,1017 1480,1014 1524,1014 1569,1011 1614,1011 1659,1008 1703,1008 1748,1002 1793,999 1838,996 1882,996 1927,990 1972,987 2017,984 2062,984 2106,984 2151,981 2196,981 2241,978 2285,975 2330,969 2375,969 2420,969 2464,966 2509,963 2554,960 2599,957 2643,954 2688,951 2733,951 2778,945 2822,942"/>
                <TextEquiv>
                    <Unicode>nicht sofort - erlaube mir Fräulein mich vorzustel-</Unicode>
                </TextEquiv>
            </TextLine>
            <TextLine id="tr_2_tl_4" custom="readingOrder {index:3;}">
                <Coords points="664,1271 2833,1134 2853,1046 2613,986 1704,1015 670,1149"/>
                <Baseline points="683,1205 710,1205 754,1202 799,1199 844,1199 889,1196 934,1193 978,1193 1023,1190 1068,1190 1113,1187 1157,1184 1202,1178 1247,1178 1292,1175 1336,1172 1381,1172 1426,1169 1471,1166 1515,1166 1560,1163 1605,1163 1650,1163 1694,1160 1739,1157 1784,1154 1829,1154 1874,1151 1918,1148 1963,1142 2008,1139 2053,1136 2097,1136 2142,1133 2187,1130 2232,1130 2276,1128 2321,1125 2366,1125 2411,1122 2455,1119 2500,1116 2545,1113 2590,1113 2634,1110 2679,1107 2724,1107 2769,1107 2814,1110 2858,1107"/>
                <TextEquiv>
                    <Unicode>len - Leutnant im k.u.Infäterieregiment Herzog</Unicode>
                </TextEquiv>
            </TextLine>
            <TextLine id="tr_2_tl_5" custom="readingOrder {index:4;}">
                <Coords points="684,1394 1134,1434 2260,1294 2385,1337 2662,1274 2670,1129 690,1254"/>
                <Baseline points="701,1354 704,1354 749,1354 793,1354 838,1351 883,1351 928,1345 972,1345 1017,1342 1062,1342 1107,1339 1151,1336 1196,1333 1241,1333 1286,1330 1330,1327 1375,1327 1420,1324 1465,1321 1509,1318 1554,1316 1599,1316 1644,1313 1689,1310 1733,1310 1778,1307 1823,1307 1868,1304 1912,1298 1957,1298 2002,1295 2047,1289 2091,1292 2136,1289 2181,1286 2226,1286 2270,1283 2315,1280 2360,1277 2405,1277 2449,1274 2494,1271 2539,1268 2584,1265 2629,1262 2673,1262"/>
                <TextEquiv>
                    <Unicode>von Baganza (auf ihren Blick) Das Regiment</Unicode>
                </TextEquiv>
            </TextLine>
            <TextLine id="tr_2_tl_6" custom="readingOrder {index:5;}">
                <Coords points="690,1530 1154,1573 1405,1482 2380,1471 2383,1371 2183,1337 1776,1416 1662,1374 1032,1436 695,1385"/>
                <Baseline points="704,1509 731,1506 775,1506 820,1506 865,1504 910,1501 954,1501 999,1498 1044,1495 1089,1495 1133,1492 1178,1489 1223,1486 1268,1483 1313,1483 1357,1480 1402,1477 1447,1474 1492,1471 1536,1471 1581,1468 1626,1465 1671,1465 1715,1465 1760,1465 1805,1462 1850,1459 1894,1456 1939,1453 1984,1450 2029,1447 2073,1447 2118,1441 2163,1438 2208,1438 2253,1438 2297,1438 2342,1435 2387,1435"/>
                <TextEquiv>
                    <Unicode>heisst so. Mein Name ist Robert Holl.</Unicode>
                </TextEquiv>
            </TextLine>
            <TextLine id="tr_2_tl_7" custom="readingOrder {index:6;}">
                <Coords points="678,1679 1559,1690 2098,1605 2294,1704 2762,1707 2813,1451 1573,1482 684,1605"/>
                <Baseline points="698,1662 710,1659 754,1659 799,1656 844,1653 889,1653 934,1653 978,1650 1023,1647 1068,1647 1113,1644 1157,1644 1202,1641 1247,1638 1292,1635 1336,1632 1381,1632 1426,1629 1471,1626 1515,1626 1560,1623 1605,1620 1650,1620 1694,1617 1739,1617 1784,1611 1829,1611 1874,1605 1918,1605 1963,1602 2008,1602 2053,1599 2097,1596 2142,1596 2187,1593 2232,1590 2276,1587 2321,1584 2366,1584 2411,1581 2455,1578 2500,1578 2545,1575 2590,1572 2634,1572 2679,1569 2724,1569 2769,1566 2814,1560"/>
                <TextEquiv>
                    <Unicode>Gusti: Holl? Da-sind Sie ja wahrscheinlich der</Unicode>
                </TextEquiv>
            </TextLine>
            <TextLine id="tr_2_tl_8" custom="readingOrder {index:7;}">
                <Coords points="690,1833 884,1872 1425,1790 2012,1793 2052,1787 2058,1684 1898,1636 1690,1693 1434,1667 693,1756"/>
                <Baseline points="704,1817 719,1817 763,1814 808,1811 853,1805 898,1805 942,1802 987,1802 1032,1799 1077,1796 1122,1796 1166,1796 1211,1793 1256,1790 1301,1787 1345,1787 1390,1784 1435,1784 1480,1781 1524,1778 1569,1775 1614,1772 1659,1769 1703,1769 1748,1766 1793,1763 1838,1760 1882,1757 1927,1754 1972,1751 2017,1751 2062,1748"/>
                <TextEquiv>
                    <Unicode>Bruder vom Herrn Kaplan?</Unicode>
                </TextEquiv>
            </TextLine>
            <TextLine id="tr_2_tl_9" custom="readingOrder {index:8;}">
                <Coords points="695,2029 2742,1924 2747,1758 1391,1801 701,1907"/>
                <Baseline points="713,1969 737,1972 781,1969 826,1969 871,1963 916,1960 960,1960 1005,1957 1050,1954 1095,1954 1139,1951 1184,1951 1229,1948 1274,1945 1318,1942 1363,1942 1408,1939 1453,1939 1498,1936 1542,1933 1587,1933 1632,1930 1677,1927 1721,1924 1766,1924 1811,1921 1856,1918 1900,1915 1945,1912 1990,1912 2035,1906 2079,1903 2124,1900 2169,1900 2214,1900 2258,1897 2303,1897 2348,1894 2393,1891 2438,1891 2482,1888 2527,1885 2572,1882 2617,1880 2661,1880 2706,1877 2751,1874"/>
                <TextEquiv>
                    <Unicode>Offizier: Janohl,gnädiges F räulein, der bin</Unicode>
                </TextEquiv>
            </TextLine>
        </TextRegion>
        <TextRegion id="tr_1" custom="readingOrder {index:1;}">
            <Coords points="722,1973 3016,1973 3016,3680 722,3680"/>
            <TextLine id="tr_1_tl_1" custom="readingOrder {index:0;}">
                <Coords points="710,2140 1964,2172 2870,2061 2921,1881 715,2032"/>
                <Baseline points="725,2124 731,2121 775,2121 820,2121 865,2121 910,2118 954,2115 999,2115 1044,2112 1089,2109 1133,2106 1178,2103 1223,2100 1268,2097 1313,2097 1357,2094 1402,2091 1447,2091 1492,2088 1536,2085 1581,2085 1626,2082 1671,2085 1715,2079 1760,2076 1805,2073 1850,2070 1894,2070 1939,2068 1984,2065 2029,2062 2073,2059 2118,2056 2163,2059 2208,2059 2253,2053 2297,2053 2342,2050 2387,2047 2432,2047 2476,2044 2521,2041 2566,2038 2611,2035 2655,2035 2700,2032 2745,2029 2790,2026 2834,2023 2879,2023 2924,2026"/>
                <TextEquiv>
                    <Unicode>ich. Und ich habe wohl die Ehre mit der Tochter</Unicode>
                </TextEquiv>
            </TextLine>
            <TextLine id="tr_1_tl_2" custom="readingOrder {index:1;}">
                <Coords points="707,2291 898,2303 960,2331 1094,2297 1248,2311 1345,2289 1351,2163 1120,2177 1032,2157 909,2200 864,2172 710,2223"/>
                <Baseline points="722,2279 728,2279 772,2276 817,2273 862,2273 907,2270 951,2267 996,2267 1041,2261 1086,2258 1130,2258 1175,2258 1220,2253 1265,2253 1310,2250 1354,2256"/>
                <TextEquiv>
                    <Unicode>des Hauses -?</Unicode>
                </TextEquiv>
            </TextLine>
            <TextLine id="tr_1_tl_3" custom="readingOrder {index:2;}">
                <Coords points="721,2434 1282,2477 2916,2371 3007,2363 3012,2274 2311,2300 2212,2203 1978,2283 727,2343"/>
                <Baseline points="737,2429 778,2426 823,2426 868,2426 913,2426 957,2426 1002,2420 1047,2417 1092,2417 1136,2417 1181,2414 1226,2414 1271,2411 1316,2405 1360,2408 1405,2402 1450,2399 1495,2399 1539,2393 1584,2393 1629,2390 1674,2390 1718,2387 1763,2384 1808,2381 1853,2381 1897,2378 1942,2378 1987,2372 2032,2372 2076,2369 2121,2366 2166,2366 2211,2363 2256,2360 2300,2357 2345,2354 2390,2354 2435,2351 2479,2351 2524,2345 2569,2345 2614,2342 2658,2342 2703,2339 2748,2336 2793,2336 2837,2333 2882,2333 2927,2333 2972,2333 3016,2333"/>
                <TextEquiv>
                    <Unicode>Gusti: Nein, ich bin nicht die Tochter des Hauses.</Unicode>
                </TextEquiv>
            </TextLine>
            <TextLine id="tr_1_tl_4" custom="readingOrder {index:3;}">
                <Coords points="721,2594 1231,2642 1573,2554 1918,2596 2750,2514 2756,2360 727,2522"/>
                <Baseline points="740,2584 784,2584 829,2581 874,2581 919,2578 963,2575 1008,2575 1053,2575 1098,2572 1142,2569 1187,2569 1232,2566 1277,2563 1321,2563 1366,2560 1411,2554 1456,2551 1501,2548 1545,2548 1590,2548 1635,2545 1680,2542 1724,2539 1769,2539 1814,2536 1859,2536 1903,2533 1948,2533 1993,2530 2038,2527 2082,2524 2127,2521 2172,2521 2217,2515 2261,2512 2306,2512 2351,2509 2396,2509 2441,2506 2485,2503 2530,2500 2575,2497 2620,2497 2664,2494 2709,2494 2754,2488"/>
                <TextEquiv>
                    <Unicode>Hier wohnt der berühmte Bildhauer Professor</Unicode>
                </TextEquiv>
            </TextLine>
            <TextLine id="tr_1_tl_5" custom="readingOrder {index:4;}">
                <Coords points="1556,2650 1610,2656 1630,2642 1650,2659 1701,2631 1724,2648 1744,2633 1758,2636 1764,2556 1736,2554 1699,2574 1673,2551 1619,2574 1590,2551 1565,2554"/>
                <Baseline points="1575,2629 1587,2629 1632,2629 1677,2623 1721,2620 1766,2617"/>
                <TextEquiv>
                    <Unicode>hr haut</Unicode>
                </TextEquiv>
            </TextLine>
            <TextLine id="tr_1_tl_6" custom="readingOrder {index:5;}">
                <Coords points="724,2784 2337,2733 2936,2673 2970,2582 2670,2505 2041,2545 1670,2665 1445,2602 730,2645"/>
                <Baseline points="743,2733 778,2730 823,2733 868,2733 913,2736 957,2736 1002,2733 1047,2733 1092,2730 1136,2727 1181,2724 1226,2721 1271,2718 1316,2718 1360,2715 1405,2712 1450,2709 1495,2709 1539,2706 1584,2706 1629,2703 1674,2703 1718,2703 1763,2700 1808,2694 1853,2694 1897,2691 1942,2688 1987,2688 2032,2682 2076,2682 2121,2676 2166,2676 2211,2673 2256,2670 2300,2670 2345,2667 2390,2667 2435,2664 2479,2661 2524,2658 2569,2655 2614,2652 2658,2652 2703,2649 2748,2649 2793,2646 2837,2646 2882,2646 2927,2646 2972,2646"/>
                <TextEquiv>
                    <Unicode>Fradel. Ich bin nur ein Logirbesuch.Gusti Pfleg-</Unicode>
                </TextEquiv>
            </TextLine>
            <TextLine id="tr_1_tl_7" custom="readingOrder {index:6;}">
                <Coords points="735,2958 1180,2890 2026,2941 2910,2839 2916,2736 2670,2662 744,2799"/>
                <Baseline points="754,2900 772,2900 817,2897 862,2894 907,2891 951,2888 996,2888 1041,2885 1086,2882 1130,2882 1175,2882 1220,2879 1265,2879 1310,2873 1354,2873 1399,2867 1444,2867 1489,2864 1533,2861 1578,2861 1623,2861 1668,2858 1712,2858 1757,2852 1802,2852 1847,2849 1891,2846 1936,2846 1981,2843 2026,2840 2070,2837 2115,2834 2160,2831 2205,2828 2250,2825 2294,2825 2339,2822 2384,2820 2429,2820 2473,2817 2518,2814 2563,2814 2608,2811 2652,2808 2697,2808 2742,2802 2787,2802 2831,2799 2876,2796 2921,2796"/>
                <TextEquiv>
                    <Unicode>ner ist mein Name. (sie reicht ihm die Hand, die</Unicode>
                </TextEquiv>
            </TextLine>
            <TextLine id="tr_1_tl_8" custom="readingOrder {index:7;}">
                <Coords points="750,3064 2625,3001 2631,2893 755,2955"/>
                <Baseline points="766,3052 796,3052 841,3055 886,3052 931,3046 975,3046 1020,3043 1065,3040 1110,3040 1154,3037 1199,3034 1244,3031 1289,3031 1333,3028 1378,3025 1423,3022 1468,3022 1512,3019 1557,3016 1602,3013 1647,3010 1692,3010 1736,3008 1781,3005 1826,3005 1871,3002 1915,2999 1960,2996 2005,2993 2050,2990 2094,2987 2139,2987 2184,2987 2229,2984 2273,2984 2318,2981 2363,2981 2408,2978 2452,2975 2497,2972 2542,2969 2587,2972 2632,2975"/>
                <TextEquiv>
                    <Unicode>er küsst. Er noch draussen vor dem Zaun.</Unicode>
                </TextEquiv>
            </TextLine>
            <TextLine id="tr_1_tl_9" custom="readingOrder {index:8;}">
                <Coords points="744,3232 1667,3178 1938,3218 2448,3146 2454,3038 1043,3087 747,3152"/>
                <Baseline points="763,3207 802,3207 847,3207 892,3204 937,3201 981,3201 1026,3198 1071,3196 1116,3193 1160,3193 1205,3190 1250,3190 1295,3190 1339,3184 1384,3184 1429,3181 1474,3178 1518,3175 1563,3172 1608,3169 1653,3166 1697,3166 1742,3163 1787,3157 1832,3157 1877,3154 1921,3154 1966,3151 2011,3148 2056,3148 2100,3145 2145,3142 2190,3142 2235,3139 2279,3136 2324,3133 2369,3130 2414,3130 2458,3133"/>
                <TextEquiv>
                    <Unicode>Offizier: Schauspielerin jedesfalls?</Unicode>
                </TextEquiv>
            </TextLine>
            <TextLine id="tr_1_tl_10" custom="readingOrder {index:9;}">
                <Coords points="752,3423 1804,3317 2673,3334 2764,3320 2773,3144 758,3297"/>
                <Baseline points="772,3363 805,3360 850,3360 895,3360 940,3357 984,3354 1029,3351 1074,3348 1119,3345 1163,3345 1208,3342 1253,3342 1298,3339 1342,3336 1387,3330 1432,3330 1477,3327 1521,3324 1566,3324 1611,3321 1656,3321 1700,3318 1745,3315 1790,3312 1835,3309 1880,3309 1924,3306 1969,3303 2014,3300 2059,3300 2103,3297 2148,3297 2193,3294 2238,3288 2282,3288 2327,3285 2372,3282 2417,3279 2461,3279 2506,3279 2551,3276 2596,3276 2640,3276 2685,3276 2730,3276 2775,3276"/>
                <TextEquiv>
                    <Unicode>Gusti: Herr Leutnant sind sehrscharf sinnig.</Unicode>
                </TextEquiv>
            </TextLine>
            <TextLine id="tr_1_tl_11" custom="readingOrder {index:10;}">
                <Coords points="755,3531 2522,3491 2878,3454 2881,3363 2442,3315 761,3443"/>
                <Baseline points="775,3521 781,3524 826,3515 871,3515 916,3512 960,3512 1005,3509 1050,3506 1095,3503 1139,3503 1184,3500 1229,3500 1274,3494 1318,3494 1363,3491 1408,3488 1453,3485 1498,3482 1542,3479 1587,3476 1632,3473 1677,3473 1721,3470 1766,3467 1811,3464 1856,3464 1900,3464 1945,3461 1990,3458 2035,3455 2079,3455 2124,3452 2169,3449 2214,3446 2258,3443 2303,3440 2348,3437 2393,3437 2438,3434 2482,3434 2527,3434 2572,3431 2617,3431 2661,3428 2706,3425 2751,3422 2796,3419 2840,3416 2885,3416"/>
                <TextEquiv>
                    <Unicode>Offizier: Fräulein sind an einer Wiener Bühne</Unicode>
                </TextEquiv>
            </TextLine>
            <TextLine id="tr_1_tl_12" custom="readingOrder {index:11;}">
                <Coords points="787,3694 1231,3716 2001,3611 2226,3659 2232,3525 2123,3483 1473,3554 1394,3506 1214,3580 789,3594"/>
                <Baseline points="802,3667 844,3670 889,3670 934,3670 978,3670 1023,3667 1068,3664 1113,3658 1157,3658 1202,3655 1247,3652 1292,3652 1336,3649 1381,3646 1426,3643 1471,3640 1515,3637 1560,3634 1605,3631 1650,3628 1694,3628 1739,3622 1784,3622 1829,3622 1874,3619 1918,3619 1963,3616 2008,3613 2053,3610 2097,3607 2142,3607 2187,3604 2232,3601"/>
                <TextEquiv>
                    <Unicode>tätig oder draussen im Reich?</Unicode>
                </TextEquiv>
            </TextLine>
        </TextRegion>
    </Page>
</PcGts>
