3384 4136
620 536 1249 798 Gusti, Eduard.
603 687 2894 935 Gusti: Ich werd's der Mutter sagen, dass du schon
623 888 1336 1086 wieder rauchst.
623 1051 1584 1234 Eduard: Ich darf ja.
632 1156 2879 1383 Gusti: (Aber nicht so viel und nicht vor’m Essen)
1103 1290 2641 1441 konnte so aus den Kind, nicht in was
608 1348 2748 1534 Fort damit. Als Romeo kannst du noch nicht mit
638 1502 1770 1712 der Zigaretten dasitzen,
626 1639 2780 1852 Eduard: Ich weiss schon, dein Romeo raucht Vir-
649 1834 1272 1994 ginazigarren.
649 1924 2914 2143 Gusti: Red keinen Unsinn. Da hast du das Büchel.
646 2093 1837 2312 Dritter Akt, fünfte Szene.
646 2242 2990 2460 Eduard: (blätternd) Dritter Akt, fünfte Szene. Wird
664 2405 2547 2635 das deine erste Rolle sein in Innsbruck?
658 2582 2314 2812 Gusti: Wer redt denn von Innsbruck?
661 2722 2844 2943 Eduard: ich hab doch g'hört, wie du neulich mit
672 2888 2233 3103 der Mutter davon gesprochen hast.
678 3013 2760 3240 Gusti: Das ist noch gar nicht entschieden mit
2329 3214 2693 3374 erhielt.
696 3237 1170 3386 Innsbruck.
687 3322 3007 3543 Eduard: Was wird denn da der Doktor anfangen, wenn
684 3494 1683 3723 du in Innsbruck bist?
