3336 4136
658 458 2510 705 Ihnen sehr für diese schöne Viertelstund
636 622 2571 858 Hoffentlich habe ich (einmal) das Vergnügen
647 855 1899 1033 Glück Sie wiederzusehen.
644 905 2493 1219 Gusti: Ganz meinerseits, Herr Leutnant.
661 1122 1996 1377 Offizier: (küsst ihr die Hand
666 1258 2898 1521 Kaplan: Auf Wiedersehen, Fräulein, (ab mit seinem
680 1460 1641 1677 Bruder nach rechts).
689 1532 2876 1805 Gusti: (bleibt allein zurück, dann nimmt sie wie-
700 1741 2710 1918 der das Universalbüchel und liest)“O,Glück,
708 1882 2735 2118 ein Jeder nennt dich unbeständig,wenn du es
727 2024 2848 2243 bist — (sie hält inne, dann für sich, am Zaun,
719 2171 2879 2415 nachdem sie vorher nach rechts gesehen,mit dem
727 2338 2929 2571 Blick in den Garten) Der hat mir aber besonders
722 2543 1458 2768 gut gefallen! —
1485 2615 1877 2804 Vorhang.
