3368 4120
192 280 696 466 26.3.1928.
2681 280 2766 479 9
548 545 1074 762 die Klinik.
983 655 2032 797 Rey drie nicht auf Veneur
551 753 2712 932 Josefa: Sie werden auch gleich da sein. (Pause)
995 854 2236 948 kommt unf u lon werde
542 891 2948 1106 Vincenz: Sie muss sich doch fürchterlich langweilen
548 1074 2904 1276 mit dem Menschen. Gestern Abend beim Straussen hat
844 1175 1153 1276 mier.
564 1241 2148 1408 er doch den Mund nicht aufgemacht.
1969 1317 2095 1427 was
558 1377 2819 1584 Josefa: Mit ihr allein wird er schon mehr reden.
2208 1452 2838 1553 demiissant,
554 1521 2952 1729 Vincenz: Was sagt denn eigentlich ihre Mutter dazu?
2092 1610 2674 1717 The coll Elizi
561 1651 2901 1884 Josefa: (Du kennst ja die Marié.) Die hat nicht viel
976 1796 1263 1909 schaft,
554 1849 2904 2051 zu reden. Und gar jetzt wo die Gusti ins Engagement
580 2025 854 2155 geht —
567 2151 2117 2337 Vincenz: Hat sie denn schon eins?
554 2290 2879 2495 Josefa: Freilich. Aber verplausch dich nicht.-Der
551 2460 1922 2570 Doktor weiss noch nichts.
561 2618 2347 2781 Vincenz: Der weiss wohl manches nicht.
570 2750 2618 2939 Josefa: Es gibt nicht xx xxx viel zu wissen
2145 2841 2529 2986 verhalt.
567 2923 3096 3118 Vincenz: No. der Frühere war mir lieber.
1556 3008 2073 3125 yours for he that
1339 3024 1512 3128 Aber
561 3049 3024 3194 Josefa: Jedenfalls hat sie den Doktor wirklich gern.
1143 3156 3125 3308 Du tostr ist ein auste huis de bien sal m wenstler je
570 3226 2744 3424 Vincenz: Was hat sich nicht alles gern in der
567 3374 2791 3604 Welt,- (so für ein paar Monate oder für en paar
576 3550 1257 3733 Stunden.Aber -
