<?xml version="1.0" encoding="UTF-8" standalone="yes"?>
<PcGts xmlns="http://schema.primaresearch.org/PAGE/gts/pagecontent/2013-07-15" xmlns:xsi="http://www.w3.org/2001/XMLSchema-instance" xsi:schemaLocation="http://schema.primaresearch.org/PAGE/gts/pagecontent/2013-07-15 http://schema.primaresearch.org/PAGE/gts/pagecontent/2013-07-15/pagecontent.xsd">
    <Metadata>
        <Creator>prov=READ-COOP:name=TrHtr:version=2.1.0:model_id=51170:date=25_07_2023_17:41</Creator>
        <Created>2023-05-10T13:49:59.632+02:00</Created>
        <LastChange>2023-07-25T17:41:36.280+02:00</LastChange>
        <TranskribusMetadata docId="1428597" pageId="55414804" pageNr="11" tsid="130760918" status="IN_PROGRESS" userId="64420" imgUrl="https://files.transkribus.eu/Get?id=KJMLIVWYXDWNIVLWFCTMAJFZ&amp;fileType=view" xmlUrl="https://files.transkribus.eu/Get?id=ZCBCJXHAKMAYAQKIJWIKLXYC" imageId="44688938"/>
    </Metadata>
    <Page imageFilename="1428597_0011.jpg" imageWidth="3368" imageHeight="4120">
        <ReadingOrder>
            <OrderedGroup id="ro_1711789804581" caption="Regions reading order">
                <RegionRefIndexed index="0" regionRef="tr_1"/>
            </OrderedGroup>
        </ReadingOrder>
        <TextRegion id="tr_1" custom="readingOrder {index:0;}">
            <Coords points="606,436 3078,436 3078,3619 606,3619"/>
            <TextLine id="tr_1_tl_1" custom="readingOrder {index:0;}">
                <Coords points="2636,497 2691,491 2716,500 2722,494 2743,507 2761,507 2761,406 2746,406 2716,394 2673,409 2636,403"/>
                <Baseline points="2654,489 2698,486 2743,486 2770,492"/>
                <TextEquiv>
                    <Unicode>11</Unicode>
                </TextEquiv>
            </TextLine>
            <TextLine id="tr_1_tl_2" custom="readingOrder {index:1;}">
                <Coords points="604,754 2896,662 2832,510 2453,473 1919,613 607,577"/>
                <Baseline points="620,677 665,671 710,671 755,674 800,674 844,671 889,674 934,674 979,674 1024,671 1068,671 1113,668 1158,665 1203,665 1247,662 1292,662 1337,662 1382,662 1427,662 1471,659 1516,662 1561,662 1606,659 1650,659 1695,656 1740,656 1785,656 1830,656 1874,656 1919,656 1964,656 2009,653 2054,653 2098,650 2143,650 2188,650 2233,647 2277,647 2322,647 2367,647 2412,644 2457,644 2501,644 2546,641 2591,641 2636,641 2680,641 2725,641 2770,641 2815,641 2860,641 2904,641"/>
                <TextEquiv>
                    <Unicode>ten bis zur Aussichtshütten gebraucht. Nur hinauf.</Unicode>
                </TextEquiv>
            </TextLine>
            <TextLine id="tr_1_tl_3" custom="readingOrder {index:2;}">
                <Coords points="595,897 979,925 1123,827 1465,815 2551,873 2914,799 2914,720 2639,653 2343,757 598,754"/>
                <Baseline points="612,826 635,826 680,829 725,829 770,829 815,829 859,826 904,826 949,826 994,824 1038,821 1083,821 1128,818 1173,818 1218,818 1262,818 1307,818 1352,815 1397,815 1442,815 1486,815 1531,815 1576,815 1621,815 1665,815 1710,812 1755,812 1800,809 1845,809 1889,809 1934,809 1979,806 2024,806 2068,803 2113,803 2158,803 2203,803 2248,800 2292,800 2337,800 2382,797 2427,797 2472,797 2516,797 2561,797 2606,794 2651,794 2695,794 2740,794 2785,791 2830,791 2875,791 2919,791"/>
                <TextEquiv>
                    <Unicode>Vincenz: Hetzt hab ich diese berühmte neue Hütten</Unicode>
                </TextEquiv>
            </TextLine>
            <TextLine id="tr_1_tl_4" custom="readingOrder {index:3;}">
                <Coords points="607,1028 1166,1059 1333,973 1788,1004 1788,903 607,912"/>
                <Baseline points="623,982 632,982 677,982 722,979 767,979 812,979 856,979 901,976 946,976 991,976 1035,976 1080,973 1125,973 1170,970 1215,970 1259,970 1304,970 1349,970 1394,970 1439,967 1483,967 1528,967 1573,964 1618,964 1662,964 1707,964 1752,967 1797,970"/>
                <TextEquiv>
                    <Unicode>noch immer nicht gesehen.</Unicode>
                </TextEquiv>
            </TextLine>
            <TextLine id="tr_1_tl_5" custom="readingOrder {index:4;}">
                <Coords points="589,1205 1693,1117 2825,1147 2871,1031 592,1050"/>
                <Baseline points="606,1131 638,1128 683,1131 728,1131 773,1131 818,1131 862,1131 907,1131 952,1128 997,1131 1041,1128 1086,1125 1131,1128 1176,1125 1221,1125 1265,1125 1310,1125 1355,1125 1400,1128 1444,1125 1489,1125 1534,1122 1579,1119 1624,1119 1668,1116 1713,1116 1758,1116 1803,1116 1848,1116 1892,1113 1937,1113 1982,1113 2027,1110 2071,1110 2116,1110 2161,1110 2206,1110 2251,1107 2295,1107 2340,1107 2385,1104 2430,1104 2474,1104 2519,1104 2564,1104 2609,1104 2654,1104 2698,1104 2743,1101 2788,1101 2833,1104 2878,1107"/>
                <TextEquiv>
                    <Unicode>Eduard: Sie ist gar nicht so neu. Drei Jahr lang</Unicode>
                </TextEquiv>
            </TextLine>
            <TextLine id="tr_1_tl_6" custom="readingOrder {index:5;}">
                <Coords points="1645,1275 1785,1266 1822,1300 1956,1260 2145,1297 2237,1233 2624,1257 2697,1233 2700,1153 2600,1111 2407,1159 2053,1117 1648,1166"/>
                <Baseline points="1662,1274 1671,1271 1716,1265 1761,1265 1806,1265 1851,1262 1895,1259 1940,1250 1985,1247 2030,1241 2074,1241 2119,1236 2164,1233 2209,1233 2254,1233 2298,1233 2343,1233 2388,1230 2433,1230 2477,1233 2522,1230 2567,1227 2612,1230 2657,1230 2701,1230"/>
                <TextEquiv>
                    <Unicode>Wm Mr Suh lon ont</Unicode>
                </TextEquiv>
            </TextLine>
            <TextLine id="tr_1_tl_7" custom="readingOrder {index:6;}">
                <Coords points="613,1324 726,1385 806,1349 995,1339 1147,1382 1187,1355 1230,1379 1379,1364 1379,1202 1355,1196 1071,1236 998,1211 879,1245 812,1199 613,1227"/>
                <Baseline points="629,1286 674,1283 719,1283 764,1286 809,1283 853,1283 898,1283 943,1283 988,1280 1032,1280 1077,1280 1122,1280 1167,1277 1212,1280 1256,1280 1301,1280 1346,1283 1388,1289"/>
                <TextEquiv>
                    <Unicode>steht sie schon.</Unicode>
                </TextEquiv>
            </TextLine>
            <TextLine id="tr_1_tl_8" custom="readingOrder {index:7;}">
                <Coords points="2130,1343 2163,1333 2224,1361 2252,1339 2398,1358 2450,1321 2478,1336 2505,1324 2545,1355 2575,1336 2609,1343 2612,1242 2508,1230 2410,1263 2386,1245 2298,1254 2234,1233 2176,1288 2133,1282"/>
                <Baseline points="2149,1319 2170,1316 2215,1313 2260,1310 2304,1310 2349,1307 2394,1307 2439,1304 2483,1304 2528,1304 2573,1304 2618,1304"/>
                <TextEquiv>
                    <Unicode>k, k.</Unicode>
                </TextEquiv>
            </TextLine>
            <TextLine id="tr_1_tl_9" custom="readingOrder {index:8;}">
                <Coords points="607,1526 1214,1523 1349,1428 2786,1452 2880,1422 2883,1321 1477,1388 610,1324"/>
                <Baseline points="626,1442 647,1442 692,1439 737,1442 782,1439 826,1439 871,1439 916,1439 961,1439 1006,1436 1050,1436 1095,1433 1140,1430 1185,1430 1230,1430 1274,1430 1319,1427 1364,1427 1409,1427 1453,1427 1498,1427 1543,1427 1588,1427 1633,1424 1677,1424 1722,1424 1767,1424 1812,1421 1856,1421 1901,1421 1946,1418 1991,1418 2036,1415 2080,1415 2125,1415 2170,1415 2215,1415 2260,1415 2304,1412 2349,1412 2394,1409 2439,1409 2483,1409 2528,1409 2573,1409 2618,1406 2663,1406 2707,1406 2752,1406 2797,1403 2842,1403 2886,1406"/>
                <TextEquiv>
                    <Unicode>Josefa: Ja wenn du immer so spät am Abend heraus</Unicode>
                </TextEquiv>
            </TextLine>
            <TextLine id="tr_1_tl_10" custom="readingOrder {index:9;}">
                <Coords points="601,1666 1004,1593 2606,1602 2722,1587 2725,1504 601,1523"/>
                <Baseline points="618,1597 623,1597 668,1594 713,1594 758,1594 803,1591 847,1591 892,1588 937,1588 982,1588 1027,1585 1071,1585 1116,1582 1161,1582 1206,1579 1250,1579 1295,1579 1340,1579 1385,1579 1430,1579 1474,1576 1519,1579 1564,1576 1609,1576 1653,1573 1698,1573 1743,1570 1788,1567 1833,1567 1877,1570 1922,1570 1967,1570 2012,1567 2057,1567 2101,1567 2146,1567 2191,1567 2236,1567 2280,1564 2325,1564 2370,1561 2415,1558 2460,1561 2504,1561 2549,1561 2594,1561 2639,1558 2683,1561 2728,1561"/>
                <TextEquiv>
                    <Unicode>kommst und in aller Früh wieder hineinfahrst.</Unicode>
                </TextEquiv>
            </TextLine>
            <TextLine id="tr_1_tl_11" custom="readingOrder {index:10;}">
                <Coords points="1791,1663 1831,1672 1852,1663 1889,1681 1944,1666 1974,1678 2050,1666 2090,1700 2108,1696 2108,1571 2063,1568 1971,1599 1934,1571 1880,1590 1791,1584"/>
                <Baseline points="1809,1656 1854,1662 1898,1662 1943,1665 1988,1662 2033,1659 2077,1659 2113,1656"/>
                <TextEquiv>
                    <Unicode>dans</Unicode>
                </TextEquiv>
            </TextLine>
            <TextLine id="tr_1_tl_12" custom="readingOrder {index:11;}">
                <Coords points="601,1828 1282,1739 2874,1776 2877,1645 604,1684"/>
                <Baseline points="620,1743 641,1746 686,1743 731,1746 776,1746 821,1743 865,1743 910,1743 955,1740 1000,1740 1044,1737 1089,1737 1134,1737 1179,1737 1224,1737 1268,1737 1313,1737 1358,1734 1403,1734 1447,1734 1492,1731 1537,1734 1582,1734 1627,1728 1671,1728 1716,1725 1761,1728 1806,1728 1851,1725 1895,1725 1940,1728 1985,1725 2030,1725 2074,1725 2119,1722 2164,1722 2209,1722 2254,1722 2298,1719 2343,1719 2388,1716 2433,1716 2477,1716 2522,1716 2567,1713 2612,1713 2657,1713 2701,1716 2746,1713 2791,1710 2836,1710 2881,1716"/>
                <TextEquiv>
                    <Unicode>Eduard: Es ist eine prachtvolle Aussicht. Bis zum</Unicode>
                </TextEquiv>
            </TextLine>
            <TextLine id="tr_1_tl_13" custom="readingOrder {index:12;}">
                <Coords points="604,1950 870,1898 1886,1904 1889,1751 1599,1751 1379,1855 607,1822"/>
                <Baseline points="623,1898 635,1895 680,1895 725,1895 770,1898 815,1895 859,1895 904,1895 949,1892 994,1892 1038,1892 1083,1892 1128,1892 1173,1892 1218,1892 1262,1889 1307,1892 1352,1889 1397,1889 1442,1889 1486,1886 1531,1886 1576,1883 1621,1880 1665,1877 1710,1877 1755,1874 1800,1874 1845,1874 1889,1880"/>
                <TextEquiv>
                    <Unicode>Hochschwabennt u in Bl Tjen</Unicode>
                </TextEquiv>
            </TextLine>
            <TextLine id="tr_1_tl_14" custom="readingOrder {index:13;}">
                <Coords points="610,2130 1660,2133 1788,2041 2084,2047 2087,1913 1657,1880 1462,1999 1138,1898 937,1996 613,1992"/>
                <Baseline points="629,2051 659,2051 704,2051 749,2051 794,2051 838,2051 883,2051 928,2048 973,2048 1018,2045 1062,2045 1107,2042 1152,2042 1197,2042 1241,2042 1286,2039 1331,2039 1376,2039 1421,2039 1465,2039 1510,2036 1555,2033 1600,2030 1645,2027 1689,2030 1734,2027 1779,2027 1824,2030 1868,2030 1913,2030 1958,2030 2003,2027 2048,2027 2092,2027"/>
                <TextEquiv>
                    <Unicode>Josefa: (Munderbar.) Tuchtvoll</Unicode>
                </TextEquiv>
            </TextLine>
            <TextLine id="tr_1_tl_15" custom="readingOrder {index:14;}">
                <Coords points="619,2221 2658,2203 2682,2026 2118,2041 1794,2142 622,2145"/>
                <Baseline points="635,2206 674,2203 719,2206 764,2206 809,2206 853,2206 898,2206 943,2203 988,2200 1032,2200 1077,2197 1122,2200 1167,2197 1212,2197 1256,2197 1301,2194 1346,2194 1391,2194 1436,2194 1480,2194 1525,2191 1570,2191 1615,2191 1659,2191 1704,2191 1749,2191 1794,2188 1839,2191 1883,2188 1928,2185 1973,2185 2018,2185 2062,2185 2107,2182 2152,2182 2197,2179 2242,2179 2286,2179 2331,2179 2376,2179 2421,2179 2466,2179 2510,2176 2555,2173 2600,2176 2645,2176 2689,2182"/>
                <TextEquiv>
                    <Unicode>Vincenz: Warst du denn überhaupt schon oben?</Unicode>
                </TextEquiv>
            </TextLine>
            <TextLine id="tr_1_tl_16" custom="readingOrder {index:15;}">
                <Coords points="1724,2285 2255,2282 2328,2255 2505,2279 2609,2264 2612,2200 1971,2194 1904,2237 1800,2200 1727,2212"/>
                <Baseline points="1740,2274 1770,2274 1815,2271 1859,2274 1904,2274 1949,2268 1994,2266 2039,2266 2083,2266 2128,2263 2173,2263 2218,2257 2263,2257 2307,2257 2352,2257 2397,2254 2442,2254 2486,2251 2531,2248 2576,2245 2621,2242"/>
                <TextEquiv>
                    <Unicode>Cher Iet nelles</Unicode>
                </TextEquiv>
            </TextLine>
            <TextLine id="tr_1_tl_17" custom="readingOrder {index:16;}">
                <Coords points="607,2420 2771,2365 2954,2349 2957,2261 610,2279"/>
                <Baseline points="623,2364 635,2364 680,2364 725,2361 770,2361 815,2361 859,2358 904,2358 949,2358 994,2358 1038,2352 1083,2352 1128,2352 1173,2352 1218,2349 1262,2349 1307,2349 1352,2349 1397,2349 1442,2346 1486,2346 1531,2346 1576,2346 1621,2346 1665,2346 1710,2346 1755,2343 1800,2343 1845,2343 1889,2340 1934,2340 1979,2337 2024,2337 2068,2334 2113,2334 2158,2334 2203,2331 2248,2334 2292,2334 2337,2331 2382,2331 2427,2331 2472,2334 2516,2334 2561,2334 2606,2331 2651,2331 2695,2331 2740,2328 2785,2331 2830,2331 2875,2331 2919,2331 2964,2331"/>
                <TextEquiv>
                    <Unicode>Josefa: Aber Freilieh. Anfang der Wochen. Wir alle.</Unicode>
                </TextEquiv>
            </TextLine>
            <TextLine id="tr_1_tl_18" custom="readingOrder {index:17;}">
                <Coords points="1864,2429 1904,2453 1953,2429 2017,2447 2060,2426 2136,2435 2163,2423 2230,2444 2234,2353 2151,2371 2084,2349 2053,2368 2026,2349 2008,2362 1959,2343 1922,2371 1864,2368"/>
                <Baseline points="1880,2421 1883,2421 1928,2418 1973,2421 2018,2418 2062,2418 2107,2418 2152,2415 2197,2412 2242,2412"/>
                <TextEquiv>
                    <Unicode>Hochwurf</Unicode>
                </TextEquiv>
            </TextLine>
            <TextLine id="tr_1_tl_19" custom="readingOrder {index:18;}">
                <Coords points="613,2511 2752,2493 2618,2417 616,2423"/>
                <Baseline points="632,2507 656,2510 701,2513 746,2513 791,2513 835,2513 880,2510 925,2510 970,2507 1015,2504 1059,2504 1104,2504 1149,2504 1194,2504 1238,2504 1283,2504 1328,2507 1373,2504 1418,2504 1462,2504 1507,2501 1552,2498 1597,2498 1642,2498 1686,2498 1731,2498 1776,2498 1821,2498 1865,2495 1910,2498 1955,2495 2000,2492 2045,2492 2089,2492 2134,2492 2179,2492 2224,2489 2268,2489 2313,2486 2358,2486 2403,2483 2448,2486 2492,2486 2537,2486 2582,2483 2627,2483 2672,2480 2716,2483 2761,2480"/>
                <TextEquiv>
                    <Unicode>Auch die Gusti und der Herr Kaplan waren mit.</Unicode>
                </TextEquiv>
            </TextLine>
            <TextLine id="tr_1_tl_20" custom="readingOrder {index:19;}">
                <Coords points="1581,2587 2804,2578 2804,2472 2496,2533 2377,2496 2197,2539 2105,2499 2053,2548 1584,2523"/>
                <Baseline points="1600,2564 1603,2564 1648,2567 1692,2567 1737,2567 1782,2570 1827,2573 1871,2573 1916,2573 1961,2573 2006,2570 2051,2570 2095,2570 2140,2567 2185,2567 2230,2567 2274,2564 2319,2561 2364,2564 2409,2564 2454,2561 2498,2561 2543,2558 2588,2558 2633,2558 2678,2555 2722,2555 2767,2552 2812,2552"/>
                <TextEquiv>
                    <Unicode>Vier nen - Tuirenxullstif</Unicode>
                </TextEquiv>
            </TextLine>
            <TextLine id="tr_1_tl_21" custom="readingOrder {index:20;}">
                <Coords points="622,2761 1394,2670 3048,2670 3070,2572 1614,2606 1025,2508 626,2606"/>
                <Baseline points="638,2669 659,2672 704,2672 749,2672 794,2669 838,2666 883,2663 928,2666 973,2669 1018,2666 1062,2666 1107,2663 1152,2663 1197,2663 1241,2663 1286,2663 1331,2660 1376,2660 1421,2660 1465,2660 1510,2657 1555,2657 1600,2654 1645,2654 1689,2654 1734,2654 1779,2654 1824,2654 1868,2654 1913,2654 1958,2654 2003,2654 2048,2651 2092,2648 2137,2648 2182,2648 2227,2648 2271,2648 2316,2648 2361,2645 2406,2645 2451,2645 2495,2645 2540,2642 2585,2642 2630,2642 2675,2642 2719,2639 2764,2639 2809,2642 2854,2639 2898,2639 2943,2639 2988,2636 3033,2633 3078,2636"/>
                <TextEquiv>
                    <Unicode>Eduard: Vater du könntest mir einen grossen Gefallen</Unicode>
                </TextEquiv>
            </TextLine>
            <TextLine id="tr_1_tl_22" custom="readingOrder {index:21;}">
                <Coords points="622,2880 2944,2832 3012,2670 622,2755"/>
                <Baseline points="638,2827 641,2827 686,2827 731,2827 776,2827 821,2824 865,2827 910,2824 955,2824 1000,2824 1044,2821 1089,2821 1134,2821 1179,2821 1224,2818 1268,2818 1313,2815 1358,2815 1403,2815 1447,2815 1492,2815 1537,2815 1582,2818 1627,2815 1671,2812 1716,2812 1761,2809 1806,2809 1851,2809 1895,2809 1940,2806 1985,2806 2030,2806 2074,2806 2119,2803 2164,2803 2209,2803 2254,2803 2298,2800 2343,2800 2388,2800 2433,2800 2477,2797 2522,2797 2567,2797 2612,2797 2657,2797 2701,2797 2746,2794 2791,2794 2836,2791 2881,2791 2925,2791 2970,2791 3015,2791"/>
                <TextEquiv>
                    <Unicode>tun. (Wenn du zufällig bei einem Buchhändler vorbei-</Unicode>
                </TextEquiv>
            </TextLine>
            <TextLine id="tr_1_tl_23" custom="readingOrder {index:22;}">
                <Coords points="622,3054 1651,3109 2591,2957 2905,3002 2948,2890 626,2883"/>
                <Baseline points="638,2988 668,2982 713,2979 758,2982 803,2982 847,2979 892,2979 937,2979 982,2979 1027,2976 1071,2976 1116,2976 1161,2976 1206,2973 1250,2976 1295,2973 1340,2970 1385,2970 1430,2970 1474,2967 1519,2967 1564,2967 1609,2967 1653,2970 1698,2967 1743,2967 1788,2967 1833,2964 1877,2964 1922,2964 1967,2964 2012,2961 2057,2961 2101,2961 2146,2958 2191,2958 2236,2958 2280,2955 2325,2958 2370,2955 2415,2955 2460,2955 2504,2952 2549,2955 2594,2955 2639,2955 2683,2952 2728,2952 2773,2952 2818,2949 2863,2949 2907,2946 2952,2952"/>
                <TextEquiv>
                    <Unicode>kommst, ich brauchte so dringend einen botanischen</Unicode>
                </TextEquiv>
            </TextLine>
            <TextLine id="tr_1_tl_24" custom="readingOrder {index:23;}">
                <Coords points="629,3210 751,3216 839,3201 873,3213 931,3204 928,3085 900,3088 857,3060 796,3088 748,3057 687,3079 626,3067"/>
                <Baseline points="644,3140 689,3137 734,3134 779,3134 824,3137 868,3137 913,3140 934,3143"/>
                <TextEquiv>
                    <Unicode>Atlas.</Unicode>
                </TextEquiv>
            </TextLine>
            <TextLine id="tr_1_tl_25" custom="readingOrder {index:24;}">
                <Coords points="632,3372 1159,3396 1486,3286 2594,3314 2798,3265 2801,3115 1391,3103 635,3210"/>
                <Baseline points="650,3293 656,3293 701,3290 746,3293 791,3290 835,3290 880,3293 925,3290 970,3290 1015,3290 1059,3290 1104,3287 1149,3287 1194,3284 1238,3284 1283,3284 1328,3284 1373,3284 1418,3281 1462,3281 1507,3278 1552,3278 1597,3278 1642,3278 1686,3278 1731,3278 1776,3275 1821,3275 1865,3275 1910,3272 1955,3275 2000,3272 2045,3272 2089,3272 2134,3269 2179,3269 2224,3269 2268,3272 2313,3269 2358,3269 2403,3269 2448,3269 2492,3269 2537,3266 2582,3266 2627,3266 2672,3266 2716,3263 2761,3263 2806,3263"/>
                <TextEquiv>
                    <Unicode>Vincenz: Jetzt, wo der Sommer schon bald zu End</Unicode>
                </TextEquiv>
            </TextLine>
            <TextLine id="tr_1_tl_26" custom="readingOrder {index:25;}">
                <Coords points="616,3549 674,3527 699,3533 729,3509 757,3509 790,3539 885,3515 888,3350 857,3350 815,3384 781,3387 754,3372 699,3399 656,3375 619,3378"/>
                <Baseline points="635,3457 668,3457 713,3451 758,3448 803,3451 847,3451 892,3454"/>
                <TextEquiv>
                    <Unicode>geht.</Unicode>
                </TextEquiv>
            </TextLine>
            <TextLine id="tr_1_tl_27" custom="readingOrder {index:26;}">
                <Coords points="613,3707 1672,3591 2835,3622 2948,3591 2951,3399 2523,3424 2392,3515 616,3546"/>
                <Baseline points="632,3609 668,3606 713,3603 758,3606 803,3603 847,3603 892,3603 937,3603 982,3603 1027,3600 1071,3597 1116,3600 1161,3600 1206,3597 1250,3597 1295,3597 1340,3594 1385,3594 1430,3594 1474,3591 1519,3591 1564,3588 1609,3588 1653,3588 1698,3588 1743,3588 1788,3594 1833,3594 1877,3588 1922,3585 1967,3585 2012,3585 2057,3582 2101,3582 2146,3582 2191,3582 2236,3582 2280,3582 2325,3579 2370,3579 2415,3579 2460,3579 2504,3579 2549,3576 2594,3576 2639,3576 2683,3576 2728,3576 2773,3576 2818,3573 2863,3573 2907,3576 2952,3582"/>
                <TextEquiv>
                    <Unicode>Eduard: Der Atlas bleibt ja auch noch im nächsten</Unicode>
                </TextEquiv>
            </TextLine>
        </TextRegion>
    </Page>
</PcGts>
