3400 4168
2500 281 2640 540 20
693 449 2921 753 Josefa: (zu Vincenz) Jetzt hab ich aber wirklich
710 690 2864 841 schon Angst, dass du den Zug versäumst, Vincenz.
719 815 2833 1074 Von Fräulein Gusti ist ja doch noch nichts zu
457 798 696 1063 & her
1949 1003 2929 1188 Es wie de ich nicht waren.
707 1054 1011 1148 sehen.
710 1097 2881 1284 Kaplan:/weiter zu Eduard) Ich bekomme nämlich
733 1304 2980 1591 einen Besuch. Mein Bruder hat sich telegraphisch
725 1506 1330 1628 angekündigt.
722 1634 1952 1824 Josefa: Der Herr Leutnant?
727 1716 2850 1912 Vincenz: (in einiger Verwunderung über Josefas
727 1898 2870 2114 Informiertheit) Hochwürden haben einen Bruder,
733 2088 1543 2284 der Offizier ist?
2364 2154 2804 2256 Innsbruck
733 2208 2938 2432 Kaplan: Ja. Er ist in Garnison in (Und
739 2370 2946 2563 jetzt hat er in Wien beim Generalkommando etwas
1060 2480 2256 2594 Das Regiment soll nämlich
736 2543 2892 2745 zu tunück xxx nach Polen ver-
1563 2648 2361 2747 Nur u weit. Sondern
1029 2659 1355 2753 werden.
739 2713 2858 2898 setzen. Vielleicht gelingt es ihm in ein an-
739 2824 2864 3052 deres Regiment transferiert zu werden. No und
739 3012 2836 3148 da benützt er die Gelegenheit
739 3162 3023 3327 mich endlich zu besuchen. Beinahe ein Jahr schon
756 3250 3029 3475 dass wir uns nicht gesehen haben, zu Eduard) Und
742 3481 2915 3708 da wird es heut mit unserer botanischen Exkur-
