3272 4152
598 467 989 636 gleisen.
593 555 2895 835 Felix: Er ist ja schon einmal entgleist. So einen
595 738 2598 954 Schwindel kann man nicht zweimal aufführen.
595 925 2930 1106 Gusti: Aber er ist doch damals wirklich entgleist.
2627 1074 2846 1168 eine
578 1089 2764 1267 Felix: Das ist ja egal, jedenfalls habe ich den
572 1217 2922 1456 Dienst versäumt. Und jetzt wäre es ganz unmöglich,
575 1348 2831 1573 wo mein Kollega auf Urlaub ist. Also, fangen wir
575 1532 2884 1780 an Abschied zu nehmen. (nimmt ihre Hand und küsst
584 1670 2825 1859 sie; plötzlich) Wie lange bleibst du denn eigent-
563 1850 1518 2002 lich noch heraussen?
2157 1947 2291 2064 is
560 1967 2685 2221 Gusti: (unsicher)e ich glaub, wir bleiben alle
563 2145 1938 2303 noch zwei bis drei Wochen da.
560 2280 2799 2475 Fedix: Und du könntest dich nicht entschliessen,
575 2455 2633 2694 ein bisl früher in die Stadt hineinzukommen?
607 2589 1383 2855 Gusti: (schweigt )
546 2796 2866 2942 Felix: Nein, nein, antwort mir gar nicht. Du sollst
543 2904 2822 3143 nicht hineinkommen, unter keiner Bedingung. Bleib
537 3056 2857 3228 nur heraussen so lang du kannst. Um jeden Tag wär
543 3211 2811 3418 schad. Es ist ganz richtig, was der Meister Fradl
