3400 4152
1573 651 2264 864 Not écoure un
913 675 1004 828 G.F.P.
557 706 879 858 nicht.
557 748 2823 1001 Josefa: (Aber geh.) Jetzt wär's doch höchste Zeit.
2367 870 2620 1034 d & 2.
572 980 2227 1156 (Wenn du übermorgen schon wegfahrst,
581 1101 2875 1327 Lill: Es ist halt so schwer. Er wird sich ja so
1543 1214 2108 1320 d'un beste mari.
602 1232 2839 1445 kränken. Ich hab mir vorgenommen, ich sag ihm gar
2276 1357 2404 1454 fert
593 1424 2991 1616 nichts. Ich werde (halt) plötzlich verschwunden sein.
940 1555 1135 1652 Cornel
596 1524 2948 1789 Josefa: (Er wird dir nachfahren.) (Er hält's ja nicht
599 1667 3049 1944 aus ohne dich. (Sicher fahrt er dir nach) Ich seit aller
1415 1686 1850 1798 Mitsen
2677 1759 3085 1905 ses petit le
612 1856 3039 2102 Lilft: (Aber fallt ihm ja nicht ein) Er könnt auch'm
1019 2008 1424 2108 du Nacht-amt.
615 1975 2924 2236 gar nicht. Er kriegt ja keinen Urlaub vom Spital.
535 2188 2887 2407 Und dann sein Vater, der Hofrat - (Und wovon sollt
2781 2248 3055 2355 daffert.
627 2340 2985 2522 er denn dort leben? Nein, nein, so ist er nicht, Bei
627 2507 2157 2677 aller Liebe.
1086 2632 1470 2741 Mitminerah
630 2601 2638 2869 Josefa: Dass er dich überhaupt fort lasst.
1457 2766 2111 2875 M - Mart the
1056 2787 1375 2890 Et avec je
633 2817 2915 3046 Lill: Ich mss ja fort. Heiraten kann er mich ja
1762 2927 1883 3024 in
648 2915 2927 3204 doch nicht gebrigens hat die Mutter sogar schon
2869 3024 3027 3137 Hen
1348 3079 1710 3189 mir heb
654 3128 3024 3316 die Wohnung weitervermietet vom Oktober. Einem Sek-
657 3207 2963 3496 tionsrat vom Ministerium, möbliert. Gulden.
283 3185 523 3429 wth
2550 3371 2677 3444 Mr
645 3405 2933 3657 Heut hat mir's die Mutter geschrieben. Das ist
663 3551 2942 3791 doch sehr anständig, fünfundvierzig Gulden! Davon
