<?xml version="1.0" encoding="UTF-8" standalone="yes"?>
<PcGts xmlns="http://schema.primaresearch.org/PAGE/gts/pagecontent/2013-07-15" xmlns:xsi="http://www.w3.org/2001/XMLSchema-instance" xsi:schemaLocation="http://schema.primaresearch.org/PAGE/gts/pagecontent/2013-07-15 http://schema.primaresearch.org/PAGE/gts/pagecontent/2013-07-15/pagecontent.xsd">
    <Metadata>
        <Creator>prov=READ-COOP:name=TrHtr:version=2.1.0:model_id=51170:date=25_07_2023_17:41</Creator>
        <Created>2023-05-10T13:50:06.750+02:00</Created>
        <LastChange>2023-07-25T17:41:52.137+02:00</LastChange>
        <TranskribusMetadata docId="1428597" pageId="55415115" pageNr="61" tsid="130761053" status="IN_PROGRESS" userId="64420" imgUrl="https://files.transkribus.eu/Get?id=LEOWRYZQXQFAIIVWSFYGFFZM&amp;fileType=view" xmlUrl="https://files.transkribus.eu/Get?id=JXFKBKTYTECQAQCUDXKCSZGM" imageId="44689249"/>
    </Metadata>
    <Page imageFilename="1428597_0061.jpg" imageWidth="3432" imageHeight="4184">
        <ReadingOrder>
            <OrderedGroup id="ro_1711789854256" caption="Regions reading order">
                <RegionRefIndexed index="0" regionRef="tr_1"/>
            </OrderedGroup>
        </ReadingOrder>
        <TextRegion id="tr_1" custom="readingOrder {index:0;}">
            <Coords points="531,651 3166,651 3166,3761 531,3761"/>
            <TextLine id="tr_1_tl_1" custom="readingOrder {index:0;}">
                <Coords points="512,828 2860,744 2870,522 1247,654 1040,602 789,686 522,631"/>
                <Baseline points="531,820 546,817 590,817 635,814 680,814 725,811 769,811 814,808 859,805 904,805 949,802 993,799 1038,796 1083,793 1128,793 1172,790 1217,793 1262,790 1307,787 1351,784 1396,778 1441,778 1486,775 1530,769 1575,769 1620,769 1665,766 1710,763 1754,760 1799,760 1844,760 1889,758 1933,758 1978,755 2023,752 2068,752 2112,749 2157,746 2202,743 2247,740 2291,737 2336,734 2381,731 2426,728 2471,725 2515,725 2560,722 2605,722 2650,719 2694,719 2739,716 2784,713 2829,710 2873,701"/>
                <TextEquiv>
                    <Unicode>zahlen wir das Zimmer in Innsbruck und die Wohnung</Unicode>
                </TextEquiv>
            </TextLine>
            <TextLine id="tr_1_tl_2" custom="readingOrder {index:1;}">
                <Coords points="519,1008 1920,921 2506,1024 2815,979 2822,805 1543,889 1305,792 528,834"/>
                <Baseline points="540,966 543,969 587,972 632,969 677,969 722,966 766,963 811,960 856,957 901,954 946,951 990,951 1035,951 1080,949 1125,949 1169,946 1214,943 1259,940 1304,940 1348,937 1393,934 1438,931 1483,931 1527,931 1572,928 1617,922 1662,922 1707,922 1751,919 1796,916 1841,916 1886,913 1930,910 1975,910 2020,904 2065,901 2109,901 2154,901 2199,895 2244,892 2288,889 2333,889 2378,889 2423,886 2468,883 2512,880 2557,877 2602,874 2647,877 2691,874 2736,871 2781,865 2826,856"/>
                <TextEquiv>
                    <Unicode>da in Wien bleibt uns für alle Fälle,wenn s' mich</Unicode>
                </TextEquiv>
            </TextLine>
            <TextLine id="tr_1_tl_3" custom="readingOrder {index:2;}">
                <Coords points="525,1140 2074,1098 2326,1066 2329,995 1440,1044 1028,950 532,1021"/>
                <Baseline points="543,1125 587,1122 632,1122 677,1119 722,1119 766,1119 811,1116 856,1113 901,1110 946,1110 990,1107 1035,1104 1080,1101 1125,1101 1169,1101 1214,1095 1259,1092 1304,1089 1348,1089 1393,1089 1438,1086 1483,1083 1527,1080 1572,1080 1617,1077 1662,1074 1707,1071 1751,1071 1796,1068 1841,1068 1886,1068 1930,1065 1975,1065 2020,1059 2065,1056 2109,1053 2154,1053 2199,1050 2244,1047 2288,1044 2333,1050"/>
                <TextEquiv>
                    <Unicode>wieder fortschicken aus dem Engagement</Unicode>
                </TextEquiv>
            </TextLine>
            <TextLine id="tr_1_tl_4" custom="readingOrder {index:3;}">
                <Coords points="2828,1098 2844,1098 2867,1111 2918,1160 2947,1163 2947,1047 2922,1047 2912,1037 2896,1037 2886,1028 2877,1028 2857,1044 2828,1047"/>
                <Baseline points="2847,1098 2891,1098 2936,1098 2954,1098"/>
                <TextEquiv>
                    <Unicode>Ew</Unicode>
                </TextEquiv>
            </TextLine>
            <TextLine id="tr_1_tl_5" custom="readingOrder {index:4;}">
                <Coords points="1227,1192 1385,1173 1514,1195 1872,1144 1942,1166 2017,1137 2017,1082 1991,1076 1942,1102 1897,1076 1839,1098 1649,1079 1469,1127 1231,1105"/>
                <Baseline points="1244,1160 1259,1157 1304,1157 1348,1157 1393,1157 1438,1157 1483,1154 1527,1154 1572,1154 1617,1154 1662,1151 1707,1148 1751,1145 1796,1145 1841,1142 1886,1140 1930,1140 1975,1137 2020,1128"/>
                <TextEquiv>
                    <Unicode>Sie nur — die ich schon mit</Unicode>
                </TextEquiv>
            </TextLine>
            <TextLine id="tr_1_tl_6" custom="readingOrder {index:5;}">
                <Coords points="525,1285 2761,1221 2873,1202 2877,1111 2693,1047 1514,1192 532,1144"/>
                <Baseline points="543,1283 555,1280 599,1280 644,1274 689,1274 734,1271 778,1271 823,1268 868,1265 913,1262 957,1262 1002,1262 1047,1259 1092,1256 1137,1253 1181,1253 1226,1247 1271,1247 1316,1247 1360,1247 1405,1244 1450,1241 1495,1238 1539,1235 1584,1235 1629,1235 1674,1232 1718,1226 1763,1223 1808,1223 1853,1220 1898,1220 1942,1217 1987,1214 2032,1211 2077,1211 2121,1208 2166,1208 2211,1205 2256,1202 2300,1202 2345,1199 2390,1196 2435,1190 2479,1190 2524,1190 2569,1187 2614,1184 2659,1184 2703,1184 2748,1181 2793,1178 2838,1175 2882,1166"/>
                <TextEquiv>
                    <Unicode>Josefa: Warum sollen sie dich denn fortschicken so</Unicode>
                </TextEquiv>
            </TextLine>
            <TextLine id="tr_1_tl_7" custom="readingOrder {index:6;}">
                <Coords points="1846,1363 1917,1369 1942,1395 2004,1382 2074,1401 2139,1353 2303,1305 2387,1330 2442,1305 2445,1208 2403,1198 2265,1237 2197,1214 2136,1211 2074,1240 2023,1221 1978,1250 1852,1234"/>
                <Baseline points="1868,1307 1909,1307 1954,1304 1999,1304 2044,1301 2089,1298 2133,1292 2178,1292 2223,1292 2268,1292 2312,1292 2357,1289 2402,1286 2447,1280"/>
                <TextEquiv>
                    <Unicode>mit der Zustell.</Unicode>
                </TextEquiv>
            </TextLine>
            <TextLine id="tr_1_tl_8" custom="readingOrder {index:7;}">
                <Coords points="538,1462 1176,1414 1327,1462 1514,1398 1772,1395 1775,1321 541,1359"/>
                <Baseline points="555,1432 575,1429 620,1426 665,1426 710,1426 755,1426 799,1423 844,1420 889,1417 934,1414 978,1417 1023,1414 1068,1411 1113,1411 1157,1411 1202,1405 1247,1408 1292,1405 1336,1402 1381,1399 1426,1396 1471,1390 1516,1393 1560,1390 1605,1390 1650,1384 1695,1378 1739,1375 1784,1363"/>
                <TextEquiv>
                    <Unicode>hübsch und so jung —</Unicode>
                </TextEquiv>
            </TextLine>
            <TextLine id="tr_1_tl_9" custom="readingOrder {index:8;}">
                <Coords points="522,1678 999,1566 2770,1517 2806,1395 1108,1508 532,1469"/>
                <Baseline points="543,1575 570,1578 614,1581 659,1581 704,1581 749,1578 793,1575 838,1575 883,1572 928,1569 972,1566 1017,1566 1062,1563 1107,1560 1151,1557 1196,1554 1241,1557 1286,1551 1331,1551 1375,1548 1420,1545 1465,1545 1510,1542 1554,1542 1599,1539 1644,1539 1689,1533 1733,1533 1778,1530 1823,1527 1868,1524 1912,1524 1957,1519 2002,1519 2047,1519 2092,1516 2136,1516 2181,1513 2226,1513 2271,1510 2315,1507 2360,1507 2405,1501 2450,1501 2494,1498 2539,1498 2584,1498 2629,1492 2673,1489 2718,1486 2763,1483 2808,1483"/>
                <TextEquiv>
                    <Unicode>Lili : Und talentiert könntest du schon auch noch</Unicode>
                </TextEquiv>
            </TextLine>
            <TextLine id="tr_1_tl_10" custom="readingOrder {index:9;}">
                <Coords points="1321,1694 2174,1681 2271,1649 2274,1530 1636,1543 1511,1643 1440,1649 1324,1604"/>
                <Baseline points="1339,1680 1381,1680 1426,1680 1471,1677 1516,1680 1560,1680 1605,1677 1650,1677 1695,1674 1739,1671 1784,1671 1829,1668 1874,1668 1918,1662 1963,1659 2008,1659 2053,1656 2097,1653 2142,1650 2187,1647 2232,1644 2277,1635"/>
                <TextEquiv>
                    <Unicode>und den Tobul. Hundert</Unicode>
                </TextEquiv>
            </TextLine>
            <TextLine id="tr_1_tl_11" custom="readingOrder {index:10;}">
                <Coords points="551,1752 577,1762 593,1752 638,1781 783,1739 844,1765 847,1659 715,1688 689,1672 615,1685 602,1665 551,1681"/>
                <Baseline points="567,1733 584,1736 629,1736 674,1736 719,1733 763,1730 808,1730 853,1730"/>
                <TextEquiv>
                    <Unicode>sagen.</Unicode>
                </TextEquiv>
            </TextLine>
            <TextLine id="tr_1_tl_12" custom="readingOrder {index:11;}">
                <Coords points="1437,1781 1537,1785 1556,1801 1585,1781 1707,1772 1756,1797 1762,1691 1720,1698 1707,1685 1636,1727 1614,1707 1549,1714 1520,1691 1440,1710"/>
                <Baseline points="1456,1769 1492,1772 1536,1772 1581,1769 1626,1766 1671,1763 1715,1757 1760,1757"/>
                <TextEquiv>
                    <Unicode>heir Gutes</Unicode>
                </TextEquiv>
            </TextLine>
            <TextLine id="tr_1_tl_13" custom="readingOrder {index:12;}">
                <Coords points="548,1965 947,1994 1317,1868 2097,1833 2741,1926 2883,1888 2893,1733 1962,1723 1804,1804 1021,1710 554,1804"/>
                <Baseline points="567,1892 611,1889 656,1889 701,1886 746,1883 790,1883 835,1883 880,1880 925,1877 969,1874 1014,1871 1059,1871 1104,1868 1148,1865 1193,1862 1238,1862 1283,1859 1328,1856 1372,1856 1417,1853 1462,1853 1507,1850 1551,1850 1596,1847 1641,1844 1686,1841 1730,1838 1775,1838 1820,1838 1865,1835 1909,1832 1954,1829 1999,1826 2044,1823 2089,1820 2133,1817 2178,1820 2223,1817 2268,1814 2312,1814 2357,1811 2402,1808 2447,1808 2491,1805 2536,1802 2581,1802 2626,1799 2670,1796 2715,1796 2760,1793 2805,1793 2850,1790 2894,1793"/>
                <TextEquiv>
                    <Unicode>Josefa: Das ist vielleicht nicht einmal die Haupt-</Unicode>
                </TextEquiv>
            </TextLine>
            <TextLine id="tr_1_tl_14" custom="readingOrder {index:13;}">
                <Coords points="557,2087 586,2087 606,2068 615,2078 686,2074 725,2049 754,2065 789,2052 809,2071 834,2049 860,2052 863,1962 825,1962 783,1981 722,1965 664,1997 625,1988 599,1965 589,1975 560,1971"/>
                <Baseline points="578,2044 599,2044 644,2041 689,2041 734,2038 778,2038 823,2035 868,2041"/>
                <TextEquiv>
                    <Unicode>sache.</Unicode>
                </TextEquiv>
            </TextLine>
            <TextLine id="tr_1_tl_15" custom="readingOrder {index:14;}">
                <Coords points="1266,2113 1314,2123 1359,2097 1408,2110 1446,2094 1514,2110 1569,2084 1665,2097 1701,2074 1743,2087 1749,1975 1633,1991 1588,1962 1501,2004 1392,1988 1276,2004"/>
                <Baseline points="1286,2077 1307,2077 1351,2074 1396,2071 1441,2065 1486,2062 1530,2056 1575,2056 1620,2050 1665,2047 1710,2044 1754,2044"/>
                <TextEquiv>
                    <Unicode>Thi xx</Unicode>
                </TextEquiv>
            </TextLine>
            <TextLine id="tr_1_tl_16" custom="readingOrder {index:15;}">
                <Coords points="567,2194 2538,2152 2918,2107 2925,2004 1933,1965 1723,2103 1305,2126 570,2068"/>
                <Baseline points="584,2190 599,2187 644,2196 689,2199 734,2196 778,2193 823,2190 868,2187 913,2184 957,2181 1002,2181 1047,2178 1092,2178 1137,2175 1181,2172 1226,2172 1271,2169 1316,2169 1360,2166 1405,2163 1450,2163 1495,2160 1539,2157 1584,2154 1629,2151 1674,2148 1718,2145 1763,2145 1808,2145 1853,2142 1898,2142 1942,2142 1987,2139 2032,2133 2077,2130 2121,2127 2166,2127 2211,2127 2256,2127 2300,2124 2345,2121 2390,2118 2435,2118 2479,2115 2524,2112 2569,2112 2614,2106 2659,2106 2703,2106 2748,2103 2793,2097 2838,2097 2882,2094 2927,2092"/>
                <TextEquiv>
                    <Unicode>Lili: Da möchte ich aber schon bitten. Hab ich dir</Unicode>
                </TextEquiv>
            </TextLine>
            <TextLine id="tr_1_tl_17" custom="readingOrder {index:16;}">
                <Coords points="570,2393 1765,2300 2745,2345 2848,2329 2854,2184 1350,2274 1166,2181 577,2261"/>
                <Baseline points="587,2345 623,2348 668,2348 713,2345 758,2345 802,2345 847,2345 892,2342 937,2339 981,2336 1026,2333 1071,2333 1116,2330 1160,2327 1205,2324 1250,2327 1295,2324 1339,2324 1384,2321 1429,2315 1474,2315 1519,2315 1563,2312 1608,2309 1653,2306 1698,2303 1742,2303 1787,2300 1832,2297 1877,2294 1921,2294 1966,2291 2011,2288 2056,2288 2100,2285 2145,2285 2190,2282 2235,2277 2280,2277 2324,2277 2369,2274 2414,2271 2459,2271 2503,2268 2548,2268 2593,2265 2638,2262 2682,2259 2727,2259 2772,2253 2817,2250 2861,2244"/>
                <TextEquiv>
                    <Unicode>vielleicht nicht gefallen bei der Schlussvorstel-</Unicode>
                </TextEquiv>
            </TextLine>
            <TextLine id="tr_1_tl_18" custom="readingOrder {index:17;}">
                <Coords points="570,2532 3154,2455 3160,2329 577,2393"/>
                <Baseline points="590,2509 614,2509 659,2506 704,2506 749,2503 793,2500 838,2497 883,2497 928,2494 972,2494 1017,2488 1062,2485 1107,2485 1151,2482 1196,2479 1241,2479 1286,2479 1331,2476 1375,2473 1420,2471 1465,2468 1510,2468 1554,2468 1599,2465 1644,2462 1689,2459 1733,2456 1778,2456 1823,2456 1868,2453 1912,2450 1957,2450 2002,2444 2047,2441 2092,2438 2136,2435 2181,2432 2226,2432 2271,2432 2315,2429 2360,2426 2405,2426 2450,2423 2494,2423 2539,2420 2584,2420 2629,2417 2673,2417 2718,2414 2763,2411 2808,2408 2852,2408 2897,2405 2942,2402 2987,2399 3032,2396 3076,2393 3121,2393 3166,2393"/>
                <TextEquiv>
                    <Unicode>lung im Konservatorium als</Unicode>
                </TextEquiv>
            </TextLine>
            <TextLine id="tr_1_tl_19" custom="readingOrder {index:18;}">
                <Coords points="589,2674 1533,2635 1759,2716 1936,2632 2935,2587 2941,2493 1102,2596 879,2509 596,2542"/>
                <Baseline points="608,2664 617,2664 662,2664 707,2662 752,2659 796,2656 841,2659 886,2653 931,2644 975,2644 1020,2644 1065,2644 1110,2644 1154,2641 1199,2638 1244,2635 1289,2635 1333,2632 1378,2632 1423,2629 1468,2629 1513,2626 1557,2623 1602,2620 1647,2620 1692,2617 1736,2617 1781,2617 1826,2611 1871,2608 1915,2605 1960,2605 2005,2602 2050,2602 2094,2599 2139,2599 2184,2596 2229,2593 2274,2590 2318,2587 2363,2581 2408,2581 2453,2581 2497,2578 2542,2575 2587,2572 2632,2572 2676,2572 2721,2569 2766,2566 2811,2566 2855,2563 2900,2560 2945,2554"/>
                <TextEquiv>
                    <Unicode>Luise? In der Zeitung ist gestanden: Verheissungs</Unicode>
                </TextEquiv>
            </TextLine>
            <TextLine id="tr_1_tl_20" custom="readingOrder {index:19;}">
                <Coords points="2384,2709 2548,2651 2587,2677 2619,2654 2735,2667 2770,2641 2802,2664 2825,2645 2902,2641 2902,2583 2806,2577 2783,2593 2745,2574 2687,2600 2664,2583 2645,2600 2564,2580 2471,2600 2390,2587"/>
                <Baseline points="2405,2656 2417,2653 2462,2653 2506,2650 2551,2647 2596,2647 2641,2644 2685,2641 2730,2638 2775,2635 2820,2635 2864,2632 2909,2632"/>
                <TextEquiv>
                    <Unicode>(Mllel in Portman)</Unicode>
                </TextEquiv>
            </TextLine>
            <TextLine id="tr_1_tl_21" custom="readingOrder {index:20;}">
                <Coords points="941,2716 1018,2754 1044,2732 1082,2767 1124,2738 1166,2745 1189,2728 1218,2735 1237,2719 1263,2722 1263,2651 1227,2664 1176,2638 1118,2674 1005,2651 941,2670"/>
                <Baseline points="957,2712 1002,2718 1047,2721 1092,2724 1137,2721 1181,2718 1226,2718 1271,2715"/>
                <TextEquiv>
                    <Unicode>Bejahr</Unicode>
                </TextEquiv>
            </TextLine>
            <TextLine id="tr_1_tl_22" custom="readingOrder {index:21;}">
                <Coords points="583,2835 2748,2757 2796,2648 1082,2767 589,2674"/>
                <Baseline points="602,2817 608,2814 653,2817 698,2817 743,2817 787,2814 832,2811 877,2811 922,2808 966,2808 1011,2805 1056,2802 1101,2802 1145,2799 1190,2799 1235,2793 1280,2790 1325,2787 1369,2784 1414,2784 1459,2781 1504,2778 1548,2778 1593,2778 1638,2775 1683,2772 1727,2772 1772,2766 1817,2766 1862,2766 1906,2763 1951,2760 1996,2757 2041,2754 2086,2754 2130,2751 2175,2748 2220,2748 2265,2748 2309,2748 2354,2748 2399,2745 2444,2742 2488,2739 2533,2736 2578,2733 2623,2730 2667,2727 2712,2724 2757,2721 2802,2721"/>
                <TextEquiv>
                    <Unicode>volles Talent und anmutige Erscheinung. Von der</Unicode>
                </TextEquiv>
            </TextLine>
            <TextLine id="tr_1_tl_23" custom="readingOrder {index:22;}">
                <Coords points="1144,2918 1160,2922 1192,2899 1208,2899 1221,2889 1227,2896 1240,2889 1253,2893 1263,2886 1282,2889 1292,2835 1272,2831 1227,2848 1202,2822 1192,2828 1179,2815 1163,2812"/>
                <Baseline points="1169,2894 1205,2885 1250,2879 1295,2870"/>
                <TextEquiv>
                    <Unicode>me</Unicode>
                </TextEquiv>
            </TextLine>
            <TextLine id="tr_1_tl_24" custom="readingOrder {index:23;}">
                <Coords points="596,3015 2912,2906 2941,2799 1169,2912 915,2809 602,2857"/>
                <Baseline points="617,2972 662,2969 707,2969 752,2969 796,2966 841,2963 886,2960 931,2960 975,2957 1020,2954 1065,2954 1110,2954 1154,2954 1199,2951 1244,2948 1289,2948 1333,2948 1378,2945 1423,2939 1468,2939 1513,2939 1557,2936 1602,2933 1647,2927 1692,2927 1736,2924 1781,2924 1826,2924 1871,2921 1915,2915 1960,2915 2005,2912 2050,2909 2094,2909 2139,2909 2184,2903 2229,2903 2274,2900 2318,2900 2363,2897 2408,2897 2453,2894 2497,2891 2542,2891 2587,2888 2632,2885 2676,2885 2721,2882 2766,2879 2811,2879 2855,2876 2900,2870 2945,2873"/>
                <TextEquiv>
                    <Unicode>Neumann ist gestanden, sie verriet immerhin die An-</Unicode>
                </TextEquiv>
            </TextLine>
            <TextLine id="tr_1_tl_25" custom="readingOrder {index:24;}">
                <Coords points="870,3057 896,3067 921,3051 944,3063 966,3047 1005,3076 1040,3047 1076,3054 1108,3034 1205,3041 1211,2973 1179,2954 1144,2986 1102,2957 1040,2976 979,2957 924,2976 876,2973"/>
                <Baseline points="889,3043 904,3041 949,3038 993,3035 1038,3035 1083,3029 1128,3026 1172,3020 1217,3020"/>
                <TextEquiv>
                    <Unicode>(Mitz 10 verär)</Unicode>
                </TextEquiv>
            </TextLine>
            <TextLine id="tr_1_tl_26" custom="readingOrder {index:25;}">
                <Coords points="599,3170 2922,3083 3022,3057 3028,2931 1005,3080 606,3022"/>
                <Baseline points="620,3130 659,3127 704,3124 749,3124 793,3124 838,3121 883,3121 928,3118 972,3118 1017,3115 1062,3112 1107,3109 1151,3106 1196,3103 1241,3103 1286,3097 1331,3100 1375,3100 1420,3097 1465,3094 1510,3091 1554,3088 1599,3088 1644,3088 1689,3085 1733,3085 1778,3079 1823,3079 1868,3076 1912,3076 1957,3073 2002,3073 2047,3070 2092,3067 2136,3064 2181,3061 2226,3058 2271,3055 2315,3052 2360,3052 2405,3052 2450,3049 2494,3046 2539,3046 2584,3046 2629,3046 2673,3043 2718,3043 2763,3038 2808,3035 2852,3032 2897,3029 2942,3026 2987,3026 3032,3026"/>
                <TextEquiv>
                    <Unicode>fängerin. Und die haben sie nach Hamburg engagiert</Unicode>
                </TextEquiv>
            </TextLine>
            <TextLine id="tr_1_tl_27" custom="readingOrder {index:26;}">
                <Coords points="612,3318 2645,3202 2796,3295 2857,3137 618,3212"/>
                <Baseline points="632,3288 668,3285 713,3282 758,3282 802,3282 847,3276 892,3276 937,3273 981,3273 1026,3273 1071,3267 1116,3264 1160,3261 1205,3258 1250,3255 1295,3252 1339,3249 1384,3249 1429,3249 1474,3246 1519,3246 1563,3246 1608,3243 1653,3243 1698,3240 1742,3240 1787,3234 1832,3232 1877,3232 1921,3229 1966,3229 2011,3226 2056,3223 2100,3223 2145,3220 2190,3220 2235,3220 2280,3220 2324,3217 2369,3214 2414,3211 2459,3205 2503,3202 2548,3205 2593,3199 2638,3199 2682,3199 2727,3196 2772,3193 2817,3193 2861,3190"/>
                <TextEquiv>
                    <Unicode>und mich nach Innsbruck mit neunzig Gulden Gage</Unicode>
                </TextEquiv>
            </TextLine>
            <TextLine id="tr_1_tl_28" custom="readingOrder {index:27;}">
                <Coords points="1115,3369 1150,3369 1198,3334 1218,3353 1288,3360 1346,3337 1385,3350 1501,3331 1591,3363 1595,3266 1562,3257 1430,3257 1408,3276 1295,3260 1211,3295 1163,3270 1121,3279"/>
                <Baseline points="1137,3327 1154,3330 1199,3324 1244,3324 1289,3315 1333,3312 1378,3312 1423,3312 1468,3312 1513,3309 1557,3303 1602,3303"/>
                <TextEquiv>
                    <Unicode>nen muntrücke</Unicode>
                </TextEquiv>
            </TextLine>
            <TextLine id="tr_1_tl_29" custom="readingOrder {index:28;}">
                <Coords points="647,3466 1076,3431 1214,3511 1855,3395 2071,3485 2490,3489 2680,3444 2690,3212 2303,3321 651,3379"/>
                <Baseline points="665,3437 677,3437 722,3437 766,3437 811,3434 856,3434 901,3431 946,3431 990,3428 1035,3428 1080,3425 1125,3423 1169,3420 1214,3417 1259,3417 1304,3414 1348,3414 1393,3408 1438,3408 1483,3408 1527,3408 1572,3402 1617,3399 1662,3393 1707,3393 1751,3393 1796,3390 1841,3387 1886,3384 1930,3384 1975,3384 2020,3381 2065,3378 2109,3375 2154,3375 2199,3372 2244,3372 2288,3369 2333,3369 2378,3369 2423,3366 2468,3363 2512,3360 2557,3360 2602,3357 2647,3357 2691,3351"/>
                <TextEquiv>
                    <Unicode>monatlich Und jede Woche zwei neue Rollen.)</Unicode>
                </TextEquiv>
            </TextLine>
            <TextLine id="tr_1_tl_30" custom="readingOrder {index:29;}">
                <Coords points="609,3634 2171,3566 2207,3476 1698,3505 1501,3415 1173,3530 953,3444 615,3466"/>
                <Baseline points="626,3593 644,3593 689,3596 734,3593 778,3593 823,3590 868,3590 913,3590 957,3587 1002,3584 1047,3584 1092,3578 1137,3575 1181,3578 1226,3575 1271,3572 1316,3569 1360,3572 1405,3569 1450,3563 1495,3560 1539,3557 1584,3557 1629,3554 1674,3551 1718,3551 1763,3551 1808,3548 1853,3548 1898,3545 1942,3545 1987,3542 2032,3539 2077,3536 2121,3533 2166,3533 2211,3530"/>
                <TextEquiv>
                    <Unicode>Josefa: Das ist ja nur der Anfang.</Unicode>
                </TextEquiv>
            </TextLine>
            <TextLine id="tr_1_tl_31" custom="readingOrder {index:30;}">
                <Coords points="1169,3672 1214,3685 1401,3650 1482,3669 1617,3617 1649,3643 1752,3640 1759,3566 1607,3556 1479,3595 1369,3566 1260,3601 1176,3601"/>
                <Baseline points="1187,3652 1226,3652 1271,3649 1316,3646 1360,3643 1405,3640 1450,3637 1495,3628 1539,3625 1584,3619 1629,3616 1674,3613 1718,3613 1763,3613"/>
                <TextEquiv>
                    <Unicode>in theajorties.</Unicode>
                </TextEquiv>
            </TextLine>
            <TextLine id="tr_1_tl_32" custom="readingOrder {index:31;}">
                <Coords points="631,3808 2896,3724 2941,3611 638,3692"/>
                <Baseline points="653,3748 662,3751 707,3751 752,3751 796,3748 841,3751 886,3748 931,3748 975,3748 1020,3751 1065,3748 1110,3745 1154,3742 1199,3739 1244,3736 1289,3736 1333,3733 1378,3730 1423,3727 1468,3724 1513,3721 1557,3721 1602,3721 1647,3718 1692,3718 1736,3718 1781,3715 1826,3712 1871,3709 1915,3706 1960,3703 2005,3700 2050,3700 2094,3697 2139,3694 2184,3697 2229,3694 2274,3694 2318,3694 2363,3691 2408,3691 2453,3688 2497,3685 2542,3682 2587,3682 2632,3682 2676,3679 2721,3679 2766,3679 2811,3676 2855,3676 2900,3673 2945,3670"/>
                <TextEquiv>
                    <Unicode>Lili: No ja, schön und im nächsten Jahr kommt dann</Unicode>
                </TextEquiv>
            </TextLine>
        </TextRegion>
    </Page>
</PcGts>
