3464 4168
2650 305 2792 516 23
699 445 1758 661 Milch getrunken, Gusti?
729 631 1263 833 Gusti : Oje.
741 753 3059 981 Josefa: Also schau. Du hast deider Mutter verspro-
735 925 2896 1177 chen eineinhalb Liter täglich zu trinken. (dem
726 1100 1165 1301 Hause zu )
1034 1227 1334 1351 si de
744 1218 3035 1405 Gusti: Sehen Sie, Doktor, die gibt Obacht auf mich.
1322 1387 1464 1485 dir
735 1372 2824 1583 Ob Ihnen sonas je gelofallen würden,-dass ich
732 1559 2946 1740 meine Milch noch nicht eingenommen hab? Und Sie
753 1683 1731 1793 sind doch ein Doktor.
738 1707 2730 1882 Vincenz: Wie von einer Medizin reden Sie.
1076 1849 1387 1950 Ciugium
741 1838 2899 2069 Felix: Aber Gusti.Sie haben mir ja versichert,
765 2021 3017 2190 dass Sie schon vor dem Weggehen um halbsechs Uhr
753 2143 2300 2371 Früh Ihre Milch getrunken haben.
2454 2226 2691 2368 mich
765 2335 3053 2481 Gusti: No_ja, das hab ich Ihnen doch sagen müssen.
782 2418 3082 2688 (zum Kaplan) Sonst hätt er mich is auf dem ganzen
774 2641 1351 2816 Weg sekiert.
771 2718 3156 3005 Vincenz: Sekieren; das ist auch eine Art von Obacht-
777 2982 1094 3139 geben.
788 3062 2934 3325 Felix: Es ist doch direkt unlogisch von Ihnen,
782 3245 2481 3435 Fräulein Gusti, wenn Sie einerseits -
785 3432 3005 3681 Gusti: (sich niedersetzend) Also, wenn Sie so an-
