4115 5832
1151 1123 3529 1386 Mutter, die natürlich mir die S schuld geben müs-
1166 1319 3306 1569 sen. Und von denen ganz abgesehen) ich selber,
1172 1496 3486 1719 meine Stellung. Am nächsten Tag müsst ich ja auf
1175 1630 3391 1841 und davon. Eine junge Schauspielerin, die sich
1190 1780 3544 2042 aus Wien einen Schulbuben mitbringt. Janohl, einen
1197 1969 3303 2201 Schulbuben. Wenn man's nicht wüsst - - könnt
1206 2131 3342 2338 sich ein erwachsener Mensch denn überhaupt so
1218 2289 3636 2457 benehmen? Ein erwachsener Mensch weiss, dass er sich
1221 2393 3541 2634 vor allem ritterlich zu benehmen hat, dass er eine
1224 2576 3043 2799 junge Dame nicht kompromittieren darf.
1221 2683 3642 2927 Eduard: Aber der Doktor, der darf dich kompromittie-
1224 2976 1447 3104 ren.
1206 3037 3648 3257 Lili: Was heisst das? Was geht dich denn der Doktor
1239 3294 1416 3397 an.
1248 3364 3117 3535 Eduard: Der darf nach Innsbruck fahren.
1245 3498 3629 3745 Lili: Du, Eduard (ich hab dir keine Rechenschaft ab-
1316 3660 3571 3919 zulegen.) Ich sagidir’ zum letzten Mal, noch ein
1276 3806 3730 4008 Wort über den Doktor und wir sind geschiedene Leute.
1279 3935 3660 4173 Der Doktor wird so wenig nach Innsbruck kommen wie
1407 4002 1627 4084 Lur
1270 4093 3703 4362 du oder irgend wer anderer. Ich hab was G'scheidte-
