3336 4136
959 451 2258 635 dir, du Liebe, meinen Grus
862 756 2844 945 Oh Gott, ich hab ein Unglück ahndend He
1072 889 2815 1094 däucht, ich sich dich, da du unten b
859 935 1035 1105 Mir
1083 1062 2728 1288 lägst du tot in eines Grabes Tie
864 1072 1045 1256 Als
864 1210 3036 1445 Mein Auge trügt mich oder du bist bleich.
878 1399 1245 1613 Wduard:
821 1532 2898 1702 „So,Liebe,scheinst du meinen Augen auch.
878 1686 2882 1883 Der Schmerz trinkt unser Blut. Leb wohl
2474 1791 2952 1980 Leb wohl!
905 1918 2955 2177 (er schwingt sich über den Zaun und ver-
875 2112 1426 2307 schwindet)
900 2220 2820 2445 Lill. Eduard! Jetzt musst du ja noch
891 2418 2920 2593 die Gräfin Capulet machen,meine Mutter.
924 2499 2931 2777 (zum Zaun) Eduard ist nicht mehr zu se-
886 2715 2923 2931 hen.) So ein verrückter Bub, (wieder zu-
897 2844 2847 3061 rück in den Garten. Sie deklamiert wei
924 3044 1113 3239 ter)
924 3158 3036 3323 „O Glück ein Jeder nennt dich unbeständig
910 3309 2998 3501 Wenn du es bist,was tust du mit dem Treu
940 3452 2998 3733 Sei unbeständig Glück dann hältst du ihn
