3400 4216
2684 347 2815 551 94.
1348 395 2180 599 Nicht ist die Contract seit
725 509 2950 701 eingefallen. Grad das Gegenteil hab ich gesagt.
734 677 1863 857 Ich weiss noch sehr gut.
722 821 2974 1066 Eduard: Neulich, ja. Aber heute Früh,wie wir mit-
728 976 3016 1177 einander korrepetiert haben, hast du gesagt: viel-
734 1117 2797 1330 leicht wirst du doch noch ein Schauspieler.
731 1318 2920 1471 Lili: Es gibt ja auch Schauspieler ohne Talent.
713 1453 2845 1638 Eduard: (Aber so hast du es nicht gemeint. Und
722 1644 2854 1797 übrigens das entscheidet sich ja erst mit der
2082 1734 2375 1842 manse
710 1788 3067 1938 Zeit. Im Anfang ist man halt (ein verkanntes Genie.
1863 1890 2660 1998 défait tout une
713 1959 3061 2108 Und überhaupt ist es egal. (plötzlich) Ich will
940 2040 1710 2138 du militaire je d'ai en
2450 2049 2995 2168 in dem her.
707 2064 2651 2252 dort sein,wo du bist. (Ja,dort wo du biet.)
701 2213 3103 2423 Eili; (erschreckt, aber noch scherzhaft) Sehr
2480 2357 3040 2552 untergeschreppt
704 2408 1393 2573 schmeichelhaft
2252 2453 2453 2579 Sir Ra
1689 2483 2079 2618 dut deux
1201 2504 1459 2609 kunt
701 2573 2360 2725 Eduard: Empfiehl mich dem Direktor.
701 2666 2453 2908 Lili: Als Zettelausträger vielleicht?
701 2824 2959 3040 Eduard: Meinetwegen,wenn's nicht anders geht, für
692 2983 2824 3178 den Anfang als Zettelausträger, Aber ich will
698 3136 2785 3330 dort sein wo du bist, (sonst, halt ich's nicht
695 3286 2938 3474 aus. Ich muss dort sein,wo du bist und ich werd
692 3486 1414 3693 auch dort sein.
422 3807 1015 4031 & in -
