3352 4120
722 528 2869 781 Offizier: Also, ich übernehme die Garantie, mein
710 752 3102 987 Fräulein, wenn ich überhaupt in der Lage sein sollte
722 925 3015 1154 es wird auch dafür gesorgt sein, dass meine Kamera
707 1056 963 1247 den —
704 1211 2810 1432 Gusti: Sie werden schon in der Lage sein. Ich
701 1423 2965 1611 hab's im Gefühl. Sie werden schon nach Innsbruck
948 1500 1190 1608 Herber
695 1545 1637 1751 transferiert werden.
704 1679 3051 1921 Offizier: Jedesfalls will ich diese Begegnung hier
2610 1810 2759 1900 him
2311 1813 2520 1912 erwilt
2839 1807 3066 1939 Repr
689 1858 2953 1983 als gute Vorbedeutung nehmen. Ich möchte nämlich
1730 1962 2103 2064 wk nun
686 1986 2944 2207 absolut nicht nach Galizien (zurück) ich liebe die
689 2168 2893 2386 Tiroler Berge, überhaupt die Natur. Und ganz be-
689 2285 2908 2529 sonders liebe ich Innsbruck seit ich weiss, dass
686 2461 2965 2678 ich die Hoffnung hätte dort einem Wesen zu begeg-
677 2586 2980 2854 nen, wie Sie,Fräulein, Fräulien - wie ist der werte
671 2753 1306 2947 Name gewesen?
680 2905 1721 3138 Gusti: Gusti Pflegner.
680 3111 2947 3293 Offizier: (vor sich hin) Gusti. Ein wunderschöner
680 3257 2914 3454 Name. (Also, ich werde jetzt alles dransetzen,ich
674 3376 2932 3618 werde beim Generalkommando - jetzt.jetzt bekommt
656 3522 2795 3785 nämlich mein Leben - mein leben in Innsbruck
