3352 4120
2613 294 2710 515 7
640 512 1904 728 geht gegen die Veranda zu)
640 637 2671 925 Josefa: (Bleibtsitzen) Wie gehts der Mutter?
640 922 1958 1088 Die kleinere: Küss die Hand.
1288 988 1600 1103 que lut.
658 976 2883 1197 Die ältere: Sie hat noch g'schlafen,wie wir weg-
2504 1112 3098 1273 Wagem Kind
661 1203 1331 1367 gegangen sind.
1940 1225 2986 1370 dreißen Ihr konnte etc
1464 1222 1652 1400 hint
655 1322 3025 1507 Josefa: Ward Ihr schon weit hand
2507 1391 2995 1497 P. d'unter¬
649 1464 2916 1655 Die ältere: Man muss die Zeit nach benützen. Der
1710 1604 1828 1688 hi
664 1625 2889 1773 Sommer is eh so kurz. Heut in acht Tagen müssen
670 1782 2216 1937 wir schon drin sein in der Stadt.
673 1895 2971 2158 Josefa. Aber Wir doch auch-schon wegen der Schul.
1619 2061 1976 2155 Miese d
676 2070 3110 2249 Die ältere: Richtig, der Herr Eduard geht ja auch xxxj
676 2292 1297 2392 in die Schul.
694 2364 2855 2589 (Vincenz kommt wieder, den Ueberzieher über dem
691 2628 879 2746 Arm
694 2655 2986 2883 Die jüngere: Einen schönen Gruss an Herrn Eduard.
700 2862 2295 3065 Vincenz: (lachend) An Herrn Eduard.
694 3001 2073 3165 Die kleinere: Kiiss die Hand.
703 3134 2949 3334 Josefa: (ihnen nachrufend) Grüsst mir die Mutter.
728 3331 2958 3501 (zu Vincenz) Bei der Temperatur den Ueberzieher?
715 3444 2977 3686 Vincenz: Ich trau heut dem Wetter nicht. Und wenn
