3448 4248
675 356 2851 603 Nun, som kile dit, de veut allé... Il s'il y ait
2561 487 2692 666 96
600 513 2240 684 de telts leurs et paris faud. un de-t-il je
643 658 1286 846 mich umbring.
693 759 2892 1055 Lili: Aber eine Gemeinheit gegen deine Eltern.
658 907 2984 1133 Eduard: Möglich, aber es schafft dir ja niemand,
678 1101 2669 1278 dass du's der Mutter erzählst. Wenn du ihr
678 1258 2912 1443 nichts sagst schiess ich mich ja nicht tot J Häng
2301 1284 3106 1492 E, in un j'a post Pape
701 1437 2779 1625 ja alles bloss von dir ab,alles. Ich will ja
1988 1539 2162 1625 obi
695 1484 3022 1750 sehr gern leben, aber nicht wo anders als du. nicht
701 1721 2683 1930 ohne dich. Ich halt’s nicht aus ohne dich)
710 1875 3028 2063 Lili: (ängstlich) So komm doch zur Besinnung, (sie
713 2037 2854 2208 nimmt seine Hände, besser sie streichelt seine
710 2208 2903 2359 Wangen) Sei doch g'scheidt, (es geht doch nicht.
719 2338 2947 2544 Wie stellst du dir denn das vor. Wenn du - wenn
727 2501 2941 2692 du wenigstens mit der Schult schon fertig wärst.
733 2643 2929 2854 Eduard: Die achte Klass kann ich schliesslich
1912 2744 2674 2863 mir nicht – haben wird
745 2787 3068 2990 auch in Innsbruck machen. Man kann dort Lektionen
301 2918 643 3080 (Uilsche
756 2947 3054 3167 geben, wenn du mich nicht gleich im Theater unter-
388 3060 675 3208 in mir
756 3138 1153 3323 bringst.
800 3260 3013 3526 Lili Und dein Vater - du glaubst,er wird dich
765 3419 2816 3613 so einfach dort lassen Und an mich,an mich
768 3535 3005 3807 denkst du überhaupt nicht? Kein Vater und de###
310 3581 548 3749 Mir a
310 3732 490 3880 -d
