4152 5848
1158 956 3326 1192 tien, som kale dit, de veut aller. Il s'il y soit
1077 1115 2621 1313 de tilslwos it kein sich. we did it j
1115 1302 1768 1469 mich umbring.
1181 1394 3378 1653 Lili: Aber eine Gemeinheit gegen deine Eltern.
1149 1457 3473 1774 Eduard: Möglich, aber es schafft dir ja niemand,
1149 1702 3156 1921 dass du's der Mutter erzählst. Wenn du ihr
1166 1840 3427 2048 nichts sagst schiess ich mich ja nicht tot.)Hängt
2768 1866 3597 2033 Et en un j'ai pop temps.
1175 2039 3275 2220 ja alles bloss von dir ab,alles. Ich will ja
2474 2128 2701 2220 obse
1189 2120 3493 2379 sehr gern leben, aber nicht wo anders als du nicht
1195 2275 3214 2523 ohne dich. Ich halt's nicht aus ohne dich.)
1207 2428 3508 2730 Lili: (ängstlich) So komm doch zur Besinnung. (sie
1204 2621 3335 2863 nimmt seine Hände, besser sie streichelt seine
1215 2773 3433 2972 Wangen ) Sei doch g'scheidt, (es geht doch nicht.
1215 2923 3439 3102 Wie stellst du dir denn das vor. Wenn du - wenn
1221 3079 3439 3306 du wenigstens mit der Schul schon fertig wärst.
1247 3228 3439 3468 Eduard: Die achte Klass kann ich schliesslich
2411 3318 3177 3444 Mr m. t- Jel in abd
1253 3370 3563 3603 auch in Innsbruck machen. Man kann dort Lektionen
1259 3545 3548 3779 geben, wenn du mich nicht gleich im Theater unter-
878 3557 1135 3675 Ustsohn
887 3666 1166 3781 Wun
1270 3773 1665 3951 bringst.
1302 3851 3491 4101 Lili Und dein Vater - du glaubst,er wird dich
1287 4006 3326 4248 so einfach dort lassen. Und an mich,an mich
1282 4141 3505 4395 denkst du überhaupt nicht? Dein Vater und deine
818 4248 1048 4375 Nura
867 4352 1060 4461 ob-
