3384 4136
723 594 3014 767 hat sie. Was stellst du dir denn eigentlich vor¬
217 600 696 790 are to in it.
164 732 682 866 mängl. ich die
749 694 2923 933 Hast du denn eine Ahnung, was für eine spiesige
161 819 653 951 has had at.
755 922 2836 1103 Person die Josefa ist.) Wenn die wüsste, wie's
167 925 664 1051 te. Ich ihnen
176 1018 612 1153 sont
767 1001 3011 1244 zwischen uns steht, sie wär imstand und spdierte
217 1115 571 1267 Kasten
170 1217 562 1343 M r in it
752 1209 2201 1390 mich direkt zur Mutter hinein.
190 1305 620 1466 vom ügerecht
755 1343 3084 1554 Felix: (plötzlich wieder lauschend) Jetzt ist er's
170 1390 398 1513 R.1.
173 1507 617 1645 Mr nivet
761 1530 1425 1697 aber wirklich.
181 1636 691 1791 Kilderxx
767 1662 2938 1846 Gusti: Jetzt dauert's noch drei Minuten bis er
255 1741 594 1908 N. W.
758 1823 3073 2025 da ist. Zuerst hält er noch bei der Villa Fällen-
173 1870 588 2048 nicht –
781 1949 2733 2201 böck, wo der Herr von Fallenböcke einsteigt.
155 2007 606 2171 4 idub.
138 2119 638 2277 re. Heil.
167 2244 638 2417 Meiner 16.
764 2282 1961 2481 Eduard kommt. Gusti, Felix.
252 2359 515 2540 som
770 2432 2139 2639 Eduard: Na, bin ich pünktlich?
770 2599 2280 2774 Gusti: Wie eine Uhr, die vergeht.
767 2730 3026 2938 Felix: Ja, ich muss mich jetzt leider verabschie-
781 2903 1706 3090 den, Fräulein Gusti
770 3014 2985 3236 Gusti: (humoristisch) Also, Herr Doktor, ich danke
767 3204 2950 3400 nochmals für den freundlichen Besuch und hoffe
793 3365 2651 3558 sehr bald wieder das Vergnügen zu haben,
778 3512 3128 3749 Felix:/ungeschickt auf den Ton eingehend) O bitte,
