3384 4120
2428 295 2553 396 25
597 372 2784 685 Gusti: Ich kann aber nimmer. Und da steht einer,
609 548 2848 819 der ist durstiger wie ich, Gefällig, Junger Herr?
621 795 1758 1024 (reicht Eduard das Glas)
609 874 2809 1176 Eduard: (hat sie die ganze Zeit fast ununterbro-
624 1063 2087 1334 chen angestarrt, leert das Glas)
621 1194 2449 1490 Felix: (steht mit gerunzelter Stirne da)
649 1417 1791 1575 Gusti: Hat's g'schmeckt?
640 1544 1739 1794 Eduard: Danke, Sehr gut.
652 1605 3101 1889 Vincenz: (auf die Uhr sehend) Jetzt ist aber wirklich
661 1776 2824 2044 höchste Eisenbahn. Kommen Sie mit, Herr Doktor?
667 1986 2967 2230 Felix(auf die Uhr sehend) Donnerwetter! Wenn man
676 2096 2882 2364 noch zu Fuss xxxx hinunter will zur Station
691 2288 2943 2486 Gusti: Aber das will man doch gar nicht. Das will
2763 2364 2967 2464 sip
1432 2419 1822 2531 a à part.
688 2455 2970 2629 nur der Meister, Professor Fradel-wegen dem Mager-
707 2553 3086 2790 werden. Sie fahren mit dem Omnisbus wie gewöhnlich,
1282 2608 1404 2693 Mr
716 2699 2918 3016 der fünf Minuten vor neun hier vorbeikommt und
728 2888 3013 3135 eine Viertelstunde lang erweisen Sie mir noch das
725 3089 2084 3278 Vergnügen Ihrer Gesellschaft,
2379 3107 2796 3241 by the state
749 3211 3183 3442 Vincenz: Also dann auf Wiedersehen auf der Bahn, Herr
743 3333 2809 3582 Doktor. Begleitest du mich ein Stück, Josefa?
768 3503 3205 3771 Josefa: Ich sowieso im Markt drin zu tun. (für einen
