3368 4136
923 384 2239 565 Vom solli wenigsten nicht
715 531 2836 715 Vincenz: Aher meine Schuld soll's nicht sein.
1797 620 2423 724 loup de façon
2735 594 2983 695 cherle
736 692 2989 828 (Der Briefträger kommt xxx grüsst, geht vorbei
2374 819 3070 955 Auslöbung, —
724 865 1965 961 Vincenz: Gar Hix für mich?
727 969 2366 1128 Briefträger; Nichts, Herr Professor.
736 1096 3026 1284 Josefa: Und für's Fräulein P Pfligner auch nichts?
782 1295 2565 1451 Briefträger: Gar nix hab ich heut. (ab
1425 1376 2582 1509 Joal.  M sen Vol
750 1434 3003 1584 Vincenz: Vielleicht find ich in Wien was von der
1696 1532 2524 1644 (doch noch
306 1569 488 1670 Lig
747 1601 2974 1780 Exzellenz. Und Mögl ich, dass er selber nach
199 1650 586 1769 Mr diei!
747 1769 3064 1898 Wien kommt sich das Relief im Atelier an-
213 1786 635 1933 Hormül
239 1898 444 2045 ihr.
756 1927 2155 2077 zusehen.) (er sieht auf die Uhr
750 2080 2475 2253 Josefa: (Hast schon noch Zeit, Vincenz
762 2227 1806 2389 Vincenz: Viertelnenn.
765 2377 2697 2519 Josefa: Kannst ja mit dem Omnibus fahren.
770 2539 3073 2648 Vincenz: Mit dem Rumpelkasten-Gott behüt. Ausser-
2493 2608 2957 2718 Rein toir
975 2628 2158 2752 not of him in
773 2697 2928 2824 dem ist's gesund für mich zu gehen.
1330 2772 2144 2882 Somme a été reconné
2354 2775 3096 2873 the son Bewy iust.
796 2856 2914 2980 (Zwei junge Mädchen, beinahe Kinder von 14 und
785 3003 2692 3130 15 Jahren, nett gekleidet,vorbei am Zaun
782 3165 2397 3298 Das ältere Mädchen: Guten Morgen,
788 3332 2037 3488 Das andere: Küss die Hand.
796 3459 3026 3644 Vincenz: Grüss Gott, Kinder. (er ist aufgestanden
2830 3531 2957 3667 Von
