3352 4136
1136 535 1235 695 au
584 587 2258 852 Gusti: Es +ist niemand zahaus. gent.
602 625 2935 979 Felix: Es war nicht deswegen. (wie lauschend) Ich
1875 933 2008 1061 G.C.F.P.
610 997 953 1125 glaub -
639 1070 2793 1319 Gusti: Das kann noch nicht der OOmnibus sein.
645 1203 2709 1485 (läuft nach rückwärts, sieht nach einer Seite
631 1354 2906 1564 Der Wagen vom Doktor. (wieder zurück oder Beide
677 1503 2834 1744 jetzt beim Zaun und sich dann wieder nach vorn
668 1718 1209 1962 spielend)
666 1802 2886 2110 Felix: In fünf Minuten ist er da. In fänf Minister-
686 1921 2866 2180 ten bin ich wieder fort und man hat eigentlich
680 2156 2488 2351 wieder gar nichts miteinander geredet.
689 2261 2927 2569 Gusti: Na,man muss ja nicht immer reden.-Es war
698 2473 2313 2627 doch ganz schön unser Spaziergang.
2775 2444 2993 2592 sich
700 2546 3043 2793 Felix: Aber acht oder vierzehn Tag muss man
724 2741 2793 2950 wieder an der Erinnerung genügen lassen.
2186 2845 2331 2941 to
732 2819 2726 3142 Gusti: (zärtlich) So bleib doch da.
747 3049 1904 3287 Felix: Es geht ja nicht.
756 3223 2921 3499 Gusti: Es wird auch ohne dich gehen im Spital,
761 3357 2932 3627 einen Tag lang.Es könnte ja auch der Zug ent-
