3416 4152
176 429 527 599 31.3.1928.
2473 415 2601 644 28
689 599 1254 870 Felix, Gusti.
689 783 1661 1045 Zuerst kleine Pause.
691 928 2762 1107 Felix: (nicht heftig) Es war jedesfalls sehr
700 1043 2866 1274 dringend sich zu erkundigen,wie lange der Herr
694 1224 2311 1433 Leutnant sich hier aufhalten wird.
700 1330 2877 1569 Gusti: Also jetzt ist er auf einen Leutnant ei
719 1544 2846 1739 fersüchtig, den ich überhaupt noch nie gesehen
719 1703 2609 1896 hab (und wahrscheinlich nie sehen werde.)
725 1829 2893 2035 Felix: Wenn der Herr Kaplan erzählt hätte, dass
739 1976 2735 2177 eine alte Tant heut zu ihm zu Besuch kommt,
736 2138 2977 2333 hättest du sicher nicht gefragt,wie lang sie da-
753 2319 1388 2512 bleiben wird.
764 2428 2974 2640 Gusti: Ja, ich bin offenbar eine ganz verworfene
1171 2595 2113 2874 Sas heb ich nicht gesagt.
772 2709 1121 2824 Person.
764 2771 2882 3047 Felix: Sei kein—Ktid, aber weil wir grad davon
769 3024 1109 3125 reden -
780 3072 2141 3292 Gusti: Von der Verworfenheit.
778 3217 2905 3423 Felix: Also du wirst mir doch zugeben, dass es
778 3370 2946 3618 nicht richtig ist, wenn
800 3554 3024 3763 eine junge Dame einen jungen Mann aus ihrem Glas
