3384 4120
2470 373 2617 492 18
715 503 2507 738 tes Leben, das so ein K-ünstler führt.
718 650 2843 896 Vincenz: Ja es bringt wohl auch manche Unruhe
707 837 2838 1029 mit sich, äusserlich und innerlich, Vielleicht
715 1003 2558 1210 mehr als die ganze Geschichte wert ist.
718 1105 2795 1357 Kaplan: Nun, was die das Unruhe anbelangt, we-
726 1272 2840 1518 nigstens die innere,- ich glaube, jeder Beruf,
735 1461 2852 1631 wenn man ihn ernst nimmt, bringt einige Unruhe
777 1625 2086 1778 mit sich.- wenstens immer
740 1738 2942 1944 Vincenz: Aber U  nterschiede gibt’s, Hochwürden.
743 1899 2643 2100 Ein Beruf,wie der Ihre zum Beispiel, dazu
749 2083 3018 2258 an einem so stillen Fleck Erde und wenn man sich
755 2236 2968 2388 nicht gerade am politischen Getriebe beteiligt,
2462 2303 2761 2402 manche.
766 2385 2838 2578 wie es bei Ihren Heeren Amtsbrüdern (der Fall
786 2538 1272 2719 se in soll,
817 2693 2843 2877 Kaplan: Damit befass ich mich ja allerdings
229 2770 673 2970 his will.
777 2821 2708 3001 nicht; aber trotzdem man solltes gar nicht
229 2934 636 3112 dès leurs
777 2970 2951 3171 glauben,wie viel es selbst an einem so stillen
240 3041 724 3284 princile.
791 3109 2801 3304 Fleck Erde zu tun oder wenigstens zu sorgen
1422 3261 1679 3358 man
789 3324 2798 3485 gibt! Und zuweilen ist es ganz erstaunlich,
1430 3425 1682 3524 reunly
789 3468 2888 3654 wenn man ein Menschenkind, das in grosser Ver-
805 3618 2869 3821 wirrkung zu einem kam verhältnismässig beru-
803 3790 2773 3971 higt wieder in die Welt geschickt hat, - was
