3384 4120
2568 317 2710 540 26
723 439 2010 659 Augenblick ins Haus hinein)
723 619 2972 901 Vincenz: (zu Eduard) Kannst auch ein Stückel mit-
703 747 1127 915 kommen.
706 909 3018 1142 Gusti: Aber pünktlich um zehn hat er wieder da zu
709 1072 956 1194 sein.
694 1206 1819 1400 Vincenz: (etwas erstaunt )
683 1371 2417 1589 Felix: (hat zusammengebissene Lippen )
677 1540 3012 1734 Gusti: Er muss mich nämlich meine Rolle überhören.
671 1665 2992 1891 Vincenz: Soso no ja, dann freilich -ädieu,Fräulein
668 1836 967 1970 Gusti.
659 1926 2315 2187 Gusti: Auf Wiederschauen am Abend...
1084 2106 1371 2202 Sraffindly
645 2115 1877 2298 Vincenz: Adreu, Hochwürden.
639 2272 2827 2461 Kaplan: Ja, ich muss jetzt auch - Freilich, mein
630 2437 2251 2629 Weg führt nach der anderen Seite.
633 2600 2879 2786 Josefa: (ist wieder erschienen mit einer Marktta-
622 2757 1441 2920 sche und mit Hut)
607 2917 2737 3140 (Vincenz, Josefa, Eduard ab nach links durch die
619 3056 2914 3288 Gartentür.Kaplan wird von Felix und Gusti zur
601 3198 1328 3393 Türe begleitet)
601 3390 2786 3567 Kaplan: (zu Felix) Man hat wohl noch einmal das
596 3532 2472 3759 Vergnügen Sie hier zu sehen Herr Doktor?
