3400 4168
708 518 2565 845 bleibt am Gitter stehen, sieht ihr nach.
753 769 2694 1032 Kathi macht auf der Veranda Ordnung. Lilt
803 929 2884 1178 plötzlich wieder fahrig ins Haus, bleibt eine
769 1069 2921 1343 ganz kurze Weile, kommt zurück mit einer Brief-
778 1253 2722 1497 papierschachtel, einer Tintenflasche, einen
767 1388 2898 1648 kleinen Mappe, sie setzt sich an den Tisch und
789 1561 3002 1748 bereitet sich alles zum Schreiben vor, Federstil
794 1712 2786 1958 in den Mund wie ein Schulmädel, ein Wind hat
800 1855 2935 2118 sich erhoben, Briefpapier fliegt auf den Boden,
792 2037 2839 2221 sie hebt es wieder auf, Blick zum Himmel, das
786 2168 3013 2386 Wetter beruhigt sich wieder vorläufig Sie geht
806 2342 2859 2532 noch rasch in das Haus zurück, holt sich ein
820 2448 3049 2702 Cape. (Dies könnte auch bei der Hängematte sein)
817 2627 3072 2907 Satzt sich wieder hin und beginnt zu schreiben.)
