3352 4136
709 458 2541 674 Aberich bitte Sie, Herr Leutnant, sich ja
715 605 2827 818 nicht zu verplauschen, auch Ihrem Herrn Bruder
732 813 1501 983 gegenüber nicht.
1201 913 2844 1138 Fräulein gehen wahrscheinlich gegen
743 974 1178 1109 Offizier:
749 1069 2662 1308 den Willen der Herren Eltern zum Theater?
735 1170 2956 1438 Gusti: Es ist nicht das.Herr Leutnant - es sind
746 1420 1516 1602 halt Umstände...
758 1539 2945 1720 Offizier: Keineswegs werde ich ermangeln Ihrem
2533 1605 2821 1709 dert bleiben
764 1654 3083 1896 Debut beizuwohnen, Fräulein,wenn ich transferiert
1227 1815 1812 1948 dépollt.
778 1824 2867 2049 werden - (anderer Ton) oder nicht anderweitig
801 2037 2386 2187 verhindert sein sollte.dienstlich.
789 2135 2965 2374 Gusti: Das täte mir leid, Siegapplaudieren sehr
810 2296 3031 2515 talentvoll. Es wäre doch ein beruhigender Gedan-
818 2440 2994 2682 ke.wenn bei meinem ersten Auftreten mindestens
833 2576 3083 2815 einer im Theater sässe, auf dessen Wohlwollen ich
2043 2714 2247 2841 knt
821 2760 2948 3002 mit einiger Wahrscheinlich rechnen könnte. Sie
827 2875 3089 3158 haben nämlich keine Ahnung, Herr Leutnant, was für
836 3048 3063 3270 Angst ich manchmal habe. Schon zehnmal habe ich
853 3218 3069 3432 denselben Traum gehabt, dass ich spiele, ich gehe
861 3400 2366 3622 ab und es rührt sich keine Hand.
