3384 4168
618 575 1424 838 Eduard: (zuckt die
644 800 1134 994 herunter).
644 946 1601 1159 Lilf: (schreibt immer
2510 906 2726 1199 Za um
2339 1020 2458 1208 zur
1652 1063 2302 1251 vorbei, langsam
658 1094 1595 1313 Eduard: (jetzt an ihm
669 1191 2598 1430 wollte er weggehen; plötzlich unbeherrscht
681 1339 2832 1578 du nicht bald fertig mit der Briefschreiberei?
818 1365 1199 1498 nicht schon
689 1467 2985 1769 Lifi: Was geht denn das dich an? die stellt sich
2658 1615 2906 1837 steht
704 1612 2624 1926 ärgerlicher als sie ist, nimmt Papier etc.
2396 1780 2487 1832 G.C.H.F.P
701 1843 2065 2065 aufmals wollte sie fortgehen)
718 1977 2638 2242 Eduard: Du bist doch nicht bös. Lili?
724 2137 2276 2379 Lill: Es ist zu windig heraussen.
1427 2256 1664 2353 in r
726 2259 2775 2538 Eduard: Lili.-ich könnt ja auf dich warten.
752 2481 1729 2695 Ll/1: (Blick) M.
752 2575 2923 2820 Eduard: Ich hätte nämlich was mit dir zu reden.
758 2718 2735 2997 Lili: Wird wohl-nichts so W ichtiges sein.
769 2857 2854 3174 Eduard: Es hat natürlich auch bis Abend Zeit
778 3062 2080 3270 Lass dich nur nicht stören.
818 3179 3003 3453 Lfli: Komischer Bursch. Netzt hast du mich natür
1649 3305 2809 3555 s dem Konzept gebracht.(
832 3418 1516 3621 lich schon ganz
846 3481 2957 3766 setzt sich wieder hin, schreibt rasch noch ein
