3400 4152
2362 308 2479 457 41
610 580 2817 762 Gusti: Was geht denn dich d'er Doktor an? Schau
598 655 2691 957 lieber, dass du bei der Nachprüfung in Latoik
601 921 1501 1091 nicht durchfliegst.
598 987 2960 1214 Eduard: Also mir g'fallt er gar nicht, dein Doktor.
652 1184 2796 1399 Gusti: Ich habe die Ehre. (sie wendet sich zu
2619 1357 3011 1522 tageblick
625 1378 903 1570 gehen)
616 1483 2972 1683 Eduard: (erwischt sie gerade noch beim Aermel) Also
631 1642 2990 1836 ich fang schon an (beginnt zu lesen) "Die Lerche -'
634 1737 2951 2006 Gusti: Ruhe, ich fang an, (zuerst etwas mechanisch
622 1949 3029 2159 in ihrer gewohnten leisen Dialektfärbung,dann immer
634 2099 2607 2350 reiner, freier und mit wirklicher Begabung)
