3352 4120
2589 368 2692 486 8
780 527 2250 689 ich abends in der Stadt bleib -
1393 627 1514 730 du
769 680 3036 828 Josefa (Heut wirst doch nicht in der Stadt blei-
1249 786 3069 981 A.M. zullot dei huit ce de Houtneuf
783 860 984 972 ben.
1393 878 2232 1043 I. wie die ist kurwert
227 934 616 1107 Nator was
777 937 3145 1187 Vincenz: Hoffentlich nicht. Wo ist denn eigentlich
227 1072 666 1199 inseruant de
1293 1084 2053 1213 I am in with us.
247 1166 722 1284 Coullers jure
786 1163 1313 1278 der Eduard?
1157 1237 1467 1352 Dient
300 1252 451 1437 1.
777 1293 2385 1478 Josefa: Aber längst auf und davon.
780 1446 2963 1623 Vincenz: Ich hab überhaupt gar nix von ihm am
783 1596 2995 1785 Land. Zum Frühstück könnt er doch wenigstens da
786 1788 2907 1873 sein. Und die Fräul'n Gusti, die schlaft wieder
783 1920 2759 2100 einmal bis in den helllichten Tag hinein.
783 2073 2995 2259 Josefa: (Aber was dir einfallt.) Um halbsechs ist
789 2185 2939 2418 sie aus dem Haus geflogen. Hast sie nicht ge-
786 2388 1037 2509 hört?
783 2553 1829 2724 Vincenz: Um halbsechs?
1587 2630 1805 2727 dit S.
775 2633 2963 2880 Josefa : Ne der Doktor ist doch da. Wenn der da
1358 2789 1788 2898 doll in it.
777 2827 3139 3036 ist (so klopft sie immer im"Straussen" um halbsechs
1826 2945 1911 3048 No
783 2948 2913 3189 ans Fenster bei ihm. (er wohnt parterre) und sie
783 3178 2120 3354 gehen, miteinander spazieren.
783 3272 2954 3502 Vincenz: Aber der Doktor muss doch auch in die
1523 3399 2197 3499 1 du Berrit
795 3460 2960 3649 Stadt hinein/mit dem Neunuhrzug spätestens auf
