3336 4136
2581 388 2709 591 34.
640 574 2872 817 Felix; (unbeherrscht) Du darfst nicht fort, abso-
648 719 2804 979 lut nicht. Du wirst in Wien ein Engagement be-
642 899 2741 1128 kommen. Es müsst doch mit dem Teufel zugehen
662 1031 2747 1273 wenn das nicht zu erreichen wäre. Und ist es
660 1216 2741 1447 nicht heuer, so wird’s im nächsten Jahr sein.
671 1342 2818 1570 Und du bleibst halt noch eine Saison in Wien,
682 1516 2641 1736 und studierst hier weiter-Kannst dann im
679 1696 2258 1879 nächsten Jahr umsomehr verlangen.
694 1856 2892 2016 Gusti: Du hast leicht reden, Felix. Ich kann der
2255 1927 2812 2033 in der Pusch
685 2018 2764 2178 Mutter nicht noch ein Jahr lang auf dem Hals
779 2153 1128 2267 lign
728 2127 2727 2395 sitzen. Siebenhundert Gulden hat die Mutter
702 2290 3003 2504 neulich bar hingelegt für ein paar Theaterfetzen.
717 2452 2926 2681 Felix: Warum hast denn so eilig,wo du doch
717 2612 2338 2804 nicht einmal ein Engagement hast?
731 2721 2941 2995 Gusti: Aber sie denkt halt immer, ich krieg noch
728 2901 2801 3143 eines. Das ist doch ihre ganze Hoffnung. Die
731 3063 2958 3263 alte Frau hat genug Sorgen und Kummer gehabt in
739 3203 2864 3437 ihrem Leben. Mein Bruder verdient noch keinen
754 3355 3018 3566 Groschen, ist heuer noch xx bei der Post Volontär
774 3506 2921 3823 jetzt ist ihr ganzes Sinnen und Trachten meine
