3368 4120
2639 326 2781 520 10
1394 366 2575 560 Mu komt je agel n'im
458 501 2818 683 Josefa: (rasch) Na, meine Sache ist es ja nicht mich
468 652 2729 880 darum zu kümmern,wie lang die Geschichte mit dem
2504 726 2864 855 n offentlent
471 840 2818 1012 Doktor dauern wird. (Und überhaupt -) Und deine erst
474 966 2787 1169 recht nicht.
2775 954 2981 1184 Tiam
2261 1037 2642 1163 Jahr Liffer
1264 1064 1624 1169 même
483 1111 2769 1289 Vincenz: Ich habsie (auch) nicht zu uns/eingeladen.
231 1074 418 1267 Mr
1803 1212 2661 1307 du Naire p lut plle.
209 1227 455 1344 a ee
480 1301 2639 1461 Josefa: Ich hab’s (ja hauptsächlich) wegen ihrer
188 1323 428 1446 she is
2246 1277 2953 1464 the will, but
197 1418 418 1538 ein
480 1437 2695 1615 Mutter getan. (Wegen meiner alten Freundin)
489 1557 2762 1732 Du glaubst ja gar nicht, wie dankbar sie uns ist).
492 1741 2849 1926 dass wir dem Mädel, ehe sie ins Engagement geht, den
492 1873 2821 2043 Somm eraufenthalt da heraussen spendieren. (Sie ha-
508 2033 2916 2221 ben es ja sehr knapp. Die Pension von dem Finanzrat-
498 2215 2815 2378 Vincenz: Sie hat sich auch wirklich gut erholt in
505 2375 2129 2559 den vier Wochendas muss man sagen.-
498 2470 2815 2701 Eduard: (kommt gelaufen.16jähriger hübscher Bursch
514 2689 2326 2861 Guten Morgen, Vater, guten Morgem, Mutter.
498 2846 2713 3009 Vincenz: (flüchtige, aber echte Zärtlichkeit) Wie
511 2901 2984 3125 schaust du denn aus? (Zum Auswinden) But de la Mone
2436 2999 2799 3132 self the
508 3159 2938 3304 Eduard: Ich komme auch sohen vom Katzenstein herun-
508 3292 2864 3452 ter? In fünfviertel Stunden hin und zurück. (Ein Re-
501 3455 2895 3624 kord, was? Vor acht Tagen hab ich noch fünfzig Minu-
