3336 4136
888 491 2824 731 Dein Fackelträger diese Nacht zu sein
888 642 2989 882 Dir auf dem Weg nach Mantua zu leuchten.
885 822 2937 1009 Drum bleibe noch, zu gehn ist noch nicht
2813 927 3008 1103 not.
899 1045 2559 1304 Eduard (allmählich mit Ausdruck):
913 1230 2959 1450 „Lass sie mich greifen, ja, lass Sie mich
2672 1326 2951 1500 töten
910 1406 3077 1619 Ich gebe gern mich drein,wenn du es willst
907 1572 2843 1814 Nein,jenes Grau ist nicht des Morgens
2708 1707 2948 1848 Auge
907 1812 3127 2068 Der bleiche Abglanz nur von Cynthias Stirn.
915 1994 3014 2234 Ich bleibe gern,zum Gehn bin ich verdros.
2818 2093 3003 2236 sen
918 2165 3061 2396 Willkommen Tod hat Julia dich beschlossen.
918 2338 3042 2603 Nun Herz 1 noch tagt es nicht, noch plaudem
2835 2468 3025 2636 wixx
929 2542 3033 2793 Lilly(die früher wieder auf und ab ging,
927 2782 2995 2962 ist während der letzten Verse stehen ge-
918 2909 3042 3119 blieben und betrachtet Eduard aufmerksam
918 3077 3006 3284 Am Ende-wirst du doch noch Schauspieler.
960 3243 2068 3433 (plötzlich einsetzend)
935 3367 2978 3593 „Es tagt,es tagt Auf! Eile! Fort von hier
932 3557 2909 3753 Es ist die Lerche, die so heiser singt.
