3368 4120
2528 354 2662 466 12
624 481 2879 674 Jahr giltig, das ist ja nicht wie mit der Geogra-
627 646 2737 801 phie. Der Herr Kaplan hat zwar einen, aber der
631 773 1575 982 ist nicht koloriert.
631 916 2743 1121 Vincenz: Ich hab gar nicht gewusst, dass Seine
615 1112 2165 1274 Hochwürden auch Botanik versteht.
1767 1187 2230 1302 lui plelet
624 1261 2696 1438 Eduard: Aber Und wie! (Der weiss ja von jeder
615 1420 2926 1581 Blume wie viel Staubgefässe sie hat und in welche
2370 1538 2609 1618 si nulle
618 1528 2774 1758 Klass sie gehört.) Er hätt überhaupt lieber Bo-
631 1718 2544 1879 taniker oder Weltreisender werden sollen.
2162 1814 2398 1913 Girev
615 1861 2911 2047 Vincenz: Wenn er dir lieber im Lateinischen nach-
612 2016 2786 2202 helfen möcht, dass du bei der Nachprüfung nicht
618 2171 1193 2348 durchfallst.
1752 2187 2299 2370 Nicht wehr
600 2330 2873 2476 Eduard: Tut er ja auch Die Mutter war ja dabei
609 2417 3106 2615 neulich, wie – xxx meist ja dabei nenl, wir er mich mitgefragt
2948 2516 3063 2603 da
1311 2544 3022 2684 Vinz als auf sa sallein chez l. de faleres
612 2662 3004 2824 Katti:owieder aus dem Hause, mit einer Tasse, Kaffee
612 2796 2777 2970 und Butter etc. Eduard anstrahlend) Da ist das
606 2954 2063 3119 Frühstück für den jungen Herrn.
609 3109 2827 3246 Eduard : Ich hab ja noch keine ang'schafft. Und
600 3252 2917 3442 Kaffee trinkt ich überhaupt keinen. Und ausserdem
609 3401 1960 3609 geh ich g'schwind noch baden.
