3288 4072
701 498 1016 701 Mutter
722 639 2344 825 Josefa: (Wo soll ich denn mitkommen?
2533 636 2860 842 Mr Bln
713 813 2801 1016 Eduard: (Mit mir und dem Kaplan.) Kleine botani
704 984 1199 1151 Exkursion.
1299 1054 2073 1210 gebracht, nur den
707 1107 3069 1302 Josefa: Nein. Ich hol vielleicht den Vater von der
1216 1243 1717 1346 Peint-mviter?
1829 1240 2777 1343 Monsieur emp. ne meille
689 1290 2954 1446 Bahn ab.-Uebrigens wird's heut nichts werden mit
710 1411 898 1508 Eure
716 1431 2995 1643 der botanischen Exkursion. Der Herr Kaplan hat ja
695 1581 1870 1794 Besuch von seinem Bruder.
957 1702 1249 1811 (aufdort)
698 1740 3051 1926 Katti: Der Herr Leutnant ist schon wieder weggefah¬
300 1749 536 1961 Herrn
1908 1864 2212 1953 alle in
695 1885 3048 2044 ren. Grad sind s' vorbei im Wagerl der Herr Kaplan
922 2014 1487 2117 (H. Lieutern)
695 2047 2871 2226 mit seinem Bruder. (manchmal ins Zimmer hinein
689 2218 1646 2400 Kaffeegeschirr etc.)
692 2327 2980 2562 Josefa: (auf dem Schaukelstuhl,mit Handarbeit be-
695 2530 1210 2712 schäftigt
1263 2618 2120 2718 Mai du sier leçant folu
719 2701 2904 2827 Eduard: Da wird er mich schon abholen, der Herr
695 2836 2924 2995 Kaplan, wie’s bestimmt war um halb sechs, (auf die
1190 2939 1369 3030 gitant
695 2986 2153 3166 Uhr sehend) O, fünf ist's schon.
686 3110 2789 3295 Josefa: Pst. (auf die schlafende Lili weisend.
701 3295 2857 3466 Eduard: Aber die schlaft ja wie ein Murmeltier
1237 3399 1605 3490 Mrs...
1670 3404 2038 3505 folcken in
2235 3434 2332 3510 in
701 3434 3010 3658 War ja schon um fünf Uhr Früh auf. Morgenpromenade
