3400 4168
2498 531 2929 735 Gesicht av
761 523 2377 772 Eduard: (fällt der Länge nach hin, da
896 755 2145 936 Boden, fängt zu schluchzen
2487 856 2742 999 endet
1849 881 2334 1080 Veranda is
1694 907 1818 1094 de:
752 893 1490 1103 Lill: (die schon
767 1062 2504 1246 um) Da hört sich aber doch wirklich a
761 1166 2868 1393 So ein grosser Bub und weint. Schämst du dich
758 1312 3026 1533 denn gar nicht? Wenn du nicht augenblicklich auf
755 1496 2217 1706 stehst und zum weinen aufhörst -
752 1588 2920 1866 Eduard: (erhebt sich sehr rasch) Was fällt dir
769 1726 3023 1990 denn ein, dass ich wein. Ganz im Gegenteil, lachen
767 1961 1338 2148 tu ich, haha!
2016 1996 2283 2162 vident.
752 2076 3044 2306 Lill: Also Komödie spielen? Das hab ich ja beson-
767 2280 2831 2455 ders gern. Jetzt werd ich wenigstens wissen
758 2395 2828 2621 Wahrscheinlich ist dir der Romeo in den Kopf
767 2593 2776 2736 gestiegen! Aber das sag ich dir,wenn du mir
764 2725 3066 2934 solche Sachen machst, dann hat es sich ausgeromeot
764 2883 1875 3089 und gejult swischen uns.
758 3035 3009 3219 Eduard: (steht da wie ein trotziger Schulbub) Der
755 3196 2751 3405 Herr Doktor verbiet’s wahrscheinlich, dass
798 3311 2966 3529 Liff: (sich auf dem Absatz undrehend, höhnisch)
758 3529 1042 3658 Adieu!
