3368 4152
807 446 2873 700 sagt, dass du förmlich aufblühst hier auf dem
790 666 2978 844 Land. Es wär ein rechter Egoismus von mir, wenn
2329 785 2989 926 in volcher & for
787 833 2879 1064 ich von dir verlangte, wenn ich (amahme - (in
802 971 2873 1219 etwas bitterem Tone) Bleib nur hier und blüh
807 1171 1149 1335 weiter.
802 1231 2862 1547 Gusti: (gekränkt) Du bist nicht lieb zu mir,
793 1490 1109 1634 Felix.
2487 1524 2777 1671 sût
793 1533 2831 1806 Felix: Du hast wahrscheinlich Recht, ich bin
793 1789 2834 1933 nicht lieb, Ich sollte dich überhaupt nicht
2509 1854 3099 1987 Ausdieser Stadt etc.
799 1928 2930 2134 mit meiner Gegenwart inkommodieren. Ich sollt
804 2046 3051 2258 auch nicht herauskommen, hat ja auch keinen Sinn.
813 2213 2605 2470 Im Grund ist es ja doch nur eine Qual.
807 2399 1312 2591 Gusti : No.
799 2481 3071 2741 Felix: In einem muffigen Wirtshauszimmer liegen,
819 2732 2955 2854 zweihundert Schritt weit von dir und nicht zu
813 2856 1391 3034 dir können -
830 3003 2995 3209 Gusti: Glaubst, ich hab mich nicht nach dir ge-
824 3150 1784 3362 sehnt In der Nacht?
804 3274 2518 3483 Felix: Aber sicher famos geschlafen.
816 3446 2955 3689 Gusti: Ja - schlafen tu ich immer gut auf dem
