3368 4152
715 464 2767 723 Gusti: Nein, vorläufig nicht. Das kommt erst.
731 695 2792 976 Ich bin noch gar nicht tätig. Erst im Herbst
754 812 2826 1110 tret ich Engagement an an einer österrei-
1157 865 1332 951 ein
751 1021 2689 1260 chischen - (unterbricht sich) Aber ich bin
768 1138 2973 1449 Ihnen doch eigentlich keine Rechenschaft schul-
779 1435 965 1596 dig.
782 1435 2920 1727 Offizier: Gewiss nicht. Aber es wird wohl kein
779 1535 2870 1900 Geheimnis bleiben, in diese - das Publik entgeben wä¬
804 1677 3045 1964 Gusti: Nein, besonders Ihnen nicht,Herr Leutnant,
2375 1847 2631 1952 Slerbu
801 1863 2962 2206 wenn Sie wirklich nach Innsbruck transferiert
1649 1989 2876 2183 de lui en jamais si j'en a
2061 2044 2873 2200 Jurf selissiet scad.
820 2147 1546 2342 werden sollten.
2851 2147 3048 2308 1-2
832 2153 2829 2503 Offizier: (9. Fräulein wissen?) Une Fr. in
851 2300 2976 2570 Gusti: Es ist noch keine halbe Stunde hat der
854 2542 2887 2731 Kaplan davon gesprochen (zu mir und der Frau
1683 2648 2333 2773 Iuf the other 14
865 2698 2745 2901 Professor Fradel. Er freut sich sehr auf
871 2931 1496 3140 Ihren Besuch.
890 2904 3090 3268 Offizier: Ja, wir haben uns lange nicht gesehen.
896 3173 2809 3407 Aber wie soll ich das verstehen, Fräulein,
896 3385 1980 3607 dass Sie früher sagten
904 3396 3154 3716 Gusti: Ich bin nämlich nach Innsbruck engagiert,
