3352 4120
2364 317 2510 448 13
570 448 2675 656 Vincenz: Wasjeine Badeanstalt habt Ihr auch?
1272 583 1845 686 ne aupres¬
558 644 2772 845 Eduard: Aber Au weiest ja, Vater. Das versteckte
1461 747 1586 842 P.
564 790 2733 952 Platzerl im Wald. (Ich hab dir's ja erzählt. Und
558 930 2742 1132 Wenn du mir den Atlas mitbringst, nehm ich dich
576 1046 2867 1260 nächstens mit.Grüss dich Gott, Vater.) (eilt davon)
595 1263 1299 1461 Vincenz, Josefa.
580 1391 2888 1586 Vincenz: (lächelnd) Also Madame interessieren sich
1525 1513 1928 1613 la je me
589 1565 2962 1702 auch für Botanik? Oder für Latein? Ober für verhin-
589 1681 2410 1897 derte Weltreisende? -    V. P. - d a
1766 1665 3007 1851 Mort it was it on Abend
1778 1806 2766 1903 er leur ci de part avant
232 1732 491 1961 Vin
586 1870 2898 2092 Josefa: Hast's nötig, Vincenz. -Uebrigens, den Atlas
165 1912 497 2059 Ich mehr
174 1995 506 2138 ébere der
601 2007 2913 2211 es wär mir ganz recht, wenn du dem Buben einen mit-
198 2089 412 2300 erle
607 2175 2925 2361 bringen möchtest. Es ist doch auch eine Ablenkung.
613 2278 2937 2535 Vincenz: (scherzend) Für den Herrn Kaplan?- oder für
598 2513 851 2705 dich?
2071 2568 2721 2724 1 oul prat he
610 2641 2647 2843 Josefa : Goh!
1119 2748 1345 2843 in the
598 2785 3056 2986 Vincenz: Für den Eduard meinst du? Wozu braucht denn
601 2904 2876 3138 der eine Ablenkung? Er ist doch noch ein rechtes
604 3093 1315 3291 Kind. En Bet.
601 3233 2937 3437 Josefa: Das ist ein väterlicher Irrtum. Weisst du,
613 3401 2876 3599 was der Doktor gestern gesagt hat? Ein schlanker
1022 3526 1376 3633 urfde Est. et
616 3556 2922 3776 Jüngeling. Nein, der ist kein Kind mehr. Merkst du
619 3703 2528 3962 nicht.wie die Frauenzimmer ihn anschauen.
