3400 4152
641 459 2887 755 und nicht studiert und ist ein berühmter Mann ge-
620 683 1527 925 worden. mais in diesem
1002 817 1291 922 4 or Valer
647 802 2965 1029 Josefa: Ein Künstler, ein Bildhauer - dazu braucht
644 1008 1417 1211 man kein Latein.
668 1107 2860 1336 Eduard: Ich werde vielleicht auch ein Künstler.
653 1294 2807 1503 Josefa: (Das wär das Neueste/Seiltänzer (viel-
668 1503 1014 1667 leicht?
668 1590 2780 1840 Eduard: (No ja,warum nicht?) Oder Schauspieler.
1751 1727 2645 1900 Ed. Ich bin gar nicht so seine
674 1781 1587 1980 Josefa: Dummer Bub
677 1906 3021 2112 Lill(wacht auf, sitzt in der Hängematte aufrecht)
671 2112 1369 2314 Habe die Ehre!
683 2207 2192 2449 Josefa: (scherzend) Guten Morgen.
683 2371 2965 2610 Lili: Nein Kinder, was ich alles zusammengeträumt
1384 2505 1697 2610 au Nahme
695 2481 2929 2717 hab. (Ich glaub im Freien träumt man mehr als im
349 2529 447 2714 pr
218 2657 507 2812 ailleurs
254 2735 558 2947 triments
695 2735 972 2899 Bett.
734 2821 3129 3006 Josefa: (nebenhin, zerstreut) Was hast denn geträumt
698 3015 2985 3221 Lill: (Mir scheint von einem Luftballon,von einem
2171 3102 2702 3230 oben. an nitz
719 3173 2944 3367 blauen Luftballon. Ich hab mich festgehalten an
1539 3257 2932 3355 in der kals wegaben im Landkom
719 3334 3018 3528 den Stricken ganz hoch oben war ich aber ich hab
716 3484 1822 3695 gar keine Angst gehabt.
