3432 4184
2062 362 2517 528 I don't not
2401 522 2833 725 Neunzehn.
661 554 2364 792 neinreden mit deinen neunzehn Jahren
2584 655 2923 853 Theate
209 661 626 832 di warct aux
194 719 2529 980 umst alle in Jahre! Und gehst hinaus in die Welt, wirs
687 829 2871 1096 spielen, die Leut werden dir applaudieren, Blumen
186 890 560 1038 Amsterrale
191 1000 362 1119 his
728 977 2920 1204 werden sie dir schicken, Brieferln wirst du krie
197 1050 571 1195 Ober ich tat
154 1163 594 1340 eben scheidet.
742 1116 2796 1415 gen-und was man halt sonst noch alleskriegt
188 1305 476 1415 N.-J...
699 1299 2935 1560 und erlebt draussen in der Welt und beson-
162 1392 403 1537 Auf-
1723 1412 2749 1624 hier, beant ge-dezit uur neint.
702 1482 1575 1685 ders beim Theater
699 1563 2790 1868 Lifi: Ich pfeif drauf und auf meine neunzehn
710 1763 2883 2039 Jahr am allermeisten. Ich wollt lieber, ich wär
719 1960 2082 2166 neunzig und alles wär vorbei.
1450 2082 1627 2175 Vestre
719 2056 3036 2358 Josefa: (So ein Kind Das glaubst du ja (alles) sel-
742 2218 3045 2453 ber nicht. Vorbei! Es ist das Schrecklichste, wenn
745 2427 1876 2645 einmal alles vorbei ist.
2018 2508 2192 2590 G.C.F.P.
737 2569 2912 2807 Lil: Du bist ja auch noch keine neunzig Jahre
1412 2732 2662 2952 Hage nur Ihnen nicht 50 meer
745 2804 969 2926 alt.
789 2871 3019 3112 Josefs: Darauf kommt's wahrscheinlich nicht an.
766 3042 2958 3283 für manche ist es halt schon viel früher aus...
336 3103 710 3294 jetzt kuffen
774 3120 3002 3364 Es kommit darauf an In was für verhältnissen man
1061 3303 2697 3408 Lit.ererdorf. Bekleschlungs. Fest ist, in Baben¬
774 3332 3062 3550 lebt. Und überhaupt die äusseren Umstände. Manoh-
774 3477 2787 3735 mal spürt man's haft mehr, manchmal weniger.
