<?xml version="1.0" encoding="UTF-8" standalone="yes"?>
<PcGts xmlns="http://schema.primaresearch.org/PAGE/gts/pagecontent/2013-07-15" xmlns:xsi="http://www.w3.org/2001/XMLSchema-instance" xsi:schemaLocation="http://schema.primaresearch.org/PAGE/gts/pagecontent/2013-07-15 http://schema.primaresearch.org/PAGE/gts/pagecontent/2013-07-15/pagecontent.xsd">
    <Metadata>
        <Creator>prov=READ-COOP:name=TrHtr:version=2.1.0:model_id=51170:date=25_07_2023_17:41</Creator>
        <Created>2023-05-10T13:50:01.017+02:00</Created>
        <LastChange>2023-07-25T17:41:39.064+02:00</LastChange>
        <TranskribusMetadata docId="1428597" pageId="55414870" pageNr="21" tsid="130760945" status="IN_PROGRESS" userId="64420" imgUrl="https://files.transkribus.eu/Get?id=QBRLNKYFGRRGBHDWHLHUIWAU&amp;fileType=view" xmlUrl="https://files.transkribus.eu/Get?id=KQWKUELRJGNXATPHEGQEAXSS" imageId="44689004"/>
    </Metadata>
    <Page imageFilename="1428597_0021.jpg" imageWidth="3400" imageHeight="4168">
        <ReadingOrder>
            <OrderedGroup id="ro_1711789814096" caption="Regions reading order">
                <RegionRefIndexed index="0" regionRef="tr_1"/>
                <RegionRefIndexed index="1" regionRef="tr_2"/>
            </OrderedGroup>
        </ReadingOrder>
        <TextRegion id="tr_1" custom="readingOrder {index:0;}">
            <Coords points="677,347 2943,347 2943,2076 677,2076"/>
            <TextLine id="tr_1_tl_1" custom="readingOrder {index:0;}">
                <Coords points="2434,417 2449,417 2461,405 2479,402 2521,432 2557,405 2584,411 2584,288 2542,279 2521,300 2512,291 2434,306"/>
                <Baseline points="2451,403 2496,397 2540,397 2585,400 2591,403"/>
                <TextEquiv>
                    <Unicode>21</Unicode>
                </TextEquiv>
            </TextLine>
            <TextLine id="tr_1_tl_2" custom="readingOrder {index:1;}">
                <Coords points="662,608 2002,591 2032,474 1846,504 1454,459 812,534 665,498"/>
                <Baseline points="680,609 692,606 737,603 782,600 827,600 871,600 916,597 961,597 1006,594 1050,594 1095,594 1140,594 1185,591 1230,588 1274,585 1319,585 1364,582 1409,585 1454,582 1498,579 1543,579 1588,576 1633,576 1677,576 1722,573 1767,570 1812,570 1857,567 1901,570 1946,567 1991,567 2036,564"/>
                <TextEquiv>
                    <Unicode>sion wohl nichts mehr werden.</Unicode>
                </TextEquiv>
            </TextLine>
            <TextLine id="tr_1_tl_3" custom="readingOrder {index:2;}">
                <Coords points="1801,656 1879,641 2020,665 2062,638 2113,671 2173,623 2212,650 2278,638 2335,656 2368,644 2371,540 2236,525 1966,600 1930,573 1909,588 1846,573 1801,597"/>
                <Baseline points="1818,632 1839,632 1883,629 1928,629 1973,626 2018,624 2063,624 2107,624 2152,621 2197,618 2242,615 2287,618 2331,621 2376,624"/>
                <TextEquiv>
                    <Unicode>but is in so</Unicode>
                </TextEquiv>
            </TextLine>
            <TextLine id="tr_1_tl_4" custom="readingOrder {index:3;}">
                <Coords points="659,830 2701,704 2932,773 2938,629 665,686"/>
                <Baseline points="680,752 704,752 749,749 794,749 838,749 883,749 928,746 973,746 1018,746 1062,746 1107,746 1152,746 1197,743 1242,743 1286,743 1331,740 1376,737 1421,737 1465,731 1510,731 1555,728 1600,728 1645,728 1689,725 1734,725 1779,722 1824,722 1869,722 1913,722 1958,719 2003,719 2048,716 2092,719 2137,719 2182,716 2227,713 2272,710 2316,707 2361,707 2406,704 2451,704 2496,701 2540,701 2585,701 2630,698 2675,698 2719,695 2764,695 2809,698 2854,695 2899,695 2943,701"/>
                <TextEquiv>
                    <Unicode>Vincenz: Ja, ich habe eben erst gehört, Hochwürden,</Unicode>
                </TextEquiv>
            </TextLine>
            <TextLine id="tr_1_tl_5" custom="readingOrder {index:4;}">
                <Coords points="665,920 1352,896 1514,983 2341,1010 2830,953 2836,773 2224,824 1754,728 1415,830 668,839"/>
                <Baseline points="683,904 689,904 734,904 779,904 824,904 868,904 913,901 958,898 1003,898 1047,898 1092,898 1137,895 1182,892 1227,892 1271,895 1316,892 1361,889 1406,889 1451,886 1495,886 1540,883 1585,883 1630,883 1674,880 1719,880 1764,877 1809,877 1854,877 1898,874 1943,871 1988,871 2033,868 2078,868 2122,868 2167,868 2212,865 2257,865 2301,862 2346,859 2391,859 2436,856 2481,856 2525,853 2570,853 2615,853 2660,850 2705,850 2749,847 2794,847 2839,847"/>
                <TextEquiv>
                    <Unicode>dass Sie die Freundlichkeit haben meinen Buben</Unicode>
                </TextEquiv>
            </TextLine>
            <TextLine id="tr_1_tl_6" custom="readingOrder {index:5;}">
                <Coords points="668,992 695,998 716,986 797,989 821,980 869,1001 896,995 899,905 881,905 857,923 833,905 809,923 770,911 671,923"/>
                <Baseline points="686,985 725,982 770,982 815,982 859,979 904,973"/>
                <TextEquiv>
                    <Unicode>auch</Unicode>
                </TextEquiv>
            </TextLine>
            <TextLine id="tr_1_tl_7" custom="readingOrder {index:6;}">
                <Coords points="656,1088 710,1064 764,1094 875,1061 968,1082 1121,1061 1157,1088 1256,1049 1421,1061 1424,968 659,995"/>
                <Baseline points="677,1065 707,1059 752,1059 797,1059 841,1056 886,1053 931,1050 976,1050 1021,1050 1065,1050 1110,1047 1155,1047 1200,1044 1245,1044 1289,1044 1334,1042 1379,1042 1424,1033"/>
                <TextEquiv>
                    <Unicode>in diesem Fach</Unicode>
                </TextEquiv>
            </TextLine>
            <TextLine id="tr_1_tl_8" custom="readingOrder {index:7;}">
                <Coords points="662,1292 1796,1184 2401,1178 2629,1256 2815,1196 2818,1091 2071,1052 1511,1154 668,1133"/>
                <Baseline points="683,1218 719,1215 764,1215 809,1215 853,1212 898,1212 943,1212 988,1209 1033,1209 1077,1206 1122,1203 1167,1203 1212,1200 1256,1200 1301,1200 1346,1200 1391,1200 1436,1197 1480,1191 1525,1191 1570,1191 1615,1188 1660,1188 1704,1188 1749,1188 1794,1185 1839,1185 1883,1185 1928,1185 1973,1182 2018,1179 2063,1176 2107,1176 2152,1176 2197,1173 2242,1170 2287,1167 2331,1167 2376,1170 2421,1167 2466,1164 2510,1164 2555,1164 2600,1161 2645,1161 2690,1158 2734,1152 2779,1152 2824,1146"/>
                <TextEquiv>
                    <Unicode>Kaplan: Das ist ja mein eigentliches - (sich be-</Unicode>
                </TextEquiv>
            </TextLine>
            <TextLine id="tr_1_tl_9" custom="readingOrder {index:8;}">
                <Coords points="671,1451 1115,1457 1298,1358 2620,1337 2749,1322 2752,1250 674,1295"/>
                <Baseline points="689,1376 695,1376 740,1370 785,1370 830,1367 874,1364 919,1364 964,1361 1009,1361 1053,1361 1098,1364 1143,1358 1188,1355 1233,1352 1277,1352 1322,1352 1367,1349 1412,1346 1457,1346 1501,1346 1546,1346 1591,1343 1636,1340 1680,1340 1725,1340 1770,1340 1815,1337 1860,1334 1904,1334 1949,1331 1994,1334 2039,1331 2084,1328 2128,1328 2173,1325 2218,1325 2263,1325 2307,1322 2352,1322 2397,1319 2442,1319 2487,1319 2531,1319 2576,1316 2621,1313 2666,1310 2710,1310 2755,1307"/>
                <TextEquiv>
                    <Unicode>sinnend) Oder vielmehr meine Liebhaberei von</Unicode>
                </TextEquiv>
            </TextLine>
            <TextLine id="tr_1_tl_10" custom="readingOrder {index:9;}">
                <Coords points="665,1544 1502,1589 1604,1508 2803,1487 2884,1472 2887,1370 668,1457"/>
                <Baseline points="683,1516 692,1516 737,1519 782,1519 827,1519 871,1519 916,1516 961,1516 1006,1516 1050,1513 1095,1513 1140,1513 1185,1513 1230,1510 1274,1510 1319,1507 1364,1504 1409,1504 1454,1501 1498,1501 1543,1501 1588,1501 1633,1498 1677,1498 1722,1498 1767,1492 1812,1495 1857,1489 1901,1489 1946,1489 1991,1486 2036,1483 2081,1483 2125,1480 2170,1477 2215,1477 2260,1477 2304,1477 2349,1474 2394,1474 2439,1474 2484,1474 2528,1471 2573,1468 2618,1468 2663,1468 2708,1465 2752,1462 2797,1462 2842,1459 2887,1462"/>
                <TextEquiv>
                    <Unicode>Jugend auf. Wir habet ja als Kinder auf dem Land</Unicode>
                </TextEquiv>
            </TextLine>
            <TextLine id="tr_1_tl_11" custom="readingOrder {index:10;}">
                <Coords points="1766,1616 1798,1628 1837,1601 1897,1604 1927,1589 2014,1613 2044,1595 2089,1601 2098,1502 2041,1505 2017,1490 1972,1505 1960,1493 1930,1502 1909,1490 1882,1514 1837,1526 1778,1514"/>
                <Baseline points="1785,1606 1788,1606 1833,1603 1877,1591 1922,1585 1967,1585 2012,1582 2057,1576 2101,1570"/>
                <TextEquiv>
                    <Unicode>I am</Unicode>
                </TextEquiv>
            </TextLine>
            <TextLine id="tr_1_tl_12" custom="readingOrder {index:11;}">
                <Coords points="677,1772 773,1736 1037,1793 1220,1727 1418,1775 1472,1745 1613,1763 1712,1742 1718,1595 1532,1565 1265,1616 905,1577 683,1604"/>
                <Baseline points="698,1689 737,1683 782,1680 827,1674 871,1674 916,1671 961,1668 1006,1668 1050,1668 1095,1666 1140,1663 1185,1666 1230,1663 1274,1663 1319,1660 1364,1657 1409,1657 1454,1654 1498,1654 1543,1654 1588,1651 1633,1648 1677,1642 1722,1651"/>
                <TextEquiv>
                    <Unicode>gewohnt.(Die Natur).</Unicode>
                </TextEquiv>
            </TextLine>
            <TextLine id="tr_1_tl_13" custom="readingOrder {index:12;}">
                <Coords points="698,1951 2515,1957 2848,1924 2854,1801 2101,1727 701,1828"/>
                <Baseline points="716,1910 752,1907 797,1904 841,1904 886,1901 931,1901 976,1898 1021,1901 1065,1901 1110,1898 1155,1898 1200,1895 1245,1895 1289,1895 1334,1895 1379,1895 1424,1892 1468,1889 1513,1886 1558,1886 1603,1883 1648,1883 1692,1883 1737,1883 1782,1880 1827,1883 1872,1877 1916,1875 1961,1875 2006,1875 2051,1875 2095,1872 2140,1872 2185,1872 2230,1869 2275,1866 2319,1866 2364,1860 2409,1860 2454,1860 2499,1857 2543,1857 2588,1857 2633,1857 2678,1854 2722,1851 2767,1848 2812,1848 2857,1848"/>
                <TextEquiv>
                    <Unicode>Vincenz, Josefa,Eduard,Kaplan. Es kommen Dr.Fe-</Unicode>
                </TextEquiv>
            </TextLine>
            <TextLine id="tr_1_tl_14" custom="readingOrder {index:13;}">
                <Coords points="692,2107 2056,2071 2056,1984 1966,1948 1148,2008 695,1975"/>
                <Baseline points="713,2066 719,2066 764,2063 809,2060 853,2063 898,2060 943,2057 988,2054 1033,2054 1077,2051 1122,2051 1167,2051 1212,2048 1256,2048 1301,2048 1346,2048 1391,2045 1436,2042 1480,2039 1525,2039 1570,2039 1615,2039 1660,2039 1704,2039 1749,2039 1794,2036 1839,2033 1883,2030 1928,2030 1973,2027 2018,2027 2063,2033"/>
                <TextEquiv>
                    <Unicode>lix Faber und Gusti Pflegner.</Unicode>
                </TextEquiv>
            </TextLine>
        </TextRegion>
        <TextRegion id="tr_2" custom="readingOrder {index:1;}">
            <Coords points="716,2108 3128,2108 3128,3616 716,3616"/>
            <TextLine id="tr_2_tl_1" custom="readingOrder {index:0;}">
                <Coords points="722,2263 2704,2248 2911,2206 2914,2107 2584,2047 2287,2122 1831,2062 1679,2134 725,2116"/>
                <Baseline points="740,2224 764,2218 809,2215 853,2212 898,2212 943,2209 988,2209 1033,2212 1077,2206 1122,2203 1167,2206 1212,2203 1256,2200 1301,2200 1346,2200 1391,2200 1436,2200 1480,2197 1525,2197 1570,2194 1615,2194 1660,2194 1704,2191 1749,2188 1794,2188 1839,2185 1883,2182 1928,2182 1973,2179 2018,2179 2063,2179 2107,2176 2152,2176 2197,2173 2242,2173 2287,2170 2331,2170 2376,2167 2421,2167 2466,2167 2510,2170 2555,2167 2600,2164 2645,2161 2690,2161 2734,2158 2779,2161 2824,2161 2869,2161 2914,2167"/>
                <TextEquiv>
                    <Unicode>Gusti ist über 18. dunkelbraunes etwas flüchtig</Unicode>
                </TextEquiv>
            </TextLine>
            <TextLine id="tr_2_tl_2" custom="readingOrder {index:1;}">
                <Coords points="695,2413 2629,2404 2863,2383 2866,2227 701,2296"/>
                <Baseline points="716,2370 722,2367 767,2367 812,2367 856,2364 901,2364 946,2361 991,2361 1036,2361 1080,2358 1125,2355 1170,2358 1215,2358 1259,2352 1304,2355 1349,2352 1394,2349 1439,2349 1483,2349 1528,2349 1573,2349 1618,2346 1663,2343 1707,2343 1752,2340 1797,2337 1842,2340 1886,2337 1931,2337 1976,2334 2021,2334 2066,2334 2110,2331 2155,2331 2200,2331 2245,2328 2290,2325 2334,2325 2379,2322 2424,2322 2469,2322 2513,2319 2558,2319 2603,2319 2648,2316 2693,2316 2737,2316 2782,2313 2827,2310 2872,2313"/>
                <TextEquiv>
                    <Unicode>frisiertes Haar, Strohhhut mit rotem Band in der</Unicode>
                </TextEquiv>
            </TextLine>
            <TextLine id="tr_2_tl_3" custom="readingOrder {index:2;}">
                <Coords points="698,2593 2788,2554 2815,2377 701,2437"/>
                <Baseline points="719,2519 758,2519 803,2519 847,2519 892,2519 937,2519 982,2516 1027,2513 1071,2510 1116,2510 1161,2510 1206,2513 1250,2507 1295,2507 1340,2507 1385,2510 1430,2507 1474,2504 1519,2504 1564,2504 1609,2501 1654,2501 1698,2499 1743,2493 1788,2493 1833,2493 1877,2490 1922,2490 1967,2487 2012,2487 2057,2487 2101,2484 2146,2484 2191,2484 2236,2481 2281,2481 2325,2481 2370,2481 2415,2481 2460,2478 2504,2475 2549,2472 2594,2472 2639,2469 2684,2469 2728,2466 2773,2469 2818,2475"/>
                <TextEquiv>
                    <Unicode>Hand. Weiss-rotgetupftes Battistkleid, schwarze</Unicode>
                </TextEquiv>
            </TextLine>
            <TextLine id="tr_2_tl_4" custom="readingOrder {index:3;}">
                <Coords points="707,2722 2728,2695 2734,2551 710,2584"/>
                <Baseline points="725,2678 767,2678 812,2675 856,2675 901,2675 946,2675 991,2675 1036,2675 1080,2672 1125,2669 1170,2666 1215,2663 1259,2666 1304,2663 1349,2660 1394,2660 1439,2657 1483,2657 1528,2657 1573,2657 1618,2654 1663,2651 1707,2651 1752,2648 1797,2648 1842,2648 1886,2645 1931,2645 1976,2642 2021,2642 2066,2642 2110,2642 2155,2639 2200,2639 2245,2636 2290,2636 2334,2633 2379,2633 2424,2630 2469,2630 2513,2630 2558,2627 2603,2624 2648,2624 2693,2621 2737,2621"/>
                <TextEquiv>
                    <Unicode>lustige, manchmal etwas unruhige Augen. Eine</Unicode>
                </TextEquiv>
            </TextLine>
            <TextLine id="tr_2_tl_5" custom="readingOrder {index:4;}">
                <Coords points="713,2884 3117,2893 3123,2716 716,2719"/>
                <Baseline points="731,2827 755,2827 800,2830 844,2827 889,2827 934,2827 979,2827 1024,2824 1068,2824 1113,2821 1158,2821 1203,2818 1248,2821 1292,2821 1337,2818 1382,2815 1427,2815 1471,2812 1516,2812 1561,2812 1606,2806 1651,2803 1695,2803 1740,2800 1785,2800 1830,2800 1875,2797 1919,2797 1964,2800 2009,2797 2054,2797 2098,2791 2143,2794 2188,2791 2233,2791 2278,2788 2322,2788 2367,2785 2412,2782 2457,2779 2501,2779 2546,2779 2591,2779 2636,2779 2681,2779 2725,2776 2770,2773 2815,2773 2860,2773 2905,2773 2949,2773 2994,2770 3039,2767 3084,2761 3128,2767"/>
                <TextEquiv>
                    <Unicode>etwas fahrige Art zu reden,die oft ins Humoristisch-</Unicode>
                </TextEquiv>
            </TextLine>
            <TextLine id="tr_2_tl_6" custom="readingOrder {index:5;}">
                <Coords points="704,3042 791,3078 914,3024 1019,3063 1235,3018 1310,3057 1439,3048 1514,3012 1658,3060 1664,2917 1499,2878 1145,2923 707,2899"/>
                <Baseline points="722,2979 725,2982 770,2982 815,2982 859,2979 904,2979 949,2979 994,2976 1039,2976 1083,2973 1128,2970 1173,2973 1218,2970 1262,2970 1307,2970 1352,2967 1397,2964 1442,2967 1486,2964 1531,2967 1576,2964 1621,2964 1666,2964"/>
                <TextEquiv>
                    <Unicode>Unwirsche umschlägt.</Unicode>
                </TextEquiv>
            </TextLine>
            <TextLine id="tr_2_tl_7" custom="readingOrder {index:6;}">
                <Coords points="707,3141 2926,3111 2950,2947 2551,3030 707,3075"/>
                <Baseline points="725,3140 761,3137 806,3137 850,3137 895,3137 940,3134 985,3134 1030,3131 1074,3131 1119,3128 1164,3128 1209,3126 1253,3126 1298,3126 1343,3123 1388,3123 1433,3123 1477,3120 1522,3123 1567,3120 1612,3117 1657,3114 1701,3114 1746,3114 1791,3111 1836,3111 1880,3111 1925,3114 1970,3108 2015,3108 2060,3108 2104,3105 2149,3102 2194,3105 2239,3102 2284,3099 2328,3096 2373,3096 2418,3093 2463,3093 2507,3093 2552,3093 2597,3090 2642,3090 2687,3090 2731,3087 2776,3090 2821,3084 2866,3084 2911,3081 2955,3084"/>
                <TextEquiv>
                    <Unicode>Dr.Felix Faber, 27. schlank, hager, feines, sehr ern-</Unicode>
                </TextEquiv>
            </TextLine>
            <TextLine id="tr_2_tl_8" custom="readingOrder {index:7;}">
                <Coords points="716,3300 2785,3279 2959,3246 2962,3180 719,3195"/>
                <Baseline points="734,3296 773,3293 818,3290 862,3290 907,3290 952,3290 997,3290 1042,3287 1086,3287 1131,3284 1176,3281 1221,3284 1265,3281 1310,3281 1355,3278 1400,3278 1445,3278 1489,3278 1534,3275 1579,3275 1624,3272 1668,3269 1713,3266 1758,3269 1803,3266 1848,3263 1892,3260 1937,3260 1982,3257 2027,3257 2072,3257 2116,3257 2161,3254 2206,3254 2251,3251 2295,3251 2340,3251 2385,3251 2430,3248 2475,3248 2519,3248 2564,3245 2609,3248 2654,3245 2699,3242 2743,3245 2788,3242 2833,3239 2878,3236 2922,3236 2967,3233"/>
                <TextEquiv>
                    <Unicode>stes Gesicht, seitlich gescheiteltes Haar, weicher</Unicode>
                </TextEquiv>
            </TextLine>
            <TextLine id="tr_2_tl_9" custom="readingOrder {index:8;}">
                <Coords points="716,3471 2860,3432 2938,3318 719,3372"/>
                <Baseline points="734,3457 749,3457 794,3451 838,3448 883,3445 928,3445 973,3442 1018,3442 1062,3442 1107,3439 1152,3439 1197,3439 1242,3436 1286,3436 1331,3433 1376,3430 1421,3430 1465,3430 1510,3430 1555,3427 1600,3427 1645,3424 1689,3424 1734,3421 1779,3418 1824,3418 1869,3418 1913,3415 1958,3415 2003,3415 2048,3412 2092,3412 2137,3409 2182,3409 2227,3412 2272,3409 2316,3406 2361,3406 2406,3403 2451,3409 2496,3409 2540,3406 2585,3406 2630,3400 2675,3400 2719,3397 2764,3400 2809,3394 2854,3391 2899,3385 2943,3385"/>
                <TextEquiv>
                    <Unicode>grauer Filzhut, Spazierstock. Sorgfältig, fast pe-</Unicode>
                </TextEquiv>
            </TextLine>
            <TextLine id="tr_2_tl_10" custom="readingOrder {index:9;}">
                <Coords points="719,3654 2929,3633 3012,3624 3015,3486 722,3531"/>
                <Baseline points="737,3606 740,3606 785,3603 830,3603 874,3603 919,3597 964,3597 1009,3600 1053,3597 1098,3594 1143,3597 1188,3591 1233,3588 1277,3588 1322,3585 1367,3585 1412,3585 1457,3582 1501,3585 1546,3582 1591,3582 1636,3582 1680,3582 1725,3579 1770,3576 1815,3573 1860,3573 1904,3573 1949,3570 1994,3570 2039,3567 2084,3567 2128,3564 2173,3564 2218,3564 2263,3564 2307,3564 2352,3564 2397,3564 2442,3561 2487,3558 2531,3558 2576,3558 2621,3555 2666,3555 2710,3555 2755,3552 2800,3549 2845,3549 2890,3546 2934,3549 2979,3555 3024,3558"/>
                <TextEquiv>
                    <Unicode>dantisch, aber eigentlich nicht elegant gekleidet;</Unicode>
                </TextEquiv>
            </TextLine>
        </TextRegion>
    </Page>
</PcGts>
