3400 4248
2606 376 2726 529 95
179 429 552 640 8.3.1928
570 693 1724 899 Willy: Du bist verrückt.
567 752 2852 1075 Eduard: Ich fahre dir nach. Ich red
588 969 2867 1216 nicht im Spass. Am Tag nach dir fahr ich hin Ich
605 1107 2911 1360 weiss schon was das Billet kostet,ich hab mehr in
602 1398 1278 1525 der Sparkasse.
646 1445 2858 1730 Lily: (allmählig ernsthaft erschrocken ) (Du.-ich
623 1666 1989 1842 werd mit deiner Mutter reden.
632 1774 2050 1968 Eduard: Das wirst du nicht tun.
620 1892 2811 2124 Eili: Möcht sehen, ob du mir's verbieten wirst.
646 2036 2899 2282 Eduard: Verbieten kann ich dir's freilich nicht.
661 2153 2970 2435 Aber das schwör ich dir, wenn du der Mutter vorher
2059 2326 2423 2438 him at my
670 2347 2832 2608 was sagst, oder wem immer - erschiess ich mich.
667 2529 1824 2755 So, ich hab's geschworen.
676 2650 2926 2896 Lili: Gib Acht, Eduard, dass du dich nicht versün-
699 2791 2935 3043 digst. Man redt nicht immer gleich vom Totschies-
708 3087 914 3220 sen.
708 3134 2929 3346 Eduard: Das ist mir ganz egal ob das eine Sünde
714 3249 3005 3513 ist oder nicht. An solche Sachen glaub ich
723 3410 3087 3666 nicht. Ich glaub überhaupt an gar nichts, dass du's
726 3566 3011 3880 nur weisst, also ist es auch keine Sünde, wenn ich
291 3578 593 3739 deposd
1898 3719 2335 3839 at at half yours
308 3687 535 3822 Bagel
2094 3719 3067 3898 He wechtmüssen
300 3804 485 3898 &c.
276 3842 728 4004 nichts sterbet
2086 3842 3040 4010 [...] Mais, car
423 3816 1895 4092 tout ce même tôtent. C'est le
