3352 4152
602 450 1067 643 Carrieres
582 561 2938 819 Felix: Und dein's vielleicht nicht? Ja,red nichts.
588 710 2728 941 Du wärst imstand irgendwo draussen/Miel zu
605 918 2435 1108 spielen und mich hier allein zu lassen.
602 1050 2833 1298 Gusti: (Was soll ich denn tun? ) Komm halt mit mir.
596 1210 2918 1418 Felix: Wenn ich könnt, Gusti, wenn sich mein eigener
588 1383 2690 1608 Herr wäre, Vorläufig bin ich Sekundararzt im
588 1503 2769 1748 Krankenhaus, Privatpatienten hab ich überhaupt
588 1681 2918 1918 noch keine und was ich vom Haus krieg — (wenn ich
608 1868 1591 2064 vom Haus mehr hätte
605 1965 2871 2222 Gusti: Aber Felix, du brauchst dich doch nicht zu
614 2202 1284 2339 entschuldigen.
602 2286 2713 2514 Felix: Mir ist manchmal, als wäre es dir doch
2403 2377 2927 2520 Marpt, Aug
611 2424 2836 2640 nicht ganz klar, als hieltest du's für Energielo
617 2611 2830 2763 sigkeit oder gar für Mangel an Vertrauen) Aber
617 2763 2810 2935 mit einem Monatsgehalt von sechzig Gulden kann
617 2906 1664 3108 man leider unmöglich -
614 3041 2839 3292 Gusti: (rasoh) Davon war überhaupt nie die Rede
617 3204 2895 3473 und soll nicht die Rede sein, darauf hab ich kein
620 3362 1693 3599 Recht - und keine Lust
