3368 4152
653 471 2695 673 Land. Denk nur, im Freien den ganzen Tag und
659 595 2718 826 gestern sind wir doch alle zusammen bis elf
670 792 2840 1031 im Wirtshaus gesessen. Wenn die Kathi nicht um
901 797 1288 919 and in the
679 898 2817 1156 fünf an meinem Bett gestanden wäre, ich weiss
1543 1118 1661 1233 G.C.F.P.
1320 1104 1511 1283 G.C.F.P.
682 1153 1037 1332 nicht —
685 1190 2744 1450 Felix: Mich hat keiner wecken müssen. Wie du
690 1395 2788 1597 ans Fenster geklopft hast war ich schon eine
194 1410 537 1571 Me glant
208 1528 584 1647 mit in ut
696 1508 2912 1782 Stunde lang fix und fertig. Ach Gott, Gusti, die-
205 1615 520 1771 entra
714 1655 2851 1912 se Morgenstunde mit dir im Wald, das ist doch
188 1693 589 1878 d'ai-t-il
173 1834 662 2008 that must
716 1837 2947 2091 schliesslich der einzige positive Gewinn dieser
205 1933 566 2115 Ie is p
728 2011 3051 2201 Ausflüge nach Kirchau. Ich habe früher nie gealnt
168 2083 630 2259 not from Mr.
728 2178 2860 2383 dass Morgenstunden so schön sein können. (sie
393 2221 569 2427 R
742 2213 3013 2559 sind nahe nebeneinander. Pause) - Sag mir Gusti -
165 2271 399 2467 the
170 2424 506 2600 my habe
745 2461 2874 2701 hast du keine Briefe bekommen in der letzten
185 2493 673 2713 brugh  slät
170 2632 690 2840 - Meschent
745 2684 1023 2860 Zei t?
211 2779 497 2987 sust.
777 2785 2100 3004 Gusti: Was für Briefe denn?
771 2915 3030 3169 Felix: Hat dir deine Mutter keine nachgeschickt?
766 3056 2947 3287 Liegen keine neuen Engagement santräge vor? Für
774 3238 2250 3472 Deutschland, Amerika, Australien?
783 3331 2733 3657 Gusti: Die Theater reissen sich nicht so.
