3368 4120
2679 366 2802 525 15
724 528 2840 724 Vindenz: Du brauchst dich wirklich noch nicht
718 727 2415 871 auf die ältere Dame hinauszuspielen.
827 759 2820 1011 Das. Ob ich verkännt je wis draz - neben dat d.
712 1000 2981 1199 Kaplan: (erscheint ausserhalb des Zauns von links
724 1175 2363 1337 unten kommend, grüsst) Guten Morgen.
712 1296 2322 1486 Vincenz: Guten Morgen, Herr Kaplan.
715 1474 2978 1647 Josefa: (sass so, dass sie den Kaplan nicht gleich
715 1621 2506 1800 sehen konnte,wendet sich nach ihm um).
1715 1721 1982 1832 will
704 1794 3046 1923 Kaplan: Einen schönen Tag kriegen wir heut wieder.
745 1897 2538 2084 Vincenz: Ein bisl zu schön fürcht ich.
1002 2025 1205 2137 Uur
2322 2028 2618 2134 gletert
704 2061 2975 2245 Kaplan; Sie müssen wieder in die glüthende Stadt
709 2239 2190 2421 hinein, Herr Professor.
715 2409 3013 2562 Vincenz: Das geht nun einmal nicht anders. Wollen
704 2541 3022 2723 Sie nicht einen Moment hereinspazieren in unseren
704 2656 1571 2917 Garten Hochwürden?
695 2861 3025 3005 Kaplan: Wenn's erlaubt ist. (Nochmals guten Morgen
704 2969 2606 3207 Frau Professor. sie reicht ihm die Hand
706 3186 3057 3377 Josefa: Wo kommen Hochwürden denn heute schon her?
689 3277 3040 3485 Kaplan: Ich war schon oben beim alten Wieselthier.
695 3479 2357 3699 Vincenz: Is' schon so weit mit ihm?
