3448 4168
2617 269 2755 553 22
589 497 2881 799 nicht ohne Befangenheit. Allgemeine Begrüssung, un-
601 715 1591 900 gezwungen und rasch.)
601 778 2961 1020 Gusti; (nach allen Seiten) Guten Morgenguten Morgen,
604 1011 1594 1182 guten Morgen, Meister.
604 1113 2716 1328 Vincenz: Schon so oft hab ich Sie gebeten, Sie
604 1256 2854 1460 sollen mich nicht Meister nennen, Fräulein Gusti.
628 1409 2913 1678 Gusti: Wenn Sie aber einer sind. (zu Felix) Kennen
613 1600 2261 1807 Sie überhaupt seine Sachen,Doktor?
610 1705 2976 1950 Felix: Selbstverständlich. Die beiden Kentauren im
1182 1890 1618 2004 sind deßen Une
622 1881 2486 2118 Volksgarten, Herrlich! Sie het is sehr
2474 2118 2569 2240 in
634 2061 1472 2285 Vincenz: (wehrt ab)
628 2190 2973 2426 Gusti: (Na ja die kennt jeder. Aber den neuen Fries
2130 2315 2516 2438 tente cot
634 2342 2797 2531 sollten Sie sehen, den er fürs Keburger Theater
2375 2474 2477 2584 Yr
631 2492 2842 2722 macht, der Herr Professor. (zu Vincenz) Ist Ihnen
655 2662 2976 2887 jetzt leichter,wenn ich Ihnen Professor sag statt
631 2872 1038 3072 Meister?
2055 2910 2187 3051 la
646 2988 2982 3201 Vincenz: (Aber der war ja noch gar nicht fertig, wie
649 3150 2928 3341 Sie mit der Josefa drin waren vor vierzehn Tagen,
1277 3272 1771 3386 Mr Spivak
646 3275 2507 3485 Wenn Sie sich ihn jetzt ansehen würden
646 3380 3048 3694 Josefa: (absichtlich) Hast du eigentlich schon deine
