3320 4104
705 521 2888 727 (schreibt weiter, dann plötzlich) Du, Mutter, ist
693 711 2849 954 der Doktor eigentlich der Bräutigem von der Li
1250 823 1886 932 like in-full due —
690 878 2925 1041 Josefa: (Warum denn? Die denkt doch gar nicht ans
269 848 630 1090 P.M.
1111 966 1714 1078 dre Roi Art ja nach
2113 993 3064 1114 (Mavirt & der das, I donc “toute”
681 1032 3091 1241 Heiraten. Sie geht ja zum Theater. Ein guter Bekann-
1441 1144 1789 1238 alter
678 1129 1929 1362 ter ist er von der Familie.
666 1281 3028 1526 Eduard: Im vorigen Jahr hat sie aber einen anderen
666 1459 2159 1629 guten Bekannten gehabt, die Lili.
1408 1595 2195 1726 Bekante met ceci volé
654 1599 2906 1810 Josefa: Man kann doch viele gute Bekannte haben.
1099 1735 1520 1823 M r de soir.
1686 1744 2598 1868 En Ebe die nenke er in St wicht
657 1789 2979 2028 Eduard: Na heuer sieht man ja doch nur den Doktor.
654 1907 2825 2153 Und der gute Bekannte vom vorigen Jahr ist ver-
651 2092 2903 2277 schwunden auf Nimmerwiedersehen. Er war mir aber
648 2243 2943 2498 lieber;viel fescher wie der Doktor, (und) eleganter
633 2386 2906 2564 Josefa: Wenn du dich nur nicht um Sachen kümmern
1635 2522 2146 2634 him did com't
627 2573 2819 2779 möchtest, die dich nichts angehen./-Schau lieber,
630 2719 2994 2879 dass du bei der Nachprüfung aus Latein durchkommst.
636 2846 2304 3052 Im nächsten Jahr hast du die Matura
1810 2985 2310 3100 notmissio in
618 2985 2589 3230 Eduard: Ich werde ja doch nicht studieren.
609 3167 2958 3339 Josefa: Sag das nur nicht vor dem Vater, es wör sei
651 3318 1568 3503 ne grösste Kränkung
602 3451 3037 3681 Eduard: Der Vater hat doch auch keine Matura gemacht
