3400 4152
769 587 1385 813 trinken lässt.
1477 623 1626 763 G.C.F.P.
733 670 2925 944 Gusti: Was für einen jungen Mann habe ich denn
745 897 2824 1108 Den Eduard meinst du? Aber geh.Felix, du soll
736 1049 2839 1275 test dich wirklich schämen. Jetzt bist du gar
724 1174 2249 1433 auf den Buben eifersüchtig.
730 1302 2973 1573 Felix: Das hat mit Eifersucht gar nichts zu tun.
727 1498 2892 1749 Das ist einfach eine Taktfrage. Im übrigen ist
721 1689 2803 1868 der Eduard kein Bub. Stell dich nicht so, das
1874 1787 2532 1921 1 four & hort it
712 1829 2913 2029 weiset du sehr gut und es ist sehr überflüssig
718 1984 2687 2192 dass du mit ihm deine Rollen studierst.
709 2121 2839 2306 Gusti: Aber ich studier doch nicht mit ihm, er
709 2285 3104 2440 überhört mich einfach, er bringt mir halt die Stich-
697 2469 2907 2615 wörter, so wie du's manchmal in Wien getan hast.
697 2606 2872 2788 Felix: So wie ich - weisst du.daran hätt'st du
688 2767 2877 2940 mich grad nicht erinnern sollen. Das ist nicht
691 2931 1692 3122 besonders beruhigend.
682 3107 3041 3268 Gusti: Aber es war auch was anderes, (sie küsst ihn
673 3256 989 3363 rasch)
688 3387 1689 3598 Felix: (weicht zurück)
