3352 4136
644 506 2682 812 Felix: Aber die Fradls, die denken doch wohl
593 785 1222 950 sind verlebt?
611 866 2813 1118 Gusti: Was kümmert denn das mich, was die Fradls
608 1034 2739 1285 denken? Ich bin ihnen doch keine Rechenschaft
617 1201 2754 1447 schuldig. Sie werden sich halt wahrscheinlich
617 1417 2145 1606 denken, dass wir uns gern haben.
623 1480 2846 1771 Felix: Oder dass du wieder einmal verlobt bist.
554 1639 2816 1891 GustI: Fängst du schon wieder an,Felix,mit der
641 1843 1465 2049 alten Geschichte?
650 1882 2969 2202 Felix: (insistierend) Du wirst mir nicht einreden,
659 2184 1918 2328 dass deine Freundin Josefa
1687 2226 1981 2361 to keep
647 2202 2969 2529 Custi: Sie ist die Freundin von der Mutter.
1324 2412 1759 2529 Nilisn
671 2358 2930 2610 Felix: Das ist ja egal. Aber es ist doch selbst-
677 2541 2936 2778 verständlich, dass die Josefa diese Angelegenheit
1636 2712 2130 2807 benstult
677 2703 2933 2939 damals ganz richtig taxiert hat..
1414 2873 1627 2993 it.
767 2900 1360 3011 Nicht beendigt sehr nicht
683 2816 2966 3122 Gusti: (traurig) Musst du wieder alles verderben?
1903 2990 2250 3113 de Steig
695 3062 3104 3284 Felix: (eigensinnig) Und - das zwischen dir und mir
704 3170 3104 3398 wird sie begreiflicherweise nicht als etwas anderes
1597 3374 1762 3437 is it
710 3386 2939 3625 auffassen, als etwas Edler###, etwas Heiligeces.
719 3506 3041 3799 GustI: Aber gar nichts fasst sie auf, keine Ahnung
