3400 4168
1617 490 2606 733 gibt es dann wieder in
698 517 1567 788 liest das Dokument,
692 692 2752 952 vert, das sie hin und her bewegt, spitzbübisch
700 806 3056 1115 zu Eduard, der regungelos dasteht, nicht nahe Jetzt
718 1019 1678 1223 ist einer neugierig.
2218 1112 2317 1281 G.C.F.P.
712 1130 2069 1404 Eduack: (zuckt die A chseln)
727 1319 1886 1559 Ltii: No. was glaubst du?
724 1410 3018 1699 Eduard: (zuckt wieder die Achseln,wie gleichgültig
753 1655 1655 1877 Lilf: Mein Vertrag!
2633 1742 2860 1862 G.H.F.P.F:F:P:S:
1994 1745 2192 1891 G.H.F.F:F:P:S:
741 1813 1938 2005 Eduard: (Ah so.) Innsbruck?
2636 1888 2995 2049 o'entrareur
753 1961 2040 2180 Lili: Woher weisst du denn?
1982 2005 2309 2122 davon)
765 2043 2977 2309 Eduard: Ihr habt ja neulich zusammen geredt, die
782 2256 1456 2437 Mutter und du,
794 2344 3009 2621 Lili: (ganz erfüllt, nimmt den Vertrag wieder aus
800 2519 2919 2767 dem Couvert) Ja, jetzt bin ich engagiert. Fest
806 2644 2968 2925 engagiert.-vom ersten September dieses Jahres.
817 2846 3167 3085 Auf ein Jahr, das heisst eigentlich nur bis Ostern.
2034 2951 2207 3047 halber
814 2963 3085 3214 Dann sperr'n sie zu. Dann nehm ich für den Sommer
841 3132 3038 3354 ein Engagement in irgend einem Badeort,draussen
835 3322 3015 3508 in Deutschland und im nächsten Jahr- na ja, wer
849 3456 2469 3721 weiss, wo ich im nächsten Jahr bin!
