3416 4152
1215 353 1533 599 Kintler.
746 495 2971 767 Eduard: (gänelich unbefangen) Möchst mich nicht
752 738 1252 850 mitnehmen?
769 827 2172 1073 Lill: Aber selbstverständlich,
772 952 3014 1140 Eduard: Ich mein das gar nicht so im Spass.-
767 1117 3092 1284 Ich hab dir ja früher gesagt, dass ich was mit dir
787 1281 2919 1455 zu reden hätte. Drum hab ich dich ja gefragt,
2152 1383 2678 1472 He hath a moi-
784 1426 3017 1600 ob du mit mir spazieren gehen willst? Ich will
787 1562 2875 1790 nämlich auch zum Theater, (zündet sich jetzt
787 1718 3069 1912 mit gespielter Unbefangenheit eine Zigarette an)
1605 1860 2404 1987 wird. — C nach se bah
781 1892 3063 2123 Lili: (Rauch nicht, du vertragst es ja doch nichts)
1446 2016 2166 2106 ment il dit lejourte, l'étaient
798 2033 3109 2291 Eduard: Bitte, bleiben wir beim Thema. Das Studie-
804 2178 3124 2372 ren freut mich nicht. Ich hab's ja auch schon der
807 2328 2982 2528 Mutter gesagt. Ich möchte Schauspiel er werden.
804 2522 3002 2759 Lili: Aber du bist ja blöd.-Sei froh,dass du's
816 2658 2907 2852 nicht nötig hast. (hält ihm den Kontrakt vor
824 2846 3005 3063 die Nase) (Schau her siebzig Gulden, das wär was
1799 2945 2369 3052 Uut lermin.
1232 2968 1585 3078 n in by
821 3000 2771 3153 für dich. So ein verwöhnter junger Herr.
1669 3092 2094 3179 seemt& tout
821 3115 3040 3326 Eduard: (obstinat) Du hast selber gesagt, ich hab
830 3338 1192 3488 Talent.
879 3396 3066 3700 Lili: Wann hab ich das g'sagt? Nie ist es mir
