3368 4152
2469 428 2587 594 39
614 617 907 824 Julia.
643 692 2920 973 Felix: Ah. "Es ist die Nachtigell und nicht die
623 956 1085 1128 Lerche...
623 1031 2311 1281 Eduard: So weit sind wir noch nicht.
655 1177 2690 1456 (Felix und Gusti sind im Haus verschwunden.
632 1370 2825 1565 Eduard allein, ein paar Schritte nach rückwärts,
637 1530 2857 1780 aus dem Garten hinaus, sieht nach links, gespannt
637 1694 2949 1895 offenbar um den Abschied zwischen Felix und Gusti
640 1881 2817 2059 zu beobachten.Man hört bald den Wagen rollen.
640 1987 2822 2165 Eduard kommt wieder in den Garten zurück, setzt
658 2188 2788 2334 sich auf den Tisch, zündet sich eine Zigarett
663 2245 2906 2501 an. Kathi aus dem Haus mit einer Tasse, nimmt das
666 2489 2831 2656 Glas, aus dem früher Gusti und Eduard getrunken
680 2633 2754 2848 haben, stellt es auf die Tasse, strahlt Eduard
672 2788 2934 2966 wieder an der ungerührt bleibt, mit der Tasse ins
680 2934 2943 3121 Haus, auf der Veranda trifft sie wieder mit Gusti
680 3084 2969 3279 zusammen, sieht ihr nach und verschwindet.Gusti
675 3222 2857 3420 kommt, hat ein xxxesenes Universalbüchel in der
680 3411 982 3586 Hand).
2128 3537 2303 3698 G.C.H.P.
