3336 4136
1048 483 2272 720 versucht sie zu umarmen
1059 673 2964 852 T(schlägt ihn auf die Hand):Aufhören)
877 689 1015 816 Lil
858 819 2529 968 Eduard: Das gehört doch zur Roll
863 913 2917 1188 Lilly: Auf den Proben wird nur markiert
863 1078 2758 1332 Eduard: Und von irgend einem ganz
863 1227 2865 1467 fremden Menschen in Innsbruck wirst du
874 1420 2283 1605 dich doch abbusseln lassen.
880 1580 2909 1762 Lilly: Ja, das kommt immer noch früh ge-
858 1710 2865 1908 nug. Also weiter. Was machst du denn?
863 1883 2964 2098 Eduard (steigt langsam vom Tisch herunter
869 2046 2829 2214 mit theatralischen Bewegungen): Jetzt
960 2178 1255 2314 Aan
877 2209 3014 2432 bin ich aus dem Fenster (gestiegen) und bin
874 2382 1663 2589 unten im Park.
882 2542 1197 2713 Lilly:
869 2540 3083 2846 Freund. Gattef Trauter, bist du mir entrissennt
877 2774 3044 3039 Gib Nachricht jeden Tag mir in der Stunde;
893 2973 2923 3182 Schon die Minut' enthält der Tage viel,
891 3119 3006 3328 Ach so zu rechnen bin ich hoch in Jahren,
888 3259 2471 3491 Eh meinen Romeo ich wiederseh.
896 3450 2267 3648 Eduard: (sich entfernend):
951 3593 2901 3797 Leb wohl, kein Mittel lass ich aus den
2639 3662 2948 3819 Händen
