<?xml version="1.0" encoding="UTF-8" standalone="yes"?>
<PcGts xmlns="http://schema.primaresearch.org/PAGE/gts/pagecontent/2013-07-15" xmlns:xsi="http://www.w3.org/2001/XMLSchema-instance" xsi:schemaLocation="http://schema.primaresearch.org/PAGE/gts/pagecontent/2013-07-15 http://schema.primaresearch.org/PAGE/gts/pagecontent/2013-07-15/pagecontent.xsd">
    <Metadata>
        <Creator>prov=READ-COOP:name=TrHtr:version=2.1.0:model_id=51170:date=25_07_2023_17:41</Creator>
        <Created>2023-05-10T13:50:04.676+02:00</Created>
        <LastChange>2023-07-25T17:41:47.917+02:00</LastChange>
        <TranskribusMetadata docId="1428597" pageId="55415028" pageNr="47" tsid="130761016" status="IN_PROGRESS" userId="64420" imgUrl="https://files.transkribus.eu/Get?id=PMUENNLUKDAIPNHXNUMXYVJC&amp;fileType=view" xmlUrl="https://files.transkribus.eu/Get?id=RHRWZXIGFNHFWBQBXZPNLYST" imageId="44689162"/>
    </Metadata>
    <Page imageFilename="1428597_0047.jpg" imageWidth="3384" imageHeight="4152">
        <ReadingOrder>
            <OrderedGroup id="ro_1711789839947" caption="Regions reading order">
                <RegionRefIndexed index="0" regionRef="tr_1"/>
                <RegionRefIndexed index="1" regionRef="tr_2"/>
            </OrderedGroup>
        </ReadingOrder>
        <TextRegion id="tr_1" custom="readingOrder {index:0;}">
            <Coords points="746,475 3014,475 3014,2430 746,2430"/>
            <TextLine id="tr_1_tl_1" custom="readingOrder {index:0;}">
                <Coords points="2547,623 2584,626 2610,606 2636,615 2647,606 2664,617 2682,617 2687,417 2670,420 2644,400 2601,392 2576,374 2556,380"/>
                <Baseline points="2567,531 2602,528 2647,528 2692,525"/>
                <TextEquiv>
                    <Unicode>47</Unicode>
                </TextEquiv>
            </TextLine>
            <TextLine id="tr_1_tl_2" custom="readingOrder {index:1;}">
                <Coords points="1830,655 1915,649 1944,666 1993,646 2035,663 2093,643 2141,672 2178,640 2264,635 2270,537 2204,532 2155,552 2101,515 2053,517 2013,546 1950,546 1878,580 1835,572"/>
                <Baseline points="1844,641 1868,638 1913,635 1958,635 2002,635 2047,635 2092,629 2137,626 2181,620 2226,614 2271,608"/>
                <TextEquiv>
                    <Unicode>undert</Unicode>
                </TextEquiv>
            </TextLine>
            <TextLine id="tr_1_tl_3" custom="readingOrder {index:2;}">
                <Coords points="749,789 1535,703 1744,818 2124,729 2862,749 2824,592 2133,675 746,575"/>
                <Baseline points="764,716 808,710 853,707 898,704 943,704 988,704 1032,704 1077,704 1122,701 1167,701 1211,704 1256,701 1301,701 1346,701 1390,701 1435,701 1480,701 1525,701 1570,701 1614,701 1659,701 1704,707 1749,710 1793,713 1838,716 1883,716 1928,719 1973,716 2017,719 2062,719 2107,716 2152,716 2196,716 2241,713 2286,713 2331,713 2375,710 2420,710 2465,713 2510,713 2555,713 2599,713 2644,713 2689,713 2734,710 2778,710 2823,710 2868,710"/>
                <TextEquiv>
                    <Unicode>Mcht lange hoff ich send ich ihn zurück."- (Sie</Unicode>
                </TextEquiv>
            </TextLine>
            <TextLine id="tr_1_tl_4" custom="readingOrder {index:3;}">
                <Coords points="752,958 2250,921 2441,1006 3007,1003 3010,789 2904,749 755,795"/>
                <Baseline points="767,880 776,877 820,877 865,880 910,877 955,877 999,877 1044,880 1089,880 1134,880 1179,880 1223,877 1268,877 1313,874 1358,874 1402,874 1447,871 1492,871 1537,871 1581,874 1626,874 1671,871 1716,871 1761,868 1805,871 1850,871 1895,871 1940,871 1984,868 2029,868 2074,868 2119,865 2164,865 2208,865 2253,865 2298,865 2343,868 2387,868 2432,865 2477,865 2522,865 2567,865 2611,865 2656,862 2701,862 2746,862 2790,862 2835,862 2880,859 2925,862 2969,859 3014,862"/>
                <TextEquiv>
                    <Unicode>wiederholt die beiden letzten Verse mit besserem</Unicode>
                </TextEquiv>
            </TextLine>
            <TextLine id="tr_1_tl_5" custom="readingOrder {index:4;}">
                <Coords points="752,1083 1101,1072 1166,1095 1238,1072 1235,938 1081,972 1055,949 958,943 892,978 749,963"/>
                <Baseline points="767,1035 811,1032 856,1032 901,1032 946,1032 990,1032 1035,1032 1080,1032 1125,1035 1170,1035 1214,1035 1244,1038"/>
                <TextEquiv>
                    <Unicode>Ausdruck).</Unicode>
                </TextEquiv>
            </TextLine>
            <TextLine id="tr_1_tl_6" custom="readingOrder {index:5;}">
                <Coords points="766,1244 2779,1246 2782,1061 769,1089"/>
                <Baseline points="782,1187 817,1190 862,1187 907,1185 952,1185 996,1185 1041,1185 1086,1182 1131,1185 1176,1185 1220,1187 1265,1187 1310,1185 1355,1182 1399,1182 1444,1182 1489,1182 1534,1182 1579,1182 1623,1179 1668,1179 1713,1179 1758,1176 1802,1179 1847,1176 1892,1176 1937,1176 1981,1176 2026,1176 2071,1176 2116,1176 2161,1176 2205,1173 2250,1173 2295,1176 2340,1176 2384,1176 2429,1176 2474,1176 2519,1173 2564,1173 2608,1173 2653,1170 2698,1170 2743,1167 2787,1170"/>
                <TextEquiv>
                    <Unicode>I (Indessen, schon kurz nach dem Verschwinden</Unicode>
                </TextEquiv>
            </TextLine>
            <TextLine id="tr_1_tl_7" custom="readingOrder {index:6;}">
                <Coords points="746,1421 2779,1395 2936,1364 2939,1258 749,1258"/>
                <Baseline points="761,1334 793,1337 838,1337 883,1337 928,1337 973,1337 1017,1337 1062,1337 1107,1337 1152,1337 1196,1337 1241,1334 1286,1337 1331,1334 1376,1334 1420,1334 1465,1331 1510,1331 1555,1334 1599,1334 1644,1331 1689,1331 1734,1331 1779,1331 1823,1331 1868,1331 1913,1331 1958,1331 2002,1331 2047,1331 2092,1331 2137,1331 2181,1328 2226,1328 2271,1325 2316,1328 2361,1325 2405,1325 2450,1328 2495,1325 2540,1328 2584,1325 2629,1325 2674,1322 2719,1322 2764,1322 2808,1322 2853,1322 2898,1322 2943,1316"/>
                <TextEquiv>
                    <Unicode>Eduards ist ein Offizier von links her erschie-</Unicode>
                </TextEquiv>
            </TextLine>
            <TextLine id="tr_1_tl_8" custom="readingOrder {index:7;}">
                <Coords points="729,1552 2802,1509 2833,1375 732,1444"/>
                <Baseline points="746,1495 779,1495 823,1495 868,1495 913,1498 958,1495 1002,1492 1047,1492 1092,1492 1137,1492 1182,1489 1226,1489 1271,1489 1316,1489 1361,1489 1405,1486 1450,1486 1495,1486 1540,1486 1584,1486 1629,1486 1674,1486 1719,1486 1764,1486 1808,1486 1853,1483 1898,1483 1943,1483 1987,1483 2032,1483 2077,1483 2122,1483 2167,1483 2211,1486 2256,1483 2301,1483 2346,1480 2390,1480 2435,1477 2480,1480 2525,1480 2570,1480 2614,1480 2659,1480 2704,1477 2749,1474 2793,1477 2838,1474"/>
                <TextEquiv>
                    <Unicode>nen, ist durch die Deklamation Gustis aufmerk-</Unicode>
                </TextEquiv>
            </TextLine>
            <TextLine id="tr_1_tl_9" custom="readingOrder {index:8;}">
                <Coords points="746,1715 2510,1687 2739,1750 2739,1575 2607,1612 2427,1541 746,1601"/>
                <Baseline points="761,1650 776,1647 820,1647 865,1650 910,1653 955,1650 999,1647 1044,1647 1089,1644 1134,1644 1179,1644 1223,1644 1268,1644 1313,1641 1358,1641 1402,1641 1447,1641 1492,1644 1537,1644 1581,1644 1626,1644 1671,1644 1716,1644 1761,1641 1805,1641 1850,1641 1895,1641 1940,1641 1984,1641 2029,1641 2074,1641 2119,1641 2164,1641 2208,1638 2253,1638 2298,1638 2343,1638 2387,1638 2432,1638 2477,1638 2522,1635 2567,1635 2611,1632 2656,1632 2701,1632 2746,1635"/>
                <TextEquiv>
                    <Unicode>sam gemacht stehen geblieben, nicht ganz am</Unicode>
                </TextEquiv>
            </TextLine>
            <TextLine id="tr_1_tl_10" custom="readingOrder {index:9;}">
                <Coords points="2782,1695 2822,1690 2830,1698 2839,1692 2859,1707 2873,1695 2893,1698 2890,1618 2867,1621 2850,1641 2839,1635 2822,1641 2802,1632 2779,1632"/>
                <Baseline points="2796,1677 2841,1677 2886,1680 2901,1680"/>
                <TextEquiv>
                    <Unicode>G.</Unicode>
                </TextEquiv>
            </TextLine>
            <TextLine id="tr_1_tl_11" custom="readingOrder {index:10;}">
                <Coords points="735,1858 998,1895 1083,1861 1326,1892 1407,1855 1850,1855 1824,1712 1206,1707 909,1755 738,1712"/>
                <Baseline points="752,1799 785,1799 829,1799 874,1799 919,1799 964,1799 1008,1799 1053,1799 1098,1799 1143,1796 1187,1796 1232,1796 1277,1799 1322,1799 1367,1799 1411,1796 1456,1796 1501,1796 1546,1796 1590,1799 1635,1796 1680,1796 1725,1793 1770,1790 1814,1796 1859,1793"/>
                <TextEquiv>
                    <Unicode>Zaun und er fuft jetzt)</Unicode>
                </TextEquiv>
            </TextLine>
            <TextLine id="tr_1_tl_12" custom="readingOrder {index:11;}">
                <Coords points="746,1995 998,2001 1184,1958 1355,1998 1761,1975 1792,1964 1795,1847 1624,1890 1412,1855 1335,1890 749,1881"/>
                <Baseline points="761,1955 770,1955 814,1955 859,1955 904,1955 949,1955 993,1952 1038,1952 1083,1952 1128,1952 1173,1952 1217,1952 1262,1955 1307,1955 1352,1955 1396,1955 1441,1955 1486,1955 1531,1952 1576,1952 1620,1949 1665,1949 1710,1949 1755,1946 1799,1952"/>
                <TextEquiv>
                    <Unicode>Offizier: Bravo, brave!</Unicode>
                </TextEquiv>
            </TextLine>
            <TextLine id="tr_1_tl_13" custom="readingOrder {index:12;}">
                <Coords points="740,2181 2842,2184 2882,1978 740,2047"/>
                <Baseline points="755,2107 785,2104 829,2107 874,2107 919,2107 964,2110 1008,2107 1053,2107 1098,2107 1143,2107 1187,2107 1232,2107 1277,2107 1322,2107 1367,2107 1411,2110 1456,2107 1501,2107 1546,2107 1590,2107 1635,2107 1680,2107 1725,2107 1770,2107 1814,2104 1859,2104 1904,2104 1949,2104 1993,2104 2038,2101 2083,2098 2128,2098 2173,2098 2217,2101 2262,2101 2307,2101 2352,2104 2396,2101 2441,2098 2486,2098 2531,2098 2575,2098 2620,2098 2665,2098 2710,2098 2755,2098 2799,2098 2844,2095 2889,2098"/>
                <TextEquiv>
                    <Unicode>Gusti: (wendet sich um. erblickt ihn, schaut ihn</Unicode>
                </TextEquiv>
            </TextLine>
            <TextLine id="tr_1_tl_14" custom="readingOrder {index:13;}">
                <Coords points="746,2347 829,2353 889,2324 952,2336 1046,2321 1072,2344 1103,2324 1135,2327 1132,2187 1055,2210 1015,2184 972,2198 852,2167 789,2196 743,2181"/>
                <Baseline points="761,2268 805,2262 850,2262 895,2262 940,2262 985,2265 1029,2265 1074,2268 1119,2271 1143,2274"/>
                <TextEquiv>
                    <Unicode>nur an.)</Unicode>
                </TextEquiv>
            </TextLine>
            <TextLine id="tr_1_tl_15" custom="readingOrder {index:14;}">
                <Coords points="746,2490 1218,2453 1715,2487 1987,2439 1987,2301 1795,2347 1458,2293 1306,2356 1049,2321 746,2347"/>
                <Baseline points="761,2420 782,2420 826,2417 871,2417 916,2417 961,2417 1005,2417 1050,2414 1095,2417 1140,2417 1185,2417 1229,2420 1274,2417 1319,2417 1364,2417 1408,2417 1453,2417 1498,2417 1543,2414 1587,2414 1632,2414 1677,2414 1722,2414 1767,2411 1811,2411 1856,2411 1901,2411 1946,2411 1990,2411"/>
                <TextEquiv>
                    <Unicode>Offizier:/nochmals) Bravo!</Unicode>
                </TextEquiv>
            </TextLine>
        </TextRegion>
        <TextRegion id="tr_2" custom="readingOrder {index:1;}">
            <Coords points="749,2511 3050,2511 3050,3666 749,3666"/>
            <TextLine id="tr_2_tl_1" custom="readingOrder {index:0;}">
                <Coords points="749,2621 998,2613 1075,2653 1238,2590 1386,2636 1544,2610 1598,2584 1601,2476 1404,2473 1315,2513 1255,2479 1006,2521 749,2510"/>
                <Baseline points="764,2584 799,2575 844,2572 889,2572 934,2570 979,2570 1023,2570 1068,2570 1113,2570 1158,2572 1202,2572 1247,2572 1292,2570 1337,2570 1382,2567 1426,2567 1471,2567 1516,2564 1561,2564 1605,2561"/>
                <TextEquiv>
                    <Unicode>Gusti: Wie bitte?</Unicode>
                </TextEquiv>
            </TextLine>
            <TextLine id="tr_2_tl_2" custom="readingOrder {index:1;}">
                <Coords points="749,2787 2590,2764 2856,2713 2859,2596 1632,2564 1092,2676 752,2624"/>
                <Baseline points="764,2737 802,2731 847,2731 892,2728 937,2728 982,2728 1026,2728 1071,2725 1116,2728 1161,2728 1205,2728 1250,2725 1295,2725 1340,2722 1384,2722 1429,2722 1474,2722 1519,2722 1564,2722 1608,2722 1653,2722 1698,2722 1743,2719 1787,2719 1832,2719 1877,2719 1922,2719 1967,2716 2011,2716 2056,2716 2101,2716 2146,2713 2190,2716 2235,2716 2280,2716 2325,2719 2370,2719 2414,2722 2459,2722 2504,2725 2549,2722 2593,2722 2638,2719 2683,2716 2728,2716 2772,2713 2817,2713 2862,2707"/>
                <TextEquiv>
                    <Unicode>Offizier: Bitte sehr um Entschuldigung,gnädi-</Unicode>
                </TextEquiv>
            </TextLine>
            <TextLine id="tr_2_tl_3" custom="readingOrder {index:2;}">
                <Coords points="755,2925 2730,2916 2953,2879 2953,2759 755,2827"/>
                <Baseline points="770,2889 811,2883 856,2880 901,2883 946,2883 990,2880 1035,2880 1080,2880 1125,2880 1170,2880 1214,2877 1259,2877 1304,2877 1349,2877 1393,2880 1438,2877 1483,2877 1528,2877 1573,2877 1617,2877 1662,2877 1707,2877 1752,2874 1796,2874 1841,2877 1886,2874 1931,2874 1976,2874 2020,2874 2065,2874 2110,2871 2155,2874 2199,2871 2244,2871 2289,2871 2334,2871 2378,2871 2423,2871 2468,2871 2513,2871 2558,2871 2602,2871 2647,2871 2692,2871 2737,2871 2781,2871 2826,2868 2871,2865 2916,2865 2961,2862"/>
                <TextEquiv>
                    <Unicode>ges Fräulein, da mich ein glücklicher Zufall zum</Unicode>
                </TextEquiv>
            </TextLine>
            <TextLine id="tr_2_tl_4" custom="readingOrder {index:3;}">
                <Coords points="755,3079 2956,3067 2985,2962 2587,2899 755,2967"/>
                <Baseline points="770,3032 802,3032 847,3032 892,3032 937,3032 982,3032 1026,3032 1071,3032 1116,3032 1161,3032 1205,3035 1250,3032 1295,3032 1340,3029 1384,3029 1429,3029 1474,3029 1519,3029 1564,3029 1608,3026 1653,3026 1698,3026 1743,3026 1787,3026 1832,3026 1877,3026 1922,3026 1967,3026 2011,3026 2056,3026 2101,3026 2146,3026 2190,3026 2235,3023 2280,3023 2325,3020 2370,3023 2414,3023 2459,3023 2504,3023 2549,3023 2593,3023 2638,3023 2683,3023 2728,3023 2772,3023 2817,3023 2862,3023 2907,3020 2952,3020 2993,3020"/>
                <TextEquiv>
                    <Unicode>Publikum gemacht hat fühle ich mich berechtigt -</Unicode>
                </TextEquiv>
            </TextLine>
            <TextLine id="tr_2_tl_5" custom="readingOrder {index:4;}">
                <Coords points="820,3133 855,3136 892,3116 923,3119 943,3139 961,3125 989,3136 1055,3116 1083,3133 1144,3116 1146,3056 1112,3042 1081,3067 1072,3056 1032,3079 958,3036 883,3076 823,3076"/>
                <Baseline points="838,3116 883,3110 928,3110 973,3107 1017,3107 1062,3107 1107,3101 1152,3098"/>
                <TextEquiv>
                    <Unicode>Carried.</Unicode>
                </TextEquiv>
            </TextLine>
            <TextLine id="tr_2_tl_6" custom="readingOrder {index:5;}">
                <Coords points="746,3265 1647,3190 2779,3230 3039,3202 3042,3130 2427,3047 749,3125"/>
                <Baseline points="764,3187 767,3190 811,3184 856,3187 901,3187 946,3187 990,3187 1035,3187 1080,3187 1125,3190 1170,3187 1214,3187 1259,3184 1304,3184 1349,3181 1393,3181 1438,3181 1483,3181 1528,3184 1573,3184 1617,3181 1662,3181 1707,3181 1752,3181 1796,3181 1841,3181 1886,3181 1931,3181 1976,3181 2020,3178 2065,3178 2110,3178 2155,3178 2199,3178 2244,3178 2289,3178 2334,3178 2378,3178 2423,3181 2468,3178 2513,3178 2558,3178 2602,3178 2647,3178 2692,3178 2737,3178 2781,3178 2826,3178 2871,3178 2916,3175 2961,3172 3005,3169 3050,3169"/>
                <TextEquiv>
                    <Unicode>und verpflichtet mich auch in diesem Sinne zu be-</Unicode>
                </TextEquiv>
            </TextLine>
            <TextLine id="tr_2_tl_7" custom="readingOrder {index:6;}">
                <Coords points="743,3439 1847,3342 2021,3402 2827,3370 2904,3219 746,3282"/>
                <Baseline points="761,3343 764,3343 808,3343 853,3343 898,3340 943,3340 988,3343 1032,3343 1077,3343 1122,3340 1167,3340 1211,3340 1256,3340 1301,3340 1346,3340 1390,3340 1435,3337 1480,3337 1525,3337 1570,3340 1614,3337 1659,3337 1704,3337 1749,3337 1793,3334 1838,3334 1883,3337 1928,3337 1973,3334 2017,3334 2062,3334 2107,3334 2152,3334 2196,3334 2241,3334 2286,3334 2331,3334 2375,3331 2420,3334 2465,3331 2510,3334 2555,3334 2599,3331 2644,3331 2689,3331 2734,3331 2778,3331 2823,3331 2868,3328 2913,3325"/>
                <TextEquiv>
                    <Unicode>nehmen. Darf ich fragen welcher Komödie bei zu-</Unicode>
                </TextEquiv>
            </TextLine>
            <TextLine id="tr_2_tl_8" custom="readingOrder {index:7;}">
                <Coords points="746,3531 1329,3522 1512,3571 1861,3508 1958,3556 2024,3533 2024,3402 1898,3353 1641,3430 746,3430"/>
                <Baseline points="761,3492 779,3495 823,3495 868,3495 913,3495 958,3495 1002,3495 1047,3495 1092,3498 1137,3495 1182,3492 1226,3495 1271,3495 1316,3495 1361,3492 1405,3492 1450,3492 1495,3492 1540,3492 1584,3492 1629,3492 1674,3492 1719,3492 1764,3492 1808,3489 1853,3486 1898,3486 1943,3486 1987,3486 2032,3489"/>
                <TextEquiv>
                    <Unicode>wohnen ich das Glück hatte?</Unicode>
                </TextEquiv>
            </TextLine>
            <TextLine id="tr_2_tl_9" custom="readingOrder {index:8;}">
                <Coords points="732,3705 1221,3699 1304,3765 1941,3668 2439,3748 2776,3653 2776,3559 2504,3522 2284,3585 1858,3505 1249,3596 735,3522"/>
                <Baseline points="749,3656 767,3653 811,3650 856,3650 901,3650 946,3650 990,3650 1035,3650 1080,3650 1125,3650 1170,3650 1214,3650 1259,3650 1304,3647 1349,3647 1393,3647 1438,3647 1483,3647 1528,3647 1573,3647 1617,3647 1662,3647 1707,3644 1752,3644 1796,3644 1841,3647 1886,3644 1931,3644 1976,3644 2020,3644 2065,3644 2110,3641 2155,3644 2199,3641 2244,3644 2289,3644 2334,3644 2378,3644 2423,3641 2468,3641 2513,3641 2558,3641 2602,3641 2647,3638 2692,3638 2737,3635 2781,3635"/>
                <TextEquiv>
                    <Unicode>Gusti: (ihn messend) Und darf ich vielleicht</Unicode>
                </TextEquiv>
            </TextLine>
        </TextRegion>
    </Page>
</PcGts>
