3352 4120
2495 310 2607 459 14
1614 339 2113 502 Souspartitre
577 451 2754 666 Vincenz: Wieso denn? (Wer dann? Die Kathi? Oder
591 609 2007 821 vielleicht das Fräulein GustI?
586 741 2756 993 Josefa: An die hab ich gar nicht gedacht. Eher
580 948 2860 1114 noch an die Rainer-Mädeln, An die Gusti scheint’s
606 1103 2286 1272 denkst nur du  gleich wieder.
603 1255 2871 1473 Vincenz: (stehend, eigentlich immer zum Fortgehen
603 1395 2909 1585 bereit,die Hand auf Josefas Kopf) 0 - Madame sind
597 1565 1545 1751 am End eifersüchtig?
600 1708 2909 1884 Josefa: Erstens bitt ich dich sag mir nicht immer
606 1849 2736 2064 Madame. Und wenn ich eifersüchtig sein wollte
1579 1961 1728 2076 gat
617 2027 2860 2199 hätt es wahrscheinlich schon An-
612 2182 1929 2357 dere gegeben als die Gusti.
2521 2176 2837 2380 to but
606 2357 2751 2504 Vincenz: (ehrlich verwunderter Blick)
617 2455 2814 2673 Josefa: Notunter deinen Modelton -Zum Beispiel
1708 2576 1820 2679 H.
646 2647 2886 2840 jetzt, um für deinen Dionys/uszug dürfte es schon
1665 2728 1987 2837 nod be
623 2794 2843 2972 hübschere Figuren gegeben haben als
744 2917 838 3009 r
620 2886 2866 3161 sogar das Fräulein Gusti eine hat.
620 3115 2822 3290 Vincenz: Das kann ich dich versichern, ein schö-
617 3193 2894 3454 neres Modell hab ich nie wieder gefunden als
614 3405 2538 3624 Josefa: (fortsetzend) Als ich einmal war.
