3336 4184
2757 610 2941 803 112
820 786 2854 928 Wir befinden uns in dem Gasthaus zur blauen
828 959 3016 1112 birne. Unter Bäumen, vom hin und her flackern -
817 1062 3047 1260 den Licht der Gartenlaternen schwach erleuchtet.
817 1229 2969 1391 stehen Tische, um die sich ein sehr gemischtes
817 1385 2974 1514 vorzugsweise aus Studenten und Mitgliedern der
811 1525 2874 1712 unteren Bürgerklasse zusammengesetztes Pu-
814 1689 2960 1809 blikum retht. Die Kapeele, worin sich die Mu -
814 1831 2905 1999 sikanten befinden, steht in der Mitte des ge¬
811 1987 3055 2152 räumigen Gartens. Die Mustkbande selbst, besteht
811 2121 2955 2302 aus drei Getgern, dret Trompeten und zaet Vi -
808 2308 2854 2461 oloncellisten, welche eben eine melancholi -
814 2461 2955 2573 sche Arie aus trgend einer alten italienischen
792 2604 2779 2754 Oper spielen, die sie durch ihr Spiel noch
792 2729 2952 2924 melancholtscher machen. Ganz im Dunkeln, unter
789 2893 2949 3050 dem Schatten eines Baumes flüstern zwei Stim -
783 3058 1015 3183 men.
789 3186 2863 3376 "Hier ist wenigstens unbefangenes Publikum!"
808 3351 2893 3487 „Liebe Elsa, beinahe zu unbefangen; aber hier
767 3529 2927 3666 werden wir nicht durchfallen mit unsern Kompo
