<?xml version="1.0" encoding="UTF-8" standalone="yes"?>
<PcGts xmlns="http://schema.primaresearch.org/PAGE/gts/pagecontent/2013-07-15" xmlns:xsi="http://www.w3.org/2001/XMLSchema-instance" xsi:schemaLocation="http://schema.primaresearch.org/PAGE/gts/pagecontent/2013-07-15 http://schema.primaresearch.org/PAGE/gts/pagecontent/2013-07-15/pagecontent.xsd">
    <Metadata>
        <Creator>prov=READ-COOP:name=TrHtr:version=2.1.0:model_id=51170:date=14_08_2023_17:24</Creator>
        <Created>2023-05-10T14:30:45.087+02:00</Created>
        <LastChange>2023-08-14T17:24:52.570+02:00</LastChange>
        <TranskribusMetadata docId="1428638" pageId="55420848" pageNr="19" tsid="132818369" status="IN_PROGRESS" userId="64420" imgUrl="https://files.transkribus.eu/Get?id=HRYROQUKLFLOJWMPCGJJYAGO&amp;fileType=view" xmlUrl="https://files.transkribus.eu/Get?id=JEBQGYXCHIFJNEMLETSVLPVG" imageId="44694950"/>
    </Metadata>
    <Page imageFilename="1428638_0019.jpg" imageWidth="3544" imageHeight="4312">
        <ReadingOrder>
            <OrderedGroup id="ro_1711819287996" caption="Regions reading order">
                <RegionRefIndexed index="0" regionRef="tr_1"/>
            </OrderedGroup>
        </ReadingOrder>
        <TextRegion id="tr_1" custom="readingOrder {index:0;}">
            <Coords points="955,445 3437,445 3437,3578 955,3578"/>
            <TextLine id="tr_1_tl_1" custom="readingOrder {index:0;}">
                <Coords points="2923,518 2937,521 2953,507 2962,513 2979,510 2987,521 3031,504 3059,510 3065,412 3037,412 3015,435 2998,443 2979,429 2962,440 2942,426 2928,426"/>
                <Baseline points="2938,504 2977,498 3021,495 3066,498"/>
                <TextEquiv>
                    <Unicode>14</Unicode>
                </TextEquiv>
            </TextLine>
            <TextLine id="tr_1_tl_2" custom="readingOrder {index:1;}">
                <Coords points="950,836 3165,658 3176,546 1215,750 964,697"/>
                <Baseline points="967,830 979,827 1024,821 1069,818 1113,812 1158,809 1203,806 1248,800 1293,797 1337,794 1382,788 1427,785 1472,782 1516,779 1561,779 1606,773 1651,770 1696,761 1740,758 1785,755 1830,749 1875,746 1920,743 1964,737 2009,734 2054,731 2099,728 2144,722 2188,719 2233,716 2278,710 2323,707 2368,704 2412,701 2457,695 2502,689 2547,686 2591,680 2636,677 2681,671 2726,665 2771,662 2815,656 2860,650 2905,647 2950,647 2995,645 3039,636 3084,636 3129,633 3174,630"/>
                <TextEquiv>
                    <Unicode>erstemal Gelegenheit ist. Sonst waren immer die</Unicode>
                </TextEquiv>
            </TextLine>
            <TextLine id="tr_1_tl_3" custom="readingOrder {index:2;}">
                <Coords points="936,1020 2109,931 2237,875 2441,900 2583,825 2137,786 1992,841 1652,836 1524,900 947,903"/>
                <Baseline points="955,982 973,982 1018,976 1063,973 1107,970 1152,967 1197,964 1242,958 1287,955 1331,952 1376,949 1421,946 1466,943 1510,937 1555,934 1600,928 1645,925 1690,922 1734,916 1779,910 1824,907 1869,904 1914,898 1958,895 2003,892 2048,886 2093,883 2138,880 2182,877 2227,871 2272,868 2317,865 2362,860 2406,857 2451,854 2496,848 2541,845 2586,845"/>
                <TextEquiv>
                    <Unicode>Eltern mit, heute aber</Unicode>
                </TextEquiv>
            </TextLine>
            <TextLine id="tr_1_tl_4" custom="readingOrder {index:3;}">
                <Coords points="986,1128 1031,1126 1059,1156 1321,1114 1401,1154 1513,1089 1563,1112 1574,981 1438,972 1307,1056 992,1056"/>
                <Baseline points="1003,1116 1039,1116 1083,1119 1128,1119 1173,1116 1218,1110 1263,1107 1307,1104 1352,1101 1397,1095 1442,1092 1487,1086 1531,1072 1576,1066"/>
                <TextEquiv>
                    <Unicode>"Theobald /? "</Unicode>
                </TextEquiv>
            </TextLine>
            <TextLine id="tr_1_tl_5" custom="readingOrder {index:4;}">
                <Coords points="1000,1282 1151,1304 1563,1245 1675,1273 1688,1106 1569,1145 1507,1131 1382,1201 1315,1181 1237,1215 1006,1218"/>
                <Baseline points="1015,1281 1057,1275 1101,1275 1146,1272 1191,1272 1236,1266 1281,1263 1325,1257 1370,1254 1415,1251 1460,1245 1505,1239 1549,1233 1594,1230 1639,1221 1684,1218"/>
                <TextEquiv>
                    <Unicode>"Mein Teurer?"</Unicode>
                </TextEquiv>
            </TextLine>
            <TextLine id="tr_1_tl_6" custom="readingOrder {index:5;}">
                <Coords points="1014,1443 1321,1463 2313,1329 2611,1360 2669,1223 1023,1354"/>
                <Baseline points="1033,1418 1060,1427 1104,1427 1149,1424 1194,1424 1239,1421 1284,1418 1328,1415 1373,1409 1418,1403 1463,1400 1508,1394 1552,1391 1597,1385 1642,1382 1687,1379 1731,1373 1776,1370 1821,1364 1866,1361 1911,1358 1955,1352 2000,1352 2045,1346 2090,1343 2135,1340 2179,1337 2224,1331 2269,1328 2314,1325 2359,1322 2403,1316 2448,1313 2493,1307 2538,1301 2583,1295 2627,1293 2672,1293"/>
                <TextEquiv>
                    <Unicode>"Wieso weisst Du denn das se genau!</Unicode>
                </TextEquiv>
            </TextLine>
            <TextLine id="tr_1_tl_7" custom="readingOrder {index:6;}">
                <Coords points="1011,1583 2368,1538 2884,1415 3034,1468 3045,1337 2976,1290 1017,1527"/>
                <Baseline points="1030,1579 1075,1579 1119,1573 1164,1570 1209,1567 1254,1564 1298,1561 1343,1555 1388,1552 1433,1546 1478,1543 1522,1537 1567,1534 1612,1531 1657,1525 1702,1522 1746,1519 1791,1513 1836,1510 1881,1505 1926,1502 1970,1496 2015,1493 2060,1490 2105,1487 2150,1484 2194,1481 2239,1478 2284,1472 2329,1466 2373,1463 2418,1460 2463,1454 2508,1448 2553,1445 2597,1442 2642,1439 2687,1433 2732,1430 2777,1424 2821,1421 2866,1415 2911,1412 2956,1406 3001,1403 3045,1403"/>
                <TextEquiv>
                    <Unicode>Theobald lächelte überlegen. "Das steht man</Unicode>
                </TextEquiv>
            </TextLine>
            <TextLine id="tr_1_tl_8" custom="readingOrder {index:7;}">
                <Coords points="1028,1764 3118,1622 3123,1535 2920,1488 1897,1588 1747,1663 1036,1669"/>
                <Baseline points="1045,1740 1069,1740 1113,1737 1158,1734 1203,1731 1248,1728 1293,1725 1337,1720 1382,1717 1427,1711 1472,1708 1516,1705 1561,1699 1606,1696 1651,1693 1696,1687 1740,1684 1785,1681 1830,1678 1875,1672 1920,1666 1964,1663 2009,1660 2054,1654 2099,1651 2144,1645 2188,1639 2233,1636 2278,1630 2323,1627 2368,1624 2412,1621 2457,1618 2502,1612 2547,1612 2591,1606 2636,1600 2681,1597 2726,1591 2771,1585 2815,1582 2860,1579 2905,1573 2950,1570 2995,1567 3039,1567 3084,1561 3129,1561"/>
                <TextEquiv>
                    <Unicode>doch gleich.... da kommt sie schon wieder...</Unicode>
                </TextEquiv>
            </TextLine>
            <TextLine id="tr_1_tl_9" custom="readingOrder {index:8;}">
                <Coords points="1034,1911 1867,1842 2062,1878 2262,1803 2399,1850 2627,1792 2639,1694 2505,1658 2240,1714 2137,1655 1850,1778 1042,1814"/>
                <Baseline points="1048,1899 1080,1896 1125,1893 1170,1887 1215,1887 1260,1881 1304,1878 1349,1872 1394,1869 1439,1863 1484,1857 1528,1854 1573,1848 1618,1845 1663,1842 1708,1839 1752,1836 1797,1830 1842,1827 1887,1821 1932,1818 1976,1818 2021,1815 2066,1812 2111,1803 2156,1797 2200,1794 2245,1788 2290,1788 2335,1779 2379,1776 2424,1770 2469,1767 2514,1764 2559,1755 2603,1755 2639,1737"/>
                <TextEquiv>
                    <Unicode>Sei kein Narr und sprich sie an!</Unicode>
                </TextEquiv>
            </TextLine>
            <TextLine id="tr_1_tl_10" custom="readingOrder {index:9;}">
                <Coords points="1059,2045 1123,2070 1616,2023 1730,2053 1967,1978 2006,1998 2009,1936 1825,1881 1343,1989 1064,1975"/>
                <Baseline points="1075,2042 1116,2042 1161,2039 1206,2036 1251,2033 1295,2030 1340,2027 1385,2021 1430,2018 1475,2012 1519,2009 1564,2003 1609,2000 1654,1997 1699,1994 1743,1991 1788,1985 1833,1982 1878,1979 1923,1976 1967,1976 2012,1973"/>
                <TextEquiv>
                    <Unicode>"Aber ihre Freundin.</Unicode>
                </TextEquiv>
            </TextLine>
            <TextLine id="tr_1_tl_11" custom="readingOrder {index:10;}">
                <Coords points="1073,2201 2783,2120 2797,1967 2042,2056 1616,2020 1413,2112 1081,2120"/>
                <Baseline points="1092,2185 1137,2185 1182,2188 1227,2188 1272,2185 1316,2182 1361,2176 1406,2173 1451,2170 1496,2167 1540,2164 1585,2161 1630,2156 1675,2153 1720,2147 1764,2144 1809,2141 1854,2135 1899,2129 1943,2126 1988,2123 2033,2120 2078,2117 2123,2114 2167,2108 2212,2105 2257,2102 2302,2096 2347,2090 2391,2087 2436,2084 2481,2078 2526,2075 2571,2069 2615,2063 2660,2060 2705,2054 2750,2036 2795,2039"/>
                <TextEquiv>
                    <Unicode>"Dummheit, dte hat schon gelächelt."</Unicode>
                </TextEquiv>
            </TextLine>
            <TextLine id="tr_1_tl_12" custom="readingOrder {index:11;}">
                <Coords points="1089,2360 1825,2343 2240,2268 2313,2299 2363,2279 2371,2176 1666,2184 1549,2274 1098,2276"/>
                <Baseline points="1107,2356 1119,2353 1164,2350 1209,2350 1254,2344 1298,2344 1343,2338 1388,2335 1433,2329 1478,2326 1522,2323 1567,2317 1612,2314 1657,2311 1702,2308 1746,2302 1791,2299 1836,2293 1881,2290 1926,2284 1970,2278 2015,2278 2060,2272 2105,2269 2150,2266 2194,2260 2239,2257 2284,2254 2329,2254 2373,2254"/>
                <TextEquiv>
                    <Unicode>"Aber meine Schüchtenheit."</Unicode>
                </TextEquiv>
            </TextLine>
            <TextLine id="tr_1_tl_13" custom="readingOrder {index:12;}">
                <Coords points="1106,2519 2839,2416 2976,2340 3240,2377 3252,2240 2307,2352 1884,2321 1516,2427 1114,2402"/>
                <Baseline points="1122,2496 1149,2493 1194,2496 1239,2496 1284,2496 1328,2490 1373,2487 1418,2481 1463,2478 1508,2475 1552,2472 1597,2466 1642,2463 1687,2460 1731,2457 1776,2451 1821,2448 1866,2442 1911,2439 1955,2433 2000,2427 2045,2424 2090,2421 2135,2415 2179,2415 2224,2409 2269,2406 2314,2400 2359,2397 2403,2391 2448,2388 2493,2385 2538,2382 2583,2376 2627,2373 2672,2368 2717,2365 2762,2362 2806,2356 2851,2353 2896,2347 2941,2344 2986,2341 3030,2338 3075,2332 3120,2329 3165,2326 3210,2323 3254,2326"/>
                <TextEquiv>
                    <Unicode>„Weg mit ihr, schäme Dich. Denke Dir nur eins:</Unicode>
                </TextEquiv>
            </TextLine>
            <TextLine id="tr_1_tl_14" custom="readingOrder {index:13;}">
                <Coords points="1092,2669 2719,2594 3215,2508 3221,2435 1098,2583"/>
                <Baseline points="1107,2663 1116,2660 1161,2657 1206,2654 1251,2651 1295,2645 1340,2645 1385,2639 1430,2633 1475,2630 1519,2624 1564,2621 1609,2615 1654,2612 1699,2609 1743,2606 1788,2600 1833,2597 1878,2591 1923,2588 1967,2583 2012,2580 2057,2577 2102,2571 2147,2571 2191,2571 2236,2559 2281,2559 2326,2553 2371,2547 2415,2544 2460,2541 2505,2535 2550,2532 2594,2529 2639,2523 2684,2517 2729,2514 2774,2511 2818,2508 2863,2505 2908,2505 2953,2499 2998,2493 3042,2490 3087,2487 3132,2484 3177,2481 3222,2478"/>
                <TextEquiv>
                    <Unicode>Das schlimmste was mir geschehen kann, ist...</Unicode>
                </TextEquiv>
            </TextLine>
            <TextLine id="tr_1_tl_15" custom="readingOrder {index:14;}">
                <Coords points="1126,2817 2887,2731 3093,2639 3252,2683 3263,2566 1134,2731"/>
                <Baseline points="1140,2806 1161,2801 1206,2801 1251,2801 1295,2798 1340,2792 1385,2789 1430,2789 1475,2783 1519,2780 1564,2774 1609,2771 1654,2765 1699,2762 1743,2759 1788,2753 1833,2750 1878,2744 1923,2741 1967,2738 2012,2735 2057,2729 2102,2726 2147,2720 2191,2717 2236,2711 2281,2708 2326,2705 2371,2702 2415,2696 2460,2693 2505,2687 2550,2681 2594,2681 2639,2675 2684,2672 2729,2666 2774,2660 2818,2657 2863,2654 2908,2651 2953,2648 2998,2642 3042,2636 3087,2633 3132,2630 3177,2627 3222,2621 3266,2621"/>
                <TextEquiv>
                    <Unicode>"Dass sie mich zurückweist", unterbrach ihn A¬</Unicode>
                </TextEquiv>
            </TextLine>
            <TextLine id="tr_1_tl_16" custom="readingOrder {index:15;}">
                <Coords points="1154,3118 1861,3112 2430,3009 2814,3043 3165,2939 3174,2859 2555,2878 2385,2948 1811,2923 1463,3037 1159,3037"/>
                <Baseline points="1170,3111 1203,3102 1248,3099 1293,3099 1337,3093 1382,3090 1427,3087 1472,3081 1516,3081 1561,3078 1606,3072 1651,3066 1696,3063 1740,3060 1785,3054 1830,3048 1875,3048 1920,3042 1964,3039 2009,3036 2054,3030 2099,3027 2144,3024 2188,3018 2233,3016 2278,3010 2323,3004 2368,3004 2412,3001 2457,2995 2502,2989 2547,2986 2591,2983 2636,2980 2681,2977 2726,2971 2771,2965 2815,2959 2860,2956 2905,2950 2950,2947 2995,2944 3039,2941 3084,2935 3129,2929 3174,2926"/>
                <TextEquiv>
                    <Unicode>"Ketne Spur. Das Schlimmste XXX, uäre, dass</Unicode>
                </TextEquiv>
            </TextLine>
            <TextLine id="tr_1_tl_17" custom="readingOrder {index:16;}">
                <Coords points="1123,2976 1184,2962 1220,2973 1237,2959 1273,2965 1298,2951 1346,2973 1415,2965 1432,2951 1471,2956 1474,2909 1449,2906 1410,2870 1351,2892 1262,2878 1181,2906 1128,2895"/>
                <Baseline points="1137,2962 1167,2959 1212,2953 1257,2950 1301,2947 1346,2941 1391,2938 1436,2935 1481,2935"/>
                <TextEquiv>
                    <Unicode>ma de us.</Unicode>
                </TextEquiv>
            </TextLine>
            <TextLine id="tr_1_tl_18" custom="readingOrder {index:17;}">
                <Coords points="1142,3265 3313,3129 3327,3001 2184,3115 1421,3098 1148,3182"/>
                <Baseline points="1158,3263 1179,3260 1224,3257 1269,3254 1313,3251 1358,3248 1403,3245 1448,3239 1493,3234 1537,3231 1582,3228 1627,3222 1672,3216 1717,3213 1761,3210 1806,3204 1851,3198 1896,3195 1940,3192 1985,3186 2030,3183 2075,3180 2120,3174 2164,3171 2209,3168 2254,3165 2299,3159 2344,3156 2388,3150 2433,3147 2478,3144 2523,3138 2568,3138 2612,3132 2657,3126 2702,3123 2747,3120 2792,3114 2836,3111 2881,3108 2926,3105 2971,3099 3016,3096 3060,3090 3105,3084 3150,3081 3195,3078 3239,3072 3284,3069 3329,3066"/>
                <TextEquiv>
                    <Unicode>Du Dich nicht verliebst. Aber jetzt sprich mit</Unicode>
                </TextEquiv>
            </TextLine>
            <TextLine id="tr_1_tl_19" custom="readingOrder {index:18;}">
                <Coords points="1179,3430 2750,3363 3121,3252 3371,3277 3383,3162 3265,3118 1989,3293 1663,3235 1390,3371 1187,3332"/>
                <Baseline points="1194,3425 1233,3416 1278,3413 1322,3410 1367,3407 1412,3401 1457,3398 1502,3392 1546,3389 1591,3383 1636,3383 1681,3374 1725,3371 1770,3365 1815,3359 1860,3356 1905,3350 1949,3347 1994,3347 2039,3341 2084,3335 2129,3332 2173,3329 2218,3329 2263,3323 2308,3317 2353,3314 2397,3311 2442,3305 2487,3302 2532,3296 2577,3293 2621,3290 2666,3287 2711,3281 2756,3278 2801,3275 2845,3272 2890,3266 2935,3260 2980,3257 3024,3254 3069,3248 3114,3245 3159,3239 3204,3239 3248,3234 3293,3228 3338,3225 3383,3219"/>
                <TextEquiv>
                    <Unicode>ihr, oder ich verachte Dich aus tiefster Seele.</Unicode>
                </TextEquiv>
            </TextLine>
            <TextLine id="tr_1_tl_20" custom="readingOrder {index:19;}">
                <Coords points="1193,3569 3068,3491 3424,3441 3435,3299 2062,3441 1204,3430"/>
                <Baseline points="1209,3568 1242,3565 1287,3559 1331,3556 1376,3556 1421,3553 1466,3550 1510,3544 1555,3541 1600,3535 1645,3532 1690,3529 1734,3523 1779,3520 1824,3514 1869,3511 1914,3508 1958,3502 2003,3502 2048,3496 2093,3490 2138,3487 2182,3484 2227,3481 2272,3475 2317,3472 2362,3469 2406,3466 2451,3460 2496,3457 2541,3454 2586,3449 2630,3443 2675,3440 2720,3437 2765,3434 2809,3431 2854,3425 2899,3419 2944,3416 2989,3413 3033,3410 3078,3404 3123,3401 3168,3398 3213,3395 3257,3392 3302,3389 3347,3383 3392,3377 3437,3374"/>
                <TextEquiv>
                    <Unicode>"Erlauben Sie mein Fräulein, dass ich Sie beglet</Unicode>
                </TextEquiv>
            </TextLine>
        </TextRegion>
    </Page>
</PcGts>
