3432 4168
2725 525 2872 658 56
831 649 2826 857 schlafen dreinschaueneder, nicht mehr ganz
831 823 3152 999 junger Mensch in einem Stuhle habb sass, halb 10
828 990 2823 1152 Als er Tritte hörte, sah erauf und blichte
837 1117 2104 1302 dem Ankömmling ins Gesicht.
834 1296 3137 1440 "Ah ihr seid mein neuer Kamerade!" sprach er dann
825 1429 3045 1587 ziemlich schläfrig. "Ich habe hier oben am Fen-
834 1590 2889 1732 ster gehört, wie ihr euch so freundlich für
837 1769 2973 1890 den entlaufenen Fidelio dem Direktor antrugt."
828 1890 3077 2046 “Ja, und ich glaube, auch wenn Fidelio nicht das
823 2055 2996 2196 Weite gesucht hätte, dürfte ich mich zu euern
805 2205 2953 2378 Kameraden zählen. Ihr agiert den Papst morgen
808 2358 1169 2514 Abend?“
834 2491 2880 2644 "So ists. Das ist so mein Fach. In den Lust-
817 2638 2843 2800 spielen und komischen Stücken spiel ich die
823 2834 2984 2935 betrogenen Väter und Onkel und dergleichen. In
814 2964 2993 3129 den traurigen spiel ich auch unglückliche Köni-
814 3143 3005 3270 ge, Päpste. Mein Fach sind überhaupt die Leute,
811 3259 2693 3426 die sich nicht recht zu helfen wissen. „
808 3403 2638 3590 "Könnt Ihr eure Rolle schon auswendig?“
823 3582 2857 3723 “Ich habe sie oft genug gespielt. Doch kennt
