3512 4296
2920 547 3008 662 1
882 730 3112 815 Von einem Poeten, der weder lieben noch dichten
879 857 1474 975 konnte.
1381 1167 3103 1271 Die Wolken in der Luft treiben heute
874 1322 3092 1449 ein lustiges Spiel; sie fliehen hin und her vor
879 1494 3146 1581 dem bleichen, ernsten Mond, der ruhig im Himmels
877 1649 3067 1781 raum schwebt, sie ziehen fort und verschwinden,
871 1812 3016 1951 und necken sich oben in der tiefblauen, beweg¬
877 1970 2960 2041 ten Luft. Sie verhüllen scherzend die blasse
863 2123 3030 2266 Scheibe, dann zucken sie plötzlich auseinander
868 2275 3101 2418 und sind zerflossen in duftigen, dunkeln Aether.
1130 2393 3072 2551 Da wurde auf Erden mit einemmale geister¬
857 2571 2900 2661 haft helle, der Vollmondschein giesst seine
851 2700 3078 2813 welchen silbernen Lichtwogen über sie hin, eine
846 2892 3019 2977 langsame Flut von milden Strahlen wandelt über
846 3025 3064 3118 Wiesen und Hain und die Wälder, die in Finster¬
848 3199 2903 3264 nis dalagen, - mit einem Mal heben sie sich
843 3357 3061 3436 selbsam leuchtend heraus aus dem starren Dunkel
857 3501 2929 3577 der Nacht. Blau schimmerts durch die Wipfel
843 3628 3025 3774 und Blätter und die schlafenden Blumen nicken
837 3788 2895 3927 mit den Häuptern und träumen fort
