3416 4200
2827 665 2952 853 93
850 782 2758 1038 „Ganz so ist es“, erwiderte Blacca ernst.
850 990 2864 1192 „Und es gibt wahrhaftig Dinge, die einem in
847 1170 3135 1352 der Wirklichkeit weniger unnatürlich dünken, als
847 1289 1757 1492 in der Erzählung. „
873 1455 3032 1660 'O meint doch nicht, dass ich euch keinen Glau-
844 1609 2858 1811 ben schenke.... Aber eine Frage, - kann man
847 1763 1757 1948 diese Nenne sehen!"
867 1920 2989 2114 "Sse verbot mir nichts und sprach darüber kein
833 2042 3007 2273 Wort. Ach, sagte sie mir, wenn das Bild gemalt
841 2234 3012 2408 set, dann solle ich dafür in einer Gemäldesamm-
830 2356 2932 2579 lung die beste Stelle aussuchen, von ihr wür-
839 2544 2005 2698 de ich nichts mehr hören.
856 2639 2798 2861 "Ich will sie aber sehen wie sie leibt und
827 2804 2921 3027 lebt- und nicht ihr Bild. Wann kommt sie wie-
827 2927 1098 3118 der?"
853 3135 2898 3266 “Glaubt ihr etwa, sie wäre es, die euch noch
824 3275 2955 3454 begeistern und wieder zum Dichter machen könn¬
816 3429 1093 3597 te! 8 "
830 3557 2867 3725 “Ich will offen sein und muss euch gestehen,
