3464 4168
2838 429 2972 735 86
874 621 2899 861 schnell. Eine jede grössere innere Erregung
869 830 2966 1028 treibt auch den Körper zu frischer Beweglich-
886 997 2757 1167 keit. Der Fremde begann wieder zu reden.
900 1172 3064 1340 "Ihr zweifeltet früher, dass man wegen der Lie-
897 1281 3008 1468 be und Poeste glücklich sein könnte!! Wie ver¬
897 1434 2994 1635 stch ich das! Ihr seht doch am Ende nicht aus
900 1568 2924 1774 wie ein nüchtern einhertrollender Philister
908 1738 2927 1924 ihr habt etwas im Wesen, das mich an Musen¬
919 1880 3161 2078 diener gemahnt — ihr seid doch nicht am Ende ein
925 2036 2991 2239 unglücklicher Liebhaber xxx und ein unglück-
913 2181 2941 2401 licher Peet - - Undenkbar! Oder habt ihr am
913 2353 2802 2548 Ende eine schlechte Geliebte und machtet
925 2518 2863 2688 schlechte Versel Seht einmal, untreu kann
922 2646 3114 2841 mir m e i n e Geliebte nie werden. Sie geht mir
930 2785 3147 2997 zum wenigsten nicht durch - das habe ich sicher-
933 2963 3055 3144 was endlich meine Verse anlangt,- nun so stig
941 3141 3105 3323 ich ste in süsser Schäferstunde, in den Armen
941 3258 3058 3467 meiner Geliebten — — Nun, nun, rennt mir noch
947 3409 2178 3651 nicht davon, mein Freund!“
