3528 4312
2956 544 3094 723 20
944 626 3058 904 Dirt Komm, sprieh sie an! Nun, nunt! Oh, toh
966 881 3131 1040 merke Du grühelst schon wieder, und die schöne
955 1063 3230 1213 Maid ist. verschwunden. Das ist Dein Schick
963 1179 2961 1338 sal, Amadeus daraus kannst Dus ersehen; Du
958 1326 3035 1519 wirst grübein über dte Freude und die Freude
963 1499 2018 1644 entflieht unterdessen.
969 1644 3009 1797 "Du hast recht, Theobald, ich will mich auf
975 1814 1383 1952 raffen."
972 1958 3188 2097 "Du gibst mir heute mindestens zum zehnten Male
963 2137 3035 2270 recht; damit ist nichts getan. Hallo, aufge¬
961 2236 3134 2409 wacht, lustig!" Die beiden standen bei dem Tor
966 2392 3230 2556 eines erleuchteten öffentlichen Gartens, wo eine
961 2576 3089 2706 dichte Menschenmenge hin und her wogte. Leute
969 2715 3191 2879 tauchten plötzlich im Lichte der Laternen her¬
969 2837 3126 3012 vor, bald verschwanden sie wieder in der Dun¬
961 2995 3126 3194 kelhett der Alleen. So wogte es durcheinander
966 3202 3043 3358 während die Klänge eines lustigen Walzers zu
966 3335 2474 3514 den Spaztergängern herrauschten.
969 3471 2978 3630 "Kennst Du diesen Garten!" fragte Theobald.
972 3605 2953 3809 “Seit xvet Jahren warst Du nicht darin aus
961 3789 2998 3933 höchst ungerechtfertigten Gründen. Weil die
