3512 4232
2820 465 2988 624 28
899 622 3111 871 Kühler Schauer durchfloss ihn - sie stand stei¬
916 756 3058 1019 nern und marmorstill vor ihm, die süsse
921 932 3122 1176 holde Liebesgöttin, - er sah sie an, als erwar¬
944 1089 3198 1350 tete er aus ihrem duftigen Munde Worte, aber ste
944 1254 3021 1526 schwieg. Sie stand da, wortlos, kalt und das
941 1417 3066 1655 Mondlicht flimmerte über dem weissen Antlitz,
966 1596 2660 1789 das regungslos in die Leere starrte.
955 1716 3002 1985 Noch hörte Amadeus das Rauschen des Flusses
988 1879 3049 2114 und der Boden schwankte unter seinen Füssen,
988 2033 3133 2237 als sässe er im Kahn, im lustig dahinflieesen¬
1008 2148 3128 2386 den. Er trat zum Fenster; gleichmässig rannen
1008 2330 3136 2551 die ruhelosen Wogen hin und die blassen Berge
1011 2447 3270 2741 ragten starr empor in den fern grauenden Morgen.
2461 3083 2590 3231 G.C.H.
