3512 4248
2872 481 3079 668 3311
1029 752 3006 954 "Pilger Du verfolgst mich immer und immer.
1026 886 3062 1099 Bleib Deinem Orden treu und lass die Wetber
1043 1032 3174 1253 den Männern, welche nicht der Welt entsagt ha
1060 1258 1630 1457 ben wie Du."
1074 1365 3107 1558 "Du scherzest reizende Spanterln, wie eigen
1065 1499 3316 1728 in Deinem Mund das Wort:entsagen klingt. Sprichs
1068 1672 3213 1882 noch einmal aus, ich bitte Dich, es klingt so
1079 1846 2668 2016 wundellieblich auf Deinen Lippen."
1110 1966 2746 2170 "Pilger entsage der Welt, entsagel"
1107 2103 3213 2338 "O für Dich möcht ich ihr entsagen, der Welt,
1124 2296 2754 2511 für Dich allein, Du einzig schöne!"
1116 2436 2765 2659 "Pilger entsage dem Weib, entsag###
1141 2581 2410 2782 "Nur Dir nicht, Spanterin!"
1138 2749 3193 2950 "Warum also hast Du Dich in diese Fracht ge¬
1141 2869 3347 3098 kleidet, wenn Du nicht dem Weib, nicht mir ent¬
1149 3014 3389 3246 sagen kannst! Wandre doch fort zum hetlige n Gra###
1169 3182 2989 3392 ins heilige Land - wandre und entsage!"
1183 3300 3300 3576 „Genug des Scherzes; reich mir Deinen Arm, es
1183 3484 3266 3711 tet mir so, als hätt ich ihn schon einmal in
