3496 4280
2890 507 2973 628 2
1124 608 2985 838 Ein Jüngling lag in einer solchen Nacht
810 833 2858 1011 einsam am Rande des mondschimmernden Waldes
818 959 3025 1170 und hatte das Haupt an einen Baumstamm gelehnt,
821 1112 2858 1317 so dass gerade ein silberner Lichtglanz auf
807 1242 2847 1472 Stirn und Augen lag. Vor ihm lag die Wiese.
2976 1219 3118 1435 P.S.
824 1415 3141 1628 hell beschienen und ganz verlassen, eine träu¬
2927 1507 3057 1599 que je suis ai
795 1559 2996 1758 mende Stille schlummerte über ihren Gräsern
838 1772 1371 1916 und Blumen.
841 1876 3069 2043 fast schien es als betete der Jüngling; er sass
847 2023 2867 2227 so ruhig da und seine Lippen bewegten sich,
853 2193 3141 2351 aber er sprach andre Worte als die eines Gebetes.
859 2366 3005 2541 "O ihr Glücklichen", murmelte er vor stch hin,
861 2469 2979 2691 "die man euch unglücklich nennt, ihr, die ihr
859 2654 2899 2850 das Menschengeschlecht berachtet, aber doch
864 2798 2988 3005 eurer selbst bewusst seid, an euch glaubt und
864 2973 2809 3155 an euren Menschenwert. O thr Glücklichen
870 3103 3002 3296 tausendfach Glücklichen, wenn ihr den Glauben
859 3230 3089 3472 an euch selbst nicht verloren habt, dieses un-
876 3429 2489 3607 schätzbarste aller Menschengüter!"
913 3558 3005 3774 Er hatte die letzten Worte laut in die Nacht
