<?xml version="1.0" encoding="UTF-8" standalone="yes"?>
<PcGts xmlns="http://schema.primaresearch.org/PAGE/gts/pagecontent/2013-07-15" xmlns:xsi="http://www.w3.org/2001/XMLSchema-instance" xsi:schemaLocation="http://schema.primaresearch.org/PAGE/gts/pagecontent/2013-07-15 http://schema.primaresearch.org/PAGE/gts/pagecontent/2013-07-15/pagecontent.xsd">
    <Metadata>
        <Creator>prov=READ-COOP:name=TrHtr:version=2.1.0:model_id=51170:date=14_08_2023_17:25</Creator>
        <Created>2023-05-10T14:30:58.743+02:00</Created>
        <LastChange>2023-08-14T17:25:15.914+02:00</LastChange>
        <TranskribusMetadata docId="1428638" pageId="55421401" pageNr="100" tsid="132818454" status="IN_PROGRESS" userId="64420" imgUrl="https://files.transkribus.eu/Get?id=DNQLORLIGTKDJACAPFKPONPD&amp;fileType=view" xmlUrl="https://files.transkribus.eu/Get?id=NWHZFIVYNQLGZGCKLUJEQUNB" imageId="44695483"/>
    </Metadata>
    <Page imageFilename="1428638_0100.jpg" imageWidth="3352" imageHeight="4152">
        <ReadingOrder>
            <OrderedGroup id="ro_1711819443636" caption="Regions reading order">
                <RegionRefIndexed index="0" regionRef="tr_1"/>
                <RegionRefIndexed index="1" regionRef="tr_2"/>
            </OrderedGroup>
        </ReadingOrder>
        <TextRegion id="tr_1" custom="readingOrder {index:0;}">
            <Coords points="805,660 2981,660 2981,2565 805,2565"/>
            <TextLine id="tr_1_tl_1" custom="readingOrder {index:0;}">
                <Coords points="2607,808 2623,811 2640,797 2648,800 2680,773 2689,778 2699,770 2713,781 2735,778 2732,618 2719,618 2691,634 2664,623 2637,599 2623,607 2604,601"/>
                <Baseline points="2623,710 2668,710 2713,713 2743,710"/>
                <TextEquiv>
                    <Unicode>95</Unicode>
                </TextEquiv>
            </TextLine>
            <TextLine id="tr_1_tl_2" custom="readingOrder {index:1;}">
                <Coords points="955,1399 2686,1385 2969,1317 2969,1241 2762,1222 958,1271"/>
                <Baseline points="970,1340 1002,1343 1047,1343 1092,1343 1137,1343 1182,1343 1226,1340 1271,1340 1316,1337 1361,1334 1405,1334 1450,1331 1495,1331 1540,1331 1584,1334 1629,1331 1674,1331 1719,1328 1764,1331 1808,1328 1853,1325 1898,1325 1943,1325 1987,1325 2032,1325 2077,1325 2122,1325 2167,1322 2211,1322 2256,1319 2301,1319 2346,1319 2390,1319 2435,1316 2480,1316 2525,1313 2570,1313 2614,1313 2659,1313 2704,1310 2749,1310 2793,1307 2838,1307 2883,1304 2928,1304 2972,1298"/>
                <TextEquiv>
                    <Unicode>Die Dämnerung war eben zu tiefdunkler Nacht</Unicode>
                </TextEquiv>
            </TextLine>
            <TextLine id="tr_1_tl_3" custom="readingOrder {index:2;}">
                <Coords points="789,1576 2857,1548 2901,1377 792,1459"/>
                <Baseline points="805,1513 847,1510 892,1510 937,1507 982,1504 1026,1501 1071,1501 1116,1498 1161,1498 1205,1498 1250,1498 1295,1498 1340,1495 1384,1492 1429,1492 1474,1492 1519,1492 1564,1492 1608,1489 1653,1489 1698,1489 1743,1486 1787,1486 1832,1486 1877,1486 1922,1486 1967,1486 2011,1483 2056,1483 2101,1483 2146,1480 2190,1477 2235,1477 2280,1477 2325,1477 2370,1477 2414,1477 2459,1474 2504,1471 2549,1471 2593,1471 2638,1471 2683,1471 2728,1471 2772,1471 2817,1471 2862,1468 2907,1468"/>
                <TextEquiv>
                    <Unicode>geworden. Die Malerin schloss das Fenster, an</Unicode>
                </TextEquiv>
            </TextLine>
            <TextLine id="tr_1_tl_4" custom="readingOrder {index:3;}">
                <Coords points="789,1704 2931,1698 2974,1551 792,1573"/>
                <Baseline points="805,1650 832,1650 877,1647 922,1647 967,1647 1011,1647 1056,1647 1101,1647 1146,1644 1190,1644 1235,1644 1280,1641 1325,1641 1370,1638 1414,1638 1459,1635 1504,1635 1549,1635 1593,1635 1638,1635 1683,1635 1728,1635 1773,1635 1817,1635 1862,1635 1907,1632 1952,1632 1996,1629 2041,1629 2086,1629 2131,1629 2175,1626 2220,1623 2265,1623 2310,1620 2355,1617 2399,1617 2444,1620 2489,1620 2534,1620 2578,1620 2623,1617 2668,1617 2713,1617 2758,1617 2802,1614 2847,1614 2892,1614 2937,1611 2981,1608"/>
                <TextEquiv>
                    <Unicode>dem sie eine Zeit lang gestanden war und wandte</Unicode>
                </TextEquiv>
            </TextLine>
            <TextLine id="tr_1_tl_5" custom="readingOrder {index:4;}">
                <Coords points="792,1834 1978,1875 2942,1799 2898,1687 795,1736"/>
                <Baseline points="808,1802 841,1802 886,1799 931,1799 976,1799 1020,1796 1065,1796 1110,1796 1155,1796 1199,1796 1244,1796 1289,1793 1334,1790 1379,1790 1423,1790 1468,1790 1513,1790 1558,1787 1602,1787 1647,1787 1692,1787 1737,1787 1781,1784 1826,1787 1871,1784 1916,1781 1961,1781 2005,1781 2050,1779 2095,1781 2140,1779 2184,1779 2229,1779 2274,1779 2319,1779 2364,1776 2408,1776 2453,1776 2498,1776 2543,1776 2587,1773 2632,1773 2677,1773 2722,1773 2767,1770 2811,1767 2856,1764 2901,1764 2946,1761"/>
                <TextEquiv>
                    <Unicode>sich dann seufzend zu ihrer Staffelet. Sie zün</Unicode>
                </TextEquiv>
            </TextLine>
            <TextLine id="tr_1_tl_6" custom="readingOrder {index:5;}">
                <Coords points="797,1962 1274,2025 2362,2008 2501,1951 2659,1997 2797,1965 2800,1823 797,1880"/>
                <Baseline points="811,1946 835,1946 880,1946 925,1946 970,1946 1014,1946 1059,1946 1104,1946 1149,1943 1193,1943 1238,1943 1283,1943 1328,1940 1373,1943 1417,1943 1462,1940 1507,1940 1552,1937 1596,1940 1641,1940 1686,1940 1731,1937 1776,1937 1820,1937 1865,1934 1910,1934 1955,1931 1999,1931 2044,1931 2089,1928 2134,1928 2178,1928 2223,1928 2268,1928 2313,1928 2358,1925 2402,1925 2447,1925 2492,1922 2537,1922 2581,1922 2626,1922 2671,1919 2716,1919 2761,1919 2805,1916"/>
                <TextEquiv>
                    <Unicode>dete Flammen an einigen Armleuchtern an und</Unicode>
                </TextEquiv>
            </TextLine>
            <TextLine id="tr_1_tl_7" custom="readingOrder {index:6;}">
                <Coords points="797,2161 2898,2133 2901,2006 800,2022"/>
                <Baseline points="811,2104 847,2101 892,2098 937,2098 982,2098 1026,2098 1071,2098 1116,2098 1161,2098 1205,2095 1250,2095 1295,2095 1340,2095 1384,2095 1429,2095 1474,2092 1519,2092 1564,2095 1608,2095 1653,2095 1698,2092 1743,2089 1787,2089 1832,2089 1877,2089 1922,2089 1967,2089 2011,2083 2056,2083 2101,2083 2146,2083 2190,2083 2235,2080 2280,2080 2325,2077 2370,2077 2414,2077 2459,2080 2504,2080 2549,2077 2593,2077 2638,2077 2683,2077 2728,2074 2772,2071 2817,2071 2862,2068 2907,2068"/>
                <TextEquiv>
                    <Unicode>war eben im Begriff die Leinwand vor sich her</Unicode>
                </TextEquiv>
            </TextLine>
            <TextLine id="tr_1_tl_8" custom="readingOrder {index:7;}">
                <Coords points="800,2316 2740,2305 2928,2280 2931,2158 800,2191"/>
                <Baseline points="814,2256 829,2253 874,2253 919,2253 964,2253 1008,2250 1053,2253 1098,2253 1143,2250 1187,2250 1232,2250 1277,2250 1322,2250 1367,2250 1411,2247 1456,2247 1501,2247 1546,2244 1590,2244 1635,2241 1680,2241 1725,2241 1770,2241 1814,2238 1859,2238 1904,2238 1949,2238 1993,2235 2038,2235 2083,2235 2128,2235 2173,2235 2217,2235 2262,2235 2307,2235 2352,2235 2396,2235 2441,2235 2486,2235 2531,2232 2575,2229 2620,2229 2665,2229 2710,2226 2755,2226 2799,2226 2844,2226 2889,2223 2934,2226"/>
                <TextEquiv>
                    <Unicode>zubretten, als Amadeus hereintrat., und letse</Unicode>
                </TextEquiv>
            </TextLine>
            <TextLine id="tr_1_tl_9" custom="readingOrder {index:8;}">
                <Coords points="805,2436 1157,2479 1317,2436 1698,2476 1829,2446 1831,2338 1769,2319 1254,2313 1176,2354 933,2354 808,2316"/>
                <Baseline points="820,2414 853,2411 898,2408 943,2408 988,2405 1032,2405 1077,2405 1122,2402 1167,2411 1211,2414 1256,2405 1301,2399 1346,2396 1390,2396 1435,2396 1480,2393 1525,2393 1570,2393 1614,2393 1659,2390 1704,2390 1749,2387 1793,2384 1838,2384"/>
                <TextEquiv>
                    <Unicode>fragte: " tst ste da?</Unicode>
                </TextEquiv>
            </TextLine>
            <TextLine id="tr_1_tl_10" custom="readingOrder {index:9;}">
                <Coords points="808,2610 2482,2623 2852,2550 2852,2449 811,2490"/>
                <Baseline points="826,2546 844,2543 889,2549 934,2555 979,2555 1023,2552 1068,2555 1113,2555 1158,2555 1202,2555 1247,2552 1292,2552 1337,2552 1382,2552 1426,2549 1471,2549 1516,2549 1561,2546 1605,2546 1650,2546 1695,2543 1740,2543 1784,2543 1829,2543 1874,2543 1919,2543 1964,2543 2008,2543 2053,2543 2098,2543 2143,2543 2187,2540 2232,2540 2277,2537 2322,2537 2367,2534 2411,2537 2456,2537 2501,2534 2546,2534 2590,2534 2635,2534 2680,2531 2725,2531 2769,2531 2814,2531 2859,2528"/>
                <TextEquiv>
                    <Unicode>„Noch nicht, aber verbergt Euch nur schnell</Unicode>
                </TextEquiv>
            </TextLine>
        </TextRegion>
        <TextRegion id="tr_2" custom="readingOrder {index:1;}">
            <Coords points="411,2633 2898,2633 2898,3484 411,3484"/>
            <TextLine id="tr_2_tl_1" custom="readingOrder {index:0;}">
                <Coords points="803,2719 971,2781 2414,2762 2855,2724 2857,2604 803,2640"/>
                <Baseline points="817,2716 847,2713 892,2710 937,2710 982,2710 1026,2707 1071,2707 1116,2707 1161,2704 1205,2704 1250,2704 1295,2704 1340,2704 1384,2704 1429,2704 1474,2701 1519,2698 1564,2698 1608,2698 1653,2698 1698,2698 1743,2698 1787,2698 1832,2701 1877,2704 1922,2704 1967,2695 2011,2692 2056,2692 2101,2692 2146,2692 2190,2689 2235,2689 2280,2689 2325,2689 2370,2689 2414,2689 2459,2686 2504,2686 2549,2686 2593,2686 2638,2686 2683,2686 2728,2686 2772,2683 2817,2683 2862,2683"/>
                <TextEquiv>
                    <Unicode>hinter diesem Vorhang. " Sie wies ihn in ein</Unicode>
                </TextEquiv>
            </TextLine>
            <TextLine id="tr_2_tl_2" custom="readingOrder {index:1;}">
                <Coords points="805,2912 2264,2874 2808,2947 2890,2931 2893,2787 805,2789"/>
                <Baseline points="820,2865 838,2868 883,2868 928,2865 973,2865 1017,2862 1062,2862 1107,2859 1152,2859 1196,2862 1241,2862 1286,2859 1331,2859 1376,2859 1420,2856 1465,2856 1510,2856 1555,2853 1599,2856 1644,2856 1689,2856 1734,2856 1779,2856 1823,2853 1868,2853 1913,2853 1958,2850 2002,2850 2047,2850 2092,2847 2137,2847 2181,2847 2226,2847 2271,2844 2316,2847 2361,2844 2405,2844 2450,2844 2495,2844 2540,2847 2584,2844 2629,2841 2674,2841 2719,2841 2764,2844 2808,2841 2853,2847 2898,2847"/>
                <TextEquiv>
                    <Unicode>sicheres Versteck, und kaum hatte der Vorhang</Unicode>
                </TextEquiv>
            </TextLine>
            <TextLine id="tr_2_tl_3" custom="readingOrder {index:2;}">
                <Coords points="786,3100 1241,3031 2724,3064 2792,3053 2795,2942 2485,2887 2316,2955 1478,2904 789,2974"/>
                <Baseline points="805,3011 832,3014 877,3017 922,3014 967,3017 1011,3014 1056,3014 1101,3014 1146,3014 1190,3011 1235,3011 1280,3011 1325,3008 1370,3011 1414,3008 1459,3008 1504,3008 1549,3008 1593,3005 1638,3005 1683,3005 1728,3005 1773,3005 1817,3005 1862,3002 1907,3002 1952,3002 1996,2999 2041,3002 2086,3002 2131,3002 2175,2999 2220,3002 2265,3002 2310,3002 2355,3002 2399,2999 2444,2999 2489,2999 2534,2999 2578,2996 2623,2996 2668,2996 2713,2993 2758,2996 2802,3002"/>
                <TextEquiv>
                    <Unicode>zu rauschen und Falten zu werfen aufgehört,</Unicode>
                </TextEquiv>
            </TextLine>
            <TextLine id="tr_2_tl_4" custom="readingOrder {index:3;}">
                <Coords points="803,3238 2778,3162 2729,3061 805,3105"/>
                <Baseline points="820,3166 859,3163 904,3163 949,3163 993,3163 1038,3161 1083,3161 1128,3161 1173,3161 1217,3161 1262,3158 1307,3161 1352,3158 1396,3158 1441,3158 1486,3155 1531,3155 1576,3155 1620,3152 1665,3152 1710,3152 1755,3152 1799,3152 1844,3152 1889,3149 1934,3149 1978,3149 2023,3149 2068,3149 2113,3149 2158,3149 2202,3152 2247,3152 2292,3152 2337,3149 2381,3149 2426,3146 2471,3143 2516,3143 2561,3143 2605,3140 2650,3140 2695,3140 2740,3137 2784,3140"/>
                <TextEquiv>
                    <Unicode>als sich die Türe des Atelters öffnete und</Unicode>
                </TextEquiv>
            </TextLine>
            <TextLine id="tr_2_tl_5" custom="readingOrder {index:4;}">
                <Coords points="805,3407 1037,3404 1151,3363 1407,3377 1573,3325 1812,3383 1815,3249 1377,3233 1265,3263 1061,3230 971,3274 912,3230 808,3241"/>
                <Baseline points="823,3316 838,3316 883,3316 928,3316 973,3319 1017,3319 1062,3319 1107,3316 1152,3316 1196,3313 1241,3313 1286,3313 1331,3310 1376,3310 1420,3310 1465,3310 1510,3310 1555,3310 1599,3310 1644,3307 1689,3310 1734,3307 1779,3307 1823,3313"/>
                <TextEquiv>
                    <Unicode>eine Nonne hereintrat.</Unicode>
                </TextEquiv>
            </TextLine>
            <TextLine id="tr_2_tl_6" custom="readingOrder {index:5;}">
                <Coords points="397,3385 411,3385 433,3399 441,3391 452,3402 465,3391 509,3396 509,3206 457,3206 438,3222 414,3211 397,3211"/>
                <Baseline points="411,3363 426,3358 471,3358 516,3361"/>
                <TextEquiv>
                    <Unicode>2</Unicode>
                </TextEquiv>
            </TextLine>
            <TextLine id="tr_2_tl_7" custom="readingOrder {index:6;}">
                <Coords points="580,3418 599,3412 612,3421 631,3407 659,3421 667,3412 705,3421 699,3244 683,3244 664,3260 648,3246 642,3252 599,3225 571,3227"/>
                <Baseline points="591,3387 635,3387 680,3390 710,3390"/>
                <TextEquiv>
                    <Unicode>VI</Unicode>
                </TextEquiv>
            </TextLine>
            <TextLine id="tr_2_tl_8" custom="readingOrder {index:7;}">
                <Coords points="811,3508 1742,3557 2427,3461 2784,3551 2857,3513 2857,3366 811,3415"/>
                <Baseline points="826,3450 871,3456 916,3462 961,3468 1005,3471 1050,3471 1095,3474 1140,3474 1185,3474 1229,3474 1274,3471 1319,3468 1364,3468 1408,3468 1453,3468 1498,3468 1543,3471 1587,3468 1632,3465 1677,3465 1722,3462 1767,3465 1811,3465 1856,3462 1901,3462 1946,3459 1990,3459 2035,3459 2080,3459 2125,3456 2170,3456 2214,3456 2259,3456 2304,3456 2349,3456 2393,3456 2438,3453 2483,3453 2528,3453 2572,3453 2617,3453 2662,3453 2707,3450 2752,3450 2796,3450 2841,3450 2865,3450"/>
                <TextEquiv>
                    <Unicode>„ Sied gegrüsst“, sagte sie der Mlerin und</Unicode>
                </TextEquiv>
            </TextLine>
        </TextRegion>
    </Page>
</PcGts>
