3336 4184
2952 761 3123 880 119
985 852 3112 1054 „Und darf man wissen, vor dieses Mädohen ist?“
999 1021 1600 1184 fragte Ernst.
977 1172 2888 1363 "Sie war - eine Soubrette", erwiderte der
963 1349 3079 1523 Student, aber nicht lange, wenn auch lange ge
960 1473 3007 1669 nug, dass ich sie kennen und lieben lernte —
960 1647 3018 1804 mir gefiel sie unbestreitbar besser, asl dem
938 1790 3159 1920 Publikum, denn beim Publikum.... kurz und gut...
955 1948 2646 2124 beim Publikum is sie durchgefallen."
955 2083 2585 2246 "Durchgefallen", riefen die Andern.
960 2251 3029 2397 „Wir sind eine wunderliche Gesellschaft bei -
949 2400 2579 2571 sammen", rief Ernst aus.- "Alle " -
921 2538 3004 2687 Plötzlich sprang der Student auf ging auf et
927 2695 2864 2872 nen elegant aber unordentlich aussehenden
930 2844 2979 3007 düster dreinschauenden Mann zu, welcher eben
916 2966 3054 3173 aus dem Schatten hervortauchte. Er hatte et
921 3153 2979 3316 nen Frack an, einen Cylinder, der ihm schief
919 3299 3032 3473 auf dem Kopf sass und einen weissen Handschuh
905 3471 3059 3617 an der Hand, während er mit dem andern nachläs
913 3619 3035 3785 sig in der Luft umher fuchtelte. Der Student
