3448 4232
2801 517 2941 633 44
908 666 2754 847 grüsstet die beiden sehr ehrerbietig. "
913 842 3048 968 "Die Dame war die Gräfin, die da oben in dem
913 952 3037 1139 Schloss wohnt", erwiderte der Wirt, "und der
927 1134 2952 1293 junge Mann, das ist trgend ein verzauberter
916 1263 3106 1455 Menschenkind, das sie auf der Jagd im Walde ge¬
935 1444 2405 1620 stunden hat. Sie lud ihn ein - "
955 1560 3087 1739 "Ach das klingt ja gar eigen. Was für eine Be¬
938 1731 3090 1898 wandtnis hat es denn mit dem verzauberten Men¬
952 1934 3018 2058 schenkind, das müsst ihr mir näher erklären.
941 2030 3139 2201 „Was es für eine Beuandtnis hat mit dem verzau¬
941 2212 2955 2396 berten Menschenkind?" wiederholte der Wirt.
941 2341 3065 2523 Ja, wenn ichs nur selber wüsste! Habt ihr ihn
955 2498 3007 2671 nur recht angesehen? Wie sonderbar er drein¬
955 2638 3002 2831 schaute, als sucha er etwas in der Luft und
957 2804 2116 2980 könnte es nicht finden."
968 2966 3048 3147 “Ja habt ihr denn gar keine Vermutungen, wer
971 3095 3183 3315 er ist und woher er kommt?" fragte der Direktor
982 3285 3180 3480 immer neugieriger, und rückte näher zum Wirten.
985 3417 3004 3579 “Nun ich vermutete schon — man hat so seine
968 3563 3186 3753 Meinung — wenn man alles sagen dürfte, ja ja...
