3432 4168
2856 440 2981 570 69
768 573 2918 847 listerhafter Gelehrsamkeit doch etne Moral in
787 759 2958 991 der Geschichte von Tannhäuser und genus ltogt,
807 872 3000 1163 so ist es Zufall, der sie hineingelegt und Wil¬
804 1050 3012 1304 hür der Poeste, nicht dte Absicht des Volkes. „
816 1222 3029 1473 Der Direktor hielt es für geraten nicht zu ant-
833 1344 2947 1640 worten und sich ohne wettere in das Haus zu-
844 1595 1473 1764 rückzuziehen.
841 1665 2997 1916 Ein Mädchen stand bet Amadeus, als er nun um¬
867 1894 1496 2063 sich blickte.
858 1900 3133 2224 Sie fragte ihn scheu. "Und glaubt ihr nicht, dass
886 2137 2817 2357 die Geschichte vom Tannhäuser wahr ist?"
878 2286 2961 2560 Amadeus sah ste lange an. Sie hatte schwarze
892 2461 2134 2673 Haare und tiefblaue Augen.
937 2554 3000 2837 "Ob die Geschichte wahr ist? - Du hälst sie
934 2670 3054 2958 für wahr, Mädchen!.. Und wer ist es, der die
923 2927 2080 3150 Frage an mich stellt.?"
937 3091 2199 3283 "Ich bin die Göttin venus."
937 3127 3085 3427 Bei dieser Antwort wich Amadeus einen Schritt
954 3316 3054 3582 zurück. Ganz unwillkürlich spräh er vor stch
957 3511 3189 3743 hin: "Die Göttin Venus selbst—1" Nicht ganz ge
