<?xml version="1.0" encoding="UTF-8" standalone="yes"?>
<PcGts xmlns="http://schema.primaresearch.org/PAGE/gts/pagecontent/2013-07-15" xmlns:xsi="http://www.w3.org/2001/XMLSchema-instance" xsi:schemaLocation="http://schema.primaresearch.org/PAGE/gts/pagecontent/2013-07-15 http://schema.primaresearch.org/PAGE/gts/pagecontent/2013-07-15/pagecontent.xsd">
    <Metadata>
        <Creator>prov=READ-COOP:name=TrHtr:version=2.1.0:model_id=51170:date=14_08_2023_17:24</Creator>
        <Created>2023-05-10T14:30:47.000+02:00</Created>
        <LastChange>2023-08-14T17:24:56.038+02:00</LastChange>
        <TranskribusMetadata docId="1428638" pageId="55420953" pageNr="31" tsid="132818381" status="IN_PROGRESS" userId="64420" imgUrl="https://files.transkribus.eu/Get?id=UIXGUBNJKATVVWWFGDNDLPSX&amp;fileType=view" xmlUrl="https://files.transkribus.eu/Get?id=SZUDJIJOXYIVBVPSBWQFHYVZ" imageId="44695035"/>
    </Metadata>
    <Page imageFilename="1428638_0031.jpg" imageWidth="3512" imageHeight="4248">
        <ReadingOrder>
            <OrderedGroup id="ro_1711819310506" caption="Regions reading order">
                <RegionRefIndexed index="0" regionRef="tr_1"/>
                <RegionRefIndexed index="1" regionRef="tr_2"/>
            </OrderedGroup>
        </ReadingOrder>
        <TextRegion id="tr_1" custom="readingOrder {index:0;}">
            <Coords points="868,481 3197,481 3197,2654 868,2654"/>
            <TextLine id="tr_1_tl_1" custom="readingOrder {index:0;}">
                <Coords points="2826,567 2840,567 2854,578 2868,567 2899,564 2966,586 2980,433 2946,430 2915,399 2876,413 2862,408 2854,394 2840,394"/>
                <Baseline points="2841,540 2844,540 2889,540 2934,534 2979,531"/>
                <TextEquiv>
                    <Unicode>26</Unicode>
                </TextEquiv>
            </TextLine>
            <TextLine id="tr_1_tl_2" custom="readingOrder {index:1;}">
                <Coords points="860,838 2837,760 2846,603 1268,729 868,681"/>
                <Baseline points="877,809 922,806 967,803 1011,800 1056,800 1101,797 1146,794 1191,791 1235,788 1280,788 1325,785 1370,782 1415,779 1459,776 1504,776 1549,773 1594,770 1638,764 1683,764 1728,758 1773,758 1818,755 1862,755 1907,749 1952,749 1997,746 2041,746 2086,743 2131,740 2176,737 2221,734 2265,734 2310,731 2355,728 2400,725 2444,722 2489,722 2534,719 2579,713 2624,710 2668,707 2713,707 2758,704 2803,704 2847,710"/>
                <TextEquiv>
                    <Unicode>der Busen wogend und schmtegsam, die Wange</Unicode>
                </TextEquiv>
            </TextLine>
            <TextLine id="tr_1_tl_3" custom="readingOrder {index:2;}">
                <Coords points="849,1014 2508,874 2994,908 3030,712 2078,746 1321,899 857,868"/>
                <Baseline points="868,958 880,961 925,961 970,958 1014,955 1059,952 1104,952 1149,949 1194,949 1238,943 1283,940 1328,940 1373,937 1417,934 1462,931 1507,928 1552,925 1597,922 1641,919 1686,916 1731,913 1776,910 1820,907 1865,907 1910,904 1955,901 2000,898 2044,895 2089,892 2134,892 2179,892 2224,889 2268,886 2313,886 2358,880 2403,877 2447,877 2492,871 2537,868 2582,868 2627,865 2671,862 2716,862 2761,859 2806,859 2850,853 2895,850 2940,847 2985,844 3030,835"/>
                <TextEquiv>
                    <Unicode>heiss und glühendes Leben durchfloss die ganze</Unicode>
                </TextEquiv>
            </TextLine>
            <TextLine id="tr_1_tl_4" custom="readingOrder {index:3;}">
                <Coords points="857,1123 2982,1078 2991,916 2114,905 1469,1044 863,1014"/>
                <Baseline points="874,1116 886,1116 931,1110 976,1110 1020,1107 1065,1104 1110,1104 1155,1101 1200,1098 1244,1095 1289,1092 1334,1092 1379,1089 1423,1086 1468,1083 1513,1080 1558,1077 1603,1077 1647,1071 1692,1068 1737,1068 1782,1065 1826,1062 1871,1059 1916,1056 1961,1053 2006,1053 2050,1047 2095,1047 2140,1044 2185,1044 2229,1041 2274,1038 2319,1035 2364,1035 2409,1032 2453,1029 2498,1026 2543,1020 2588,1020 2632,1014 2677,1014 2722,1011 2767,1011 2812,1011 2856,1009 2901,1009 2946,1009 2991,1009"/>
                <TextEquiv>
                    <Unicode>Gestalt. Sie schien sich zu regen zu bewegen,</Unicode>
                </TextEquiv>
            </TextLine>
            <TextLine id="tr_1_tl_5" custom="readingOrder {index:4;}">
                <Coords points="871,1290 2164,1209 2262,1259 2971,1187 2977,1089 877,1176"/>
                <Baseline points="886,1268 919,1265 964,1262 1009,1259 1053,1259 1098,1256 1143,1253 1188,1250 1232,1250 1277,1247 1322,1244 1367,1238 1412,1235 1456,1232 1501,1232 1546,1229 1591,1229 1635,1229 1680,1226 1725,1223 1770,1220 1815,1217 1859,1214 1904,1212 1949,1209 1994,1206 2038,1203 2083,1200 2128,1200 2173,1194 2218,1191 2262,1191 2307,1188 2352,1185 2397,1182 2441,1179 2486,1179 2531,1176 2576,1176 2621,1173 2665,1170 2710,1164 2755,1164 2800,1161 2844,1161 2889,1161 2934,1161 2979,1167"/>
                <TextEquiv>
                    <Unicode>zu atmen und es flüsterte von ihrem Munde.:</Unicode>
                </TextEquiv>
            </TextLine>
            <TextLine id="tr_1_tl_6" custom="readingOrder {index:5;}">
                <Coords points="868,1424 2388,1340 2720,1393 3055,1338 3061,1240 1603,1243 874,1352"/>
                <Baseline points="883,1420 916,1417 961,1415 1006,1415 1050,1412 1095,1409 1140,1406 1185,1403 1229,1400 1274,1397 1319,1394 1364,1394 1409,1388 1453,1388 1498,1385 1543,1382 1588,1379 1632,1376 1677,1376 1722,1373 1767,1370 1812,1367 1856,1367 1901,1364 1946,1361 1991,1358 2035,1355 2080,1355 2125,1349 2170,1349 2215,1346 2259,1343 2304,1343 2349,1337 2394,1334 2438,1334 2483,1328 2528,1328 2573,1325 2618,1322 2662,1322 2707,1319 2752,1316 2797,1313 2841,1313 2886,1310 2931,1307 2976,1304 3021,1301 3065,1298"/>
                <TextEquiv>
                    <Unicode>Komm mit mir du süsses liebes Menschenkind, an</Unicode>
                </TextEquiv>
            </TextLine>
            <TextLine id="tr_1_tl_7" custom="readingOrder {index:6;}">
                <Coords points="882,1614 1932,1514 2223,1564 2544,1486 3010,1533 3038,1427 2809,1371 1396,1407 888,1525"/>
                <Baseline points="901,1573 940,1570 985,1567 1029,1564 1074,1564 1119,1561 1164,1558 1209,1552 1253,1555 1298,1549 1343,1546 1388,1543 1432,1540 1477,1537 1522,1537 1567,1534 1612,1534 1656,1528 1701,1525 1746,1522 1791,1522 1835,1519 1880,1516 1925,1513 1970,1513 2015,1510 2059,1510 2104,1507 2149,1501 2194,1501 2238,1498 2283,1495 2328,1492 2373,1489 2418,1489 2462,1486 2507,1486 2552,1483 2597,1477 2641,1474 2686,1471 2731,1471 2776,1468 2821,1465 2865,1462 2910,1459 2955,1456 3000,1453 3044,1453"/>
                <TextEquiv>
                    <Unicode>meiner Seite dichtet es sich leicht und schön</Unicode>
                </TextEquiv>
            </TextLine>
            <TextLine id="tr_1_tl_8" custom="readingOrder {index:7;}">
                <Coords points="910,1734 2893,1673 3114,1628 3119,1514 1756,1539 913,1681"/>
                <Baseline points="925,1728 928,1725 973,1725 1017,1722 1062,1719 1107,1716 1152,1713 1197,1710 1241,1707 1286,1707 1331,1704 1376,1701 1420,1698 1465,1695 1510,1692 1555,1692 1600,1689 1644,1686 1689,1683 1734,1680 1779,1677 1823,1677 1868,1674 1913,1671 1958,1668 2003,1665 2047,1665 2092,1662 2137,1659 2182,1659 2226,1653 2271,1653 2316,1653 2361,1650 2406,1647 2450,1644 2495,1641 2540,1638 2585,1635 2629,1632 2674,1629 2719,1629 2764,1626 2809,1623 2853,1620 2898,1618 2943,1615 2988,1612 3033,1612 3077,1609 3122,1606"/>
                <TextEquiv>
                    <Unicode>und sie küsste Amadeus. Es war ihm als schwebte</Unicode>
                </TextEquiv>
            </TextLine>
            <TextLine id="tr_1_tl_9" custom="readingOrder {index:8;}">
                <Coords points="905,1904 2885,1804 2966,1773 2971,1653 910,1807"/>
                <Baseline points="919,1880 958,1877 1003,1874 1047,1874 1092,1871 1137,1868 1182,1865 1226,1862 1271,1859 1316,1856 1361,1853 1406,1850 1450,1850 1495,1847 1540,1844 1585,1844 1629,1838 1674,1835 1719,1832 1764,1832 1809,1829 1853,1826 1898,1823 1943,1823 1988,1820 2032,1818 2077,1815 2122,1812 2167,1809 2212,1806 2256,1806 2301,1803 2346,1800 2391,1797 2435,1797 2480,1794 2525,1791 2570,1791 2615,1788 2659,1782 2704,1779 2749,1779 2794,1776 2838,1773 2883,1770 2928,1767 2973,1764"/>
                <TextEquiv>
                    <Unicode>er mit ihr vors Fenster und säh mit Ihr hih¬</Unicode>
                </TextEquiv>
            </TextLine>
            <TextLine id="tr_1_tl_10" custom="readingOrder {index:9;}">
                <Coords points="919,2050 2837,1980 3038,1944 3044,1832 1770,1843 1622,1946 922,1974"/>
                <Baseline points="934,2032 940,2032 985,2032 1029,2026 1074,2023 1119,2023 1164,2021 1209,2018 1253,2015 1298,2012 1343,2009 1388,2006 1432,2003 1477,2000 1522,1997 1567,1997 1612,1994 1656,1994 1701,1991 1746,1991 1791,1988 1835,1988 1880,1985 1925,1979 1970,1976 2015,1976 2059,1973 2104,1970 2149,1967 2194,1964 2238,1964 2283,1961 2328,1958 2373,1955 2418,1952 2462,1952 2507,1949 2552,1946 2597,1943 2641,1940 2686,1940 2731,1937 2776,1937 2821,1931 2865,1931 2910,1928 2955,1925 3000,1922 3044,1919"/>
                <TextEquiv>
                    <Unicode>unter in den unrthigen Fluss; ein Kahn wiegte</Unicode>
                </TextEquiv>
            </TextLine>
            <TextLine id="tr_1_tl_11" custom="readingOrder {index:10;}">
                <Coords points="919,2206 2896,2133 3144,2103 3147,2011 1511,2027 922,2120"/>
                <Baseline points="934,2182 958,2185 1003,2182 1047,2182 1092,2179 1137,2176 1182,2173 1226,2170 1271,2170 1316,2167 1361,2164 1406,2161 1450,2158 1495,2155 1540,2152 1585,2152 1629,2149 1674,2146 1719,2146 1764,2143 1809,2140 1853,2137 1898,2134 1943,2131 1988,2131 2032,2125 2077,2125 2122,2122 2167,2122 2212,2119 2256,2116 2301,2113 2346,2110 2391,2110 2435,2104 2480,2104 2525,2101 2570,2098 2615,2095 2659,2095 2704,2092 2749,2092 2794,2089 2838,2086 2883,2083 2928,2083 2973,2080 3018,2074 3062,2071 3107,2071 3152,2068"/>
                <TextEquiv>
                    <Unicode>sich auf den mondglänzenden Wellen. Er schwebte</Unicode>
                </TextEquiv>
            </TextLine>
            <TextLine id="tr_1_tl_12" custom="readingOrder {index:11;}">
                <Coords points="922,2362 2907,2293 2966,2108 2720,2181 2471,2139 927,2262"/>
                <Baseline points="940,2340 952,2343 997,2340 1041,2337 1086,2334 1131,2331 1176,2331 1220,2325 1265,2325 1310,2322 1355,2322 1400,2319 1444,2316 1489,2313 1534,2310 1579,2307 1623,2304 1668,2301 1713,2301 1758,2298 1803,2298 1847,2295 1892,2292 1937,2289 1982,2286 2026,2283 2071,2283 2116,2280 2161,2277 2206,2274 2250,2271 2295,2271 2340,2268 2385,2265 2429,2262 2474,2262 2519,2259 2564,2256 2609,2253 2653,2253 2698,2250 2743,2247 2788,2244 2832,2241 2877,2238 2922,2235 2967,2232"/>
                <TextEquiv>
                    <Unicode>mit ihr hinab und beide lehnten an einander</Unicode>
                </TextEquiv>
            </TextLine>
            <TextLine id="tr_1_tl_13" custom="readingOrder {index:12;}">
                <Coords points="947,2502 3175,2421 3181,2323 952,2427"/>
                <Baseline points="964,2492 991,2489 1035,2486 1080,2483 1125,2480 1170,2477 1214,2474 1259,2471 1304,2471 1349,2468 1394,2468 1438,2468 1483,2462 1528,2459 1573,2459 1618,2456 1662,2453 1707,2450 1752,2447 1797,2447 1841,2441 1886,2441 1931,2435 1976,2435 2021,2432 2065,2429 2110,2427 2155,2424 2200,2424 2244,2421 2289,2421 2334,2418 2379,2415 2424,2412 2468,2409 2513,2409 2558,2403 2603,2403 2647,2400 2692,2397 2737,2397 2782,2397 2827,2391 2871,2388 2916,2385 2961,2382 3006,2382 3050,2379 3095,2376 3140,2376 3185,2373"/>
                <TextEquiv>
                    <Unicode>im Kahn, der losgelöst hintrieb auf den fliehen-</Unicode>
                </TextEquiv>
            </TextLine>
            <TextLine id="tr_1_tl_14" custom="readingOrder {index:13;}">
                <Coords points="947,2664 2522,2575 3030,2631 3183,2594 3192,2452 1622,2471 1407,2591 952,2561"/>
                <Baseline points="964,2641 1003,2644 1047,2641 1092,2641 1137,2638 1182,2635 1226,2635 1271,2632 1316,2632 1361,2629 1406,2627 1450,2621 1495,2621 1540,2618 1585,2615 1629,2612 1674,2609 1719,2606 1764,2606 1809,2603 1853,2597 1898,2597 1943,2594 1988,2594 2032,2588 2077,2588 2122,2588 2167,2585 2212,2582 2256,2582 2301,2576 2346,2576 2391,2573 2435,2570 2480,2567 2525,2564 2570,2561 2615,2561 2659,2558 2704,2558 2749,2552 2794,2552 2838,2549 2883,2549 2928,2543 2973,2540 3018,2540 3062,2540 3107,2537 3152,2537 3197,2537"/>
                <TextEquiv>
                    <Unicode>den Wogen. Sie fuhren hinaus, weiter und wetter,</Unicode>
                </TextEquiv>
            </TextLine>
        </TextRegion>
        <TextRegion id="tr_2" custom="readingOrder {index:1;}">
            <Coords points="967,2648 3116,2648 3116,3735 967,3735"/>
            <TextLine id="tr_2_tl_1" custom="readingOrder {index:0;}">
                <Coords points="952,2809 3063,2762 3069,2625 1628,2639 1466,2720 955,2745"/>
                <Baseline points="967,2806 1011,2800 1056,2800 1101,2800 1146,2794 1191,2791 1235,2791 1280,2785 1325,2785 1370,2782 1415,2779 1459,2776 1504,2776 1549,2770 1594,2770 1638,2764 1683,2761 1728,2758 1773,2758 1818,2755 1862,2755 1907,2752 1952,2749 1997,2749 2041,2743 2086,2743 2131,2740 2176,2740 2221,2737 2265,2734 2310,2731 2355,2728 2400,2728 2444,2725 2489,2722 2534,2719 2579,2716 2624,2713 2668,2710 2713,2707 2758,2707 2803,2707 2847,2707 2892,2704 2937,2701 2982,2701 3027,2698 3071,2701"/>
                <TextEquiv>
                    <Unicode>vorüber schwanden die blauleuchtenden Unfer.,</Unicode>
                </TextEquiv>
            </TextLine>
            <TextLine id="tr_2_tl_2" custom="readingOrder {index:1;}">
                <Coords points="955,2999 2792,2921 3005,2885 3010,2770 963,2812"/>
                <Baseline points="970,2958 997,2958 1041,2955 1086,2955 1131,2952 1176,2949 1220,2946 1265,2943 1310,2940 1355,2937 1400,2934 1444,2931 1489,2931 1534,2928 1579,2928 1623,2928 1668,2925 1713,2922 1758,2919 1803,2916 1847,2913 1892,2910 1937,2904 1982,2901 2026,2901 2071,2901 2116,2898 2161,2895 2206,2895 2250,2895 2295,2892 2340,2889 2385,2886 2429,2883 2474,2883 2519,2877 2564,2874 2609,2877 2653,2874 2698,2868 2743,2865 2788,2862 2832,2859 2877,2856 2922,2853 2967,2850 3012,2847"/>
                <TextEquiv>
                    <Unicode>und Aphrodite fragte den Jüngling: "Bist Du</Unicode>
                </TextEquiv>
            </TextLine>
            <TextLine id="tr_2_tl_3" custom="readingOrder {index:2;}">
                <Coords points="952,3116 975,3114 989,3130 1030,3108 1050,3119 1083,3111 1125,3136 1151,3119 1162,3128 1198,3116 1223,3136 1265,3116 1271,3033 1223,3030 1198,3013 1142,3044 1114,3035 1078,3052 1008,3035 955,3052"/>
                <Baseline points="967,3113 1003,3107 1047,3104 1092,3101 1137,3098 1182,3095 1226,3089 1271,3092"/>
                <TextEquiv>
                    <Unicode>Poetr"</Unicode>
                </TextEquiv>
            </TextLine>
            <TextLine id="tr_2_tl_4" custom="readingOrder {index:3;}">
                <Coords points="989,3267 2547,3237 3052,3167 3058,3049 2142,3005 1972,3102 1393,3077 991,3192"/>
                <Baseline points="1003,3259 1044,3253 1089,3250 1134,3250 1179,3250 1223,3247 1268,3244 1313,3241 1358,3241 1403,3238 1447,3236 1492,3233 1537,3233 1582,3233 1626,3230 1671,3230 1716,3227 1761,3224 1806,3218 1850,3218 1895,3212 1940,3209 1985,3206 2029,3206 2074,3203 2119,3200 2164,3200 2209,3197 2253,3194 2298,3194 2343,3194 2388,3191 2432,3188 2477,3185 2522,3182 2567,3182 2612,3176 2656,3176 2701,3173 2746,3170 2791,3167 2835,3164 2880,3161 2925,3158 2970,3158 3015,3152 3059,3152"/>
                <TextEquiv>
                    <Unicode>"Ich bins solange ich Detne Lippen küsse und</Unicode>
                </TextEquiv>
            </TextLine>
            <TextLine id="tr_2_tl_5" custom="readingOrder {index:4;}">
                <Coords points="975,3438 2826,3354 2882,3234 1505,3242 1296,3368 977,3371"/>
                <Baseline points="991,3412 1009,3412 1053,3409 1098,3406 1143,3406 1188,3403 1232,3403 1277,3400 1322,3397 1367,3394 1412,3391 1456,3388 1501,3385 1546,3382 1591,3379 1635,3379 1680,3376 1725,3373 1770,3373 1815,3367 1859,3367 1904,3364 1949,3361 1994,3358 2038,3355 2083,3352 2128,3352 2173,3349 2218,3349 2262,3346 2307,3343 2352,3343 2397,3340 2441,3337 2486,3334 2531,3334 2576,3328 2621,3325 2665,3325 2710,3325 2755,3322 2800,3319 2844,3316 2883,3304"/>
                <TextEquiv>
                    <Unicode>solang ich an Deinem warmen Busen liege.</Unicode>
                </TextEquiv>
            </TextLine>
            <TextLine id="tr_2_tl_6" custom="readingOrder {index:5;}">
                <Coords points="977,3569 2879,3465 3038,3521 3075,3359 1969,3365 1547,3499 980,3505"/>
                <Baseline points="994,3561 1017,3558 1062,3558 1107,3555 1152,3552 1197,3549 1241,3546 1286,3543 1331,3543 1376,3540 1420,3537 1465,3534 1510,3534 1555,3531 1600,3528 1644,3525 1689,3525 1734,3522 1779,3519 1823,3519 1868,3516 1913,3513 1958,3510 2003,3510 2047,3507 2092,3504 2137,3504 2182,3501 2226,3498 2271,3498 2316,3495 2361,3492 2406,3489 2450,3486 2495,3483 2540,3483 2585,3483 2629,3477 2674,3474 2719,3471 2764,3468 2809,3465 2853,3462 2898,3459 2943,3456 2988,3450 3033,3450 3077,3444"/>
                <TextEquiv>
                    <Unicode>So lieblich rauschten ringsum die Stellen und</Unicode>
                </TextEquiv>
            </TextLine>
            <TextLine id="tr_2_tl_7" custom="readingOrder {index:6;}">
                <Coords points="983,3742 3075,3669 3116,3524 1759,3530 1460,3647 989,3655"/>
                <Baseline points="997,3719 1011,3722 1056,3725 1101,3722 1146,3719 1191,3716 1235,3713 1280,3710 1325,3707 1370,3704 1415,3704 1459,3704 1504,3701 1549,3701 1594,3698 1638,3695 1683,3695 1728,3689 1773,3686 1818,3686 1862,3683 1907,3680 1952,3677 1997,3674 2041,3671 2086,3671 2131,3671 2176,3674 2221,3668 2265,3662 2310,3662 2355,3659 2400,3656 2444,3653 2489,3653 2534,3650 2579,3647 2624,3647 2668,3644 2713,3641 2758,3639 2803,3636 2847,3633 2892,3630 2937,3630 2982,3624 3027,3624 3071,3621 3116,3621"/>
                <TextEquiv>
                    <Unicode>Aphrodite fragte wetter: "Und wenn ich wieder</Unicode>
                </TextEquiv>
            </TextLine>
        </TextRegion>
    </Page>
</PcGts>
