3448 4248
2884 446 3023 585 18
901 636 3099 836 gen Mädchens, welche Caroline hiess, bewundert.
896 814 2865 983 Amadeus sprach ab und zu ein Wort mit dem
912 915 3147 1122 hübschen Kind an seiner Seite, das mit den schö
915 1093 2972 1291 non braunen Augen fast unverwandt an seinem
910 1229 3153 1466 Antlitz hing. Amadeus bemerkte es. Hier glaubte
927 1418 2913 1619 er Liebe zu finden, hier waren die Lippen,
941 1528 3079 1737 auf die er einen Kuss drücken k onnte und sie
946 1703 3164 1935 hätten ihn erwidert. Aber liebte er stel Er fand
955 1845 3156 2096 ste schön, retzend schön; aber fühlte er Liebe,
955 2042 2119 2204 wirkliche Liebe für sie?
972 2170 3037 2362 "Und so hab ichs immer gehalten", agte Theo¬
972 2319 3065 2520 bald gerade. "Ich habe genossen so viel ich
975 2472 3017 2650 konnte und ich werde geniessen so lange ich
983 2602 3254 2808 kann. Ich war stets ein Feind jenes selbst töten
989 2788 3059 2966 den Grübelns das so manchem im Innern zehrt,
1003 2927 3144 3127 so manchen, die es wohl wegbeschwören könnten,
994 3071 3181 3288 wenn sie sich nur voll und ganz in das lustige
1006 3209 3277 3458 Gewoge des Lebens stürzen wollten, wenn sie sich
1011 3382 3189 3591 nicht selbst einreden wollten, dass sies nicht
1020 3534 3170 3718 können." Er sah Amadeus an, der
