3464 4184
2920 389 3048 553 38
871 526 3076 761 jetzt vor ihm lagen, wie die Erde, die Unendli-
874 720 2930 931 che, so freudig und glitzernd im Morgenthau.
865 893 3024 1060 Bevor er fortzog hatte er die marmorne Liebes¬
879 1033 2985 1186 göttin zum Abschied gehässt und hatte sie ge¬
876 1156 2857 1386 fragt, "werd ich Dich finden?"... Aber ihr
871 1386 2980 1528 Busen war kalt geblieben und stumm ihre blet¬
882 1509 1608 1693 chen Lippen. —
