3304 4168
2782 767 2974 904 122
859 965 3063 1133 wie sich ein Bein rasch in die Höhe zog. Dieses
862 1105 2983 1275 Bein war ausserordentlich lang und gehörte ei
870 1253 3008 1398 nem Individuum an, welches einen sehr trübse -
868 1412 3002 1562 ligen Anblick darbot. Besagte Individuum stell
873 1537 2985 1702 te einen hagern, langen noch ganz jungen Mann
873 1696 2999 1855 vor, dessen Gesicht eine grosse Brille zierte,
834 1858 3019 1995 hunter der unendlich langueilige, hellblaue Au
873 1986 2882 2171 gen hervorsaben. Die Totlette des Jünglings
868 2179 3114 2305 war schwarz, er trug einen Cylinder, einen Frack
879 2316 2988 2455 sowie eine weisse Kravatte. In der Hand hielt
870 2458 2974 2617 er einige dickleibige Bücher. Die Augen aller
879 2637 2888 2779 unserer Freunde richteten sich auf ihn, der
862 2773 2966 2943 Fremde wurde ilber und über rot, stammelte et
868 2907 2977 3049 nige verlegene Worte, die verstehen zu wollen
2232 3069 2360 3189 G.C.F.P.
868 3063 1858 3248 vergebliche Mühe war.
2469 3222 2709 3359 raur
876 3214 2427 3415 „wie meinen!“ fragte der Student.
865 3376 2893 3563 Der Fremde stotterte wieder etwas und jetzt
870 3504 3002 3744 konnte man die Worte, Fuss", „Jessel“ und “weh“
