3496 4312
842 651 3025 929 "Sieh hier geht die Poeste vor Dir auf; mit ei¬
825 777 2971 1039 nemmale liegtste da, wie hervorgezaubertdurch
839 963 2864 1194 ein unbegreifliches Wunderwort. Diese Mond-
845 1104 3022 1352 nacht ist ein Gedicht, das Du nur zu empfinden
853 1267 2780 1504 brauchst, dann bist Du schon ein Dichter.
862 1425 2994 1664 Verzwetfle nicht an Dir selbst, Amadeus; das
893 1622 2943 1847 ist die schlimmste Krankheit, xxx in Deiner
879 1715 3106 1980 Seele frisst sie wetter und wetter und zerstört
876 1881 3081 2135 Denn innerstes Wesen. Glaube an Dioh, versenke
881 2033 2951 2264 Dich nicht in unselige Träumereien. Du bist
910 2228 3115 2430 derselbe, der Du warst aber es fehlt Dir etwas,
907 2352 3098 2602 das jedes Poetenherz braucht. - Liebe, Amadeus
921 2509 3050 2782 Und wenn Du liebst, dann wirst Du auch wieder
929 2782 1487 2926 dichten.!“
946 2768 3168 3092 "Du verstehst mich, Theobald, Du hast mich ganz
958 2946 3078 3230 durchschaut. Ich selbst fühle am besten, dass
958 3109 3149 3427 Ich Liebe brauche; aber was hilft dies Sehnen!“
960 3256 3230 3543 Theobald lächelte. "Ja sie sind vorüber, die Zei
972 3419 3160 3703 ten, wo plötzlich in stillen Nächten, wischen
986 3565 3002 3844 rascheInden Zweigen ein ltebes, holdes Ant¬
994 3779 2980 4005 lith mit seltsam rührenden Augen erschten.
