3432 4184
2655 504 2783 648 55
1038 789 2888 1011 Amadeus versucht sich in seine Rolle zu
781 1002 1135 1179 finden.
789 1254 2896 1454 "Hier habt ihr nun das ganze Stück, damit ihr
795 1412 2852 1600 es durchseht und gleich daraus die Rolle des
789 1586 2846 1747 Rittersmanns, Tannhäuser mit Namen, erlennt.
792 1736 2949 1897 Ich will euch nun noch ins Zimmer geletten,
808 1899 2863 2065 ihr auch gleich mit dem Papste Bekanntschaft
806 2041 1495 2221 machen könnt."
806 2176 2929 2373 Unter diesen Worten stiegen der Direktor und
822 2359 2500 2517 der Poet die hölzerne Treppe hinauf.
828 2472 2661 2666 "Mit, dem Papstel Wie versteht Ihr das?”
839 2639 3054 2819 „Nun mit dem, der den Papst Urban agiert, Uebri¬
842 2794 3037 2968 gens werdet Ihr von dem selbst alles erfahren.
820 2979 2863 3151 Hier ist das Zimmer, und so wünsch ich Euch
839 3131 2293 3275 denn eine gute Nacht, Amadeus!"
850 3275 1484 3428 "Gute Nacht."
833 3425 3059 3610 Amadeus befand sich in einem Zimmer, wo ein ver-
