3400 4168
2624 556 2766 718 98
794 736 2851 925 Und sie suchte die Spange zu öffnen, während
812 849 2757 1094 ihre Augen spöttlisch aufh der abwehrenden
785 1053 1469 1254 Blanka ruhten.
823 1222 2449 1417 "Ich kann, ich kann heute nicht -"
817 1361 2094 1562 " Ihr könnt heute nicht -
817 1510 2877 1699 " Ich kann heute nicht malen, ich kann nicht
809 1635 2824 1856 Es war zu spät. Der Mantel war geöffnet und
832 1798 2888 1978 ftel von dem blindenden Nachen, vom strahlen
832 1946 2865 2173 den Busen herab. Blanka stürzte vor sie hin,
826 2083 3028 2318 ste umschloss Luota mit thren Armen und drängte
849 2234 2979 2438 sie zu dem Tischchen bei der Staffelet, wo die
838 2414 2851 2595 zwet Rmleuchter standen. Die fasste sie und
846 2534 3075 2760 schleuderte sie auf den Boden, dass alle Lichter
844 2708 2333 2903 verloschen. Dann atmete sie auf.
852 2807 2894 3051 “Seid Ihr wahnstnnig!” rief Luota und m chte
858 3022 2958 3220 sich von der Malerin los. Der Mondschein fiel
852 3150 3072 3345 voll ins Gemach und umglänzte hell ihre Gestalt.
849 3313 3188 3528 Blanka sah es und flehte. "Ich bitt Euch verlasst
861 3485 2240 3700 dies Gem ch, verlasst es! - "
