3416 4184
2822 363 2957 565 40
877 554 2834 753 "Ja, ick musste, ich habs tief empfunden."
869 722 2851 905 "Willst Du mich aber besitzen, so musst Du
863 922 1841 1147 mich auch erringen.“
894 995 3109 1200 "Was kann ich denn für Dich tun, Luota", fragte
880 1184 3002 1386 Amadeus. "was xxx verlangst Du von mir? alles,
897 1273 2769 1538 alles bin ich bereit für Dich zu wagen.“
911 1484 2986 1760 "Ich gestehs, Amadeus,- mir selber ists noch
908 1639 3067 1914 nicht klar, welche Heldentat Du für mich voll¬
936 1780 2997 2052 bringen sollet; aber morgen früh noch sollst
925 1999 1628 2224 Dus erfahren."
947 2072 3120 2364 Sie schlugen den Weg zam Schlosse ein. Als ste
953 2229 3216 2499 aus dem Walde ins Dorf gekommen waren, lag schon
956 2420 2980 2609 Abenddämmerung über den Wipfeln und Hügeln.
956 2494 3061 2811 Rot glänzten noch die letzten Sonnenstrahlen
976 2685 3230 2904 hinter dem dunstigen Horizonts hervor. Der ganze
987 2867 2969 3056 unbeschreibliche Zauber eines Sommerabends
992 3016 3028 3298 schwellte das Herz unseres Poeten. Er liess
1006 3157 3222 3362 sein Aug über die wette im Dunste ruhende Ebene
1018 3295 3194 3596 schwetfen. Als die Gräfin und er an den Leuten
1043 3478 3118 3747 im Dorfe vorüberkamen, grüssten diese ehrer¬
