3496 4232
2795 559 2939 738 27
913 720 3025 913 entschwinde, wirst Du mich suchen solange bis
885 885 3002 1109 Du mich findest und wirst keine andre lieben
916 1046 1389 1230 als micht!
936 1132 2806 1348 "Ich werde keine andre lieben als Dich."
922 1337 2959 1516 Weiter und weiter schwankte der Kahn, bloss
934 1481 3069 1674 ragten empor, näher und nä her die nächtlichen
925 1614 3207 1818 hohen Gebirge und es flimmerte im
936 1821 3066 1994 stillen Aether von bläulichem Lichte. Amadeus
942 1968 3149 2118 sah das alles; aber seine Augen waren geschlos-
936 2115 3218 2325 sen und sein Haupt ruhte an dem Busen der Liebes
954 2282 1291 2449 göttin.
1040 2380 3146 2631 “Leb wohl, Du Lieber „Holder. Ich muss Dich
530 2391 720 2613 26
951 2570 2449 2717 verlassen - leb wohl, leb Wohl!"
951 2717 2988 2890 DU willst mich verlassen, Liebe, Süsse, o
948 2867 2942 3069 lass mit Deine warmen, welchen Lippen!...“
948 3034 3141 3224 Aber die warmen, wetchen Lppen wurden kalt mit
962 3166 2996 3385 einemmal, der schmtegsame Nacken, den Ama¬
971 3334 3063 3506 deus Arme umfassten xxx
959 3463 3025 3679 marmorn im selben Augenblick, und ruhig und
971 3653 3288 3844 leblos der wollüstige Busen. Und Amadeus sah auf.
