3384 4136
2641 553 2830 748 133.
863 717 3002 993 lauter, er rannte betnahe an den Häusern vor -
877 880 3010 1134 bet und die Spaztergänger sahen ihn verwundert
883 1075 2892 1368 an. "Die Einzige, die ich uahrhaft geliebt
892 1261 2926 1478 habe, Lucia, Lueta ist spurlos verschuunden,
908 1332 2914 1583 und an dem längst ersehnten Tag, wusste sie
908 1549 2550 1794 ketner mehr im Schloss zu finden. "
903 1662 3103 1885 Nach und nach mässigte sich Amadeus, er schwteg
934 1851 2993 2085 und schritt ein paar Stunden ruhig und lang-
928 1935 2897 2170 sma seine Strasse einher. Endlich blieb er
945 2107 2959 2322 vor einem Hause stehen. Es war das Haus, wo
956 2234 3002 2545 er früher gewohnt hatte. "Venus, venus", mur
954 2409 3089 2669 melte er.... So lass ichs denn drauf ankommen.
948 2590 3038 2858 Meine Marmorstatue will ich noch einl sehen
979 2672 3165 3005 und wenn sie in meinen Armen erwarmt, dann will
990 2878 3261 3137 ich wieder fortfahren sie zu suchen und stets und
996 3095 2068 3284 ewig an ste glauben. “
987 3208 3027 3470 Er schritt die Treppe hinauf und blieb end -
999 3335 2976 3631 lich vor seiner Türe stehen. Er zog an der
