3320 4184
2706 610 2886 820 114
815 779 2820 924 Er hatte sich genug geplagt, der arme Mann;
826 913 2785 1090 wenn die Arte noch so sentimental und lang
828 1036 2834 1262 sam war, er hatte mit seinem Fiedelbigen in
834 1224 2946 1382 der Luft herumgefuchtelt, als gälte es mindes-
834 1362 2864 1521 tens ein rasendes Prestissimo zu dirigieren.
818 1526 2954 1692 Rührend war er jetzt anzusehen, wie er mit der
828 1670 2932 1850 kleinen, hagern Gestalt und dem langen wedeln
828 1856 2875 1992 den Frackschoss um die Kapelle ging manchmal
820 1978 3011 2139 stehen blieb, den Kopf schüttelte und dann sei-
820 2120 2880 2286 nen Gang wieder fortsetzte, bis er plötzlich
818 2324 2864 2463 aus der Dunkelheit hervor eine Stimme hörte,
823 2428 1981 2602 die ihm zurief:
1856 2559 2202 2758 de ces gens
828 2589 1815 2777 "Herr Kapellmetster!"
801 2730 2992 2932 Er ging zu dem Tisch, wo Ernst und Elsa sassen,
818 2848 2995 3055 und ihn einluden sich ebenfalls niederzulassen.
826 3060 2899 3210 „Wir hätten eine Bitte an Sie“, begann Ernst.
798 3188 2984 3352 Der Kapellmeister machte eine fragende Gebärde.
820 3316 2943 3540 "Möchten Sie uns wohl auf Ihrer Geige öffent -
807 3507 2278 3684 lich ein wenig spielen lassen!"
