3496 4248
2769 433 2919 603 24
864 571 3062 875 Und da verweilten sie. Er hob die Hände hinauf
878 782 3121 1013 als winkte er die Sterne zu sich herunter, dann
878 925 3121 1151 liess er sie wieder sinken und stützte sich auf
902 1051 3086 1306 das Fenstebrett.- "Sie kommt nicht wieder, die
913 1244 3089 1493 schöne Zeit wo ich Dichter war; — wo nur meine
916 1399 3012 1625 Gedanken und meine Umgebung poetisch zu sein
925 1557 2825 1797 brauchte und ich konnte dichten....Aber
934 1669 3229 1926 jetzt, jetzt.... Verliebt zu sein und doch nicht
934 1809 3264 2070 dichten... in mondheller Nacht den Fluss rauschen
937 2005 3071 2210 hören und doch nicht dichten..... nein, nein.
957 2166 3056 2365 ich bin kein Poet mehr, gewiss nicht mehr...
960 2278 3232 2532 Ich glaube es schon selbst, dass ich ein Alltags
960 2468 3156 2676 kind bin, wie alle andern und dahingehen werde
981 2620 2398 2843 sanglos, klanglos, wie ste....
805 2755 3162 2992 XI bin ich aberauch verliebt! O du süsses, wunder
995 2907 3185 3150 schönes Kind, gewiss ich liebe Dich; ich liebe
984 3077 3048 3293 Dich, so wahr ich Dich geküsst habe, und so
1004 3214 3203 3472 wahr meine Lippen noch jetzt glühen von Deinem
1010 3405 3226 3613 Kuss Du Helde. Und doch können mich Deine brau¬
1022 3539 3115 3788 nen Augen nicht zu einem Gedicht begeistern;
