3368 4216
2745 514 2887 701 49
826 644 2847 925 mer, in welchem sie nachlässig auf dem Sofa
818 877 3023 1050 lehnte und durchs offene Fenster ins Fræte sah,
823 988 2947 1241 wo sich der reine Sternhimel über die stille
832 1221 1536 1337 Ebene brettete.
849 1306 2918 1490 “Lebe wohl Lucia“, sagte Amadeus und reichte
854 1473 1649 1646 Ihr die Hand dar.
846 1607 3015 1788 Sie machte eine abwehrende Bewegung. “In einem
840 1760 2930 1987 Jahre winkt Dir der süsseste Lohn, bis dahin
854 1925 2041 2109 aber berühre mich nicht.“
843 2058 2981 2254 Alle Fibern zitterten jetzt in Amadeus. Luota
871 2251 3074 2427 schien in diesem Augenblick begehrenswerter als
874 2382 3157 2583 je, ihr Besitz dünkte ihm das glückseligste aller
860 2541 2958 2759 Erdengüter. Es schwirrte und schimmerte ihm
880 2680 2944 2910 vor Augen und Sinn - fassungslos verliess er
877 2856 3015 3001 das - immer und stürzte hinunter, in die freie
889 2998 3063 3194 kühle Nachtluft, ohne Lucta auch nur mehr ein
889 3137 3151 3367 letztes Lebewohl gesagt zu haben. Sobald es ihn
900 3307 3015 3526 frisch umwehte, wurde er ruhiger. Von der An-
897 3466 2981 3690 höhe, duf der das Schloss stand, stieg er in
917 3631 3123 3875 das still dal tegende Dorf hinunter und nahm den
