3480 4232
2859 536 3056 706 105
449 755 566 922 1
690 731 815 1007 II
949 829 2972 1108 Gebilde der stets schaffenden Phantaste des
941 1073 1672 1286 Poeten Amadeus.
1144 1256 3114 1551 Ein melancholisch dreinschauender jüngling
971 1442 3122 1696 lehnte an einem wunderschönen Sommernachmittag
977 1614 3045 1852 an der Mauefr des Konservatoriums. Plötzlich
993 1773 3029 2019 sah er mit den lebhaften, braunen Augen auf.
985 1921 2717 2088 Er hatte Schritte in der Nähe gehört.
1007 2063 3182 2298 "Sie haben keinen Preis?" fragte ihn ein schmol
999 2233 3163 2463 lender, kleiner Mund, der ethem hübschen, jun
1021 2408 2052 2608 gen Mädchen angehörte.
1032 2474 3037 2755 "Heine", antwortete der dunkellockige junge
1015 2736 1267 2928 Mann.
1029 2799 3229 3056 "Ich auch nicht, " stiess das Mädchen ärgerlich
1023 2972 3188 3218 heraus, indem sie sich wegwandte und zum Gehen
1026 3130 3232 3355 anschickte. Der junge Mann machte einen Schritt
1037 3251 3185 3505 gegen sie zu. "Nicht möglich! Sie haben wirk¬
1034 3461 2660 3678 lich keinen Preis?" fragte er sie.
