3528 4296
2910 549 3091 730 103
939 758 2915 980 nahme eingeführt werden kann. Darf ich Sie
944 944 1477 1147 einladen!!“
966 1049 2987 1249 "O, dann, danke, mir ist es unmöglich. Ich
966 1189 3170 1474 störe Sie übrigens nicht länger, beben Sie herz
974 1430 1573 1595 lich wohl. „
1005 1471 3085 1740 "Ich empfehle mich bestens, Liebster, Bester!"
991 1724 1757 1889 Er ging schnell.
988 1787 3033 2007 Amadeus sah ihm eine Weile nach, schüttelte
1010 1976 3058 2204 den Kopf und murmelte. "Unbegreiflich, unbe
1029 2094 3239 2328 gretflich." Dann gings wieder durch alle Stras
1032 2256 3129 2479 sen, bald schneller, bald langsamer, bis er
1032 2391 3113 2624 endlich in einer entfenten Vorstadt zu einem
1032 2572 3116 2775 hell erleuchtetem Gasthausgarten kam, in dem
1057 2693 3083 2918 es recht lustig und ###ut herging und in dem
1051 2877 3113 3110 eine Mustkbande ihre Weisen spielte. Amadeus
1060 3039 3083 3228 setzte sich an einen Tisch, liess sich eine
1060 3170 3094 3404 Flasche Wein geben u. stüzte den Kopf mild in
1071 3341 3190 3563 seine Hand. Er liess es um sich herum brausen
1079 3453 3217 3659 und lärmen und blieb doch allein unter den Ge
