3512 4264
2881 465 3041 631 20
806 679 3019 815 im Gesicht, dass selbst Amadeus lächeln musste.
806 815 2988 981 "Weil Sie nicht frei sind, nicht wahr, Minnaî"
795 981 2853 1130 Minna seufzte leise: "Ach ja, ja," Sie hatte
803 1133 2979 1277 zu Boden gesehen, jetzt blickte sie wieder auf
803 1280 2788 1449 und heftete die scheuen Augen auf Amadeus
823 1440 3039 1581 "GLauben Sie mirs wohl ich war einmal verliebt!
829 1590 2517 1739 "Ach Gott!" machte Amadeus lächelnd.
848 1748 2390 1900 "Sie verspotten mich, sehen Sie!“
832 1894 2906 2032 "Um Himmelswillen nein," rief Amadeus abweh¬
823 2061 2946 2213 rend. "Ich war auch verliebt und ich, ich ha¬
832 2216 1615 2354 be auch geküsst.
860 2337 3106 2486 "Ich habe aber nie geküsst, nie nie, können Sie
834 2528 3098 2641 glauben, hein einziges Mal." Wie tostles sie das
829 2698 2932 2799 sagte und wie reizend wehmütig sie die Augen
826 2836 2884 2943 auf Amadeus richtete; und der sah sie ganz
829 2948 2915 3126 ernst an- "Und ich liebe jetzt wieder", fuhr
815 3120 3013 3267 Minna fort und wurde immer värmer. "Warum soll
823 3264 2971 3405 ichs denn nicht gestehen, wer weiss wann ichs
823 3439 2977 3600 wieder sagen könnte, so frei und so wahr, ich
829 3569 2884 3729 liebe Dich, Dich liebe ich, Amadeus und ich
