3448 4184
2699 472 2822 603 59
701 564 2130 823 Erhaben, gross und unermessen,
720 790 2255 946 Von keinem Menschenaug vergessen.
712 971 2144 1147 Das jemals ihn bewundernd sah,
717 1083 2417 1312 Scheint erzugleich uns fern und nah.
734 1384 2244 1577 Lass Venus mich von Hinnen gehn,
737 1544 2347 1733 Lass mich den Himmel wieder sehen,
740 1731 2484 1879 Nach dem die Sehnaucht mich verzehrt,
756 1831 2398 2057 Und den ich schon so lang entbehrt.
754 2105 2981 2325 Hier hörte Amadeus auf zu lesen. "Kennt Ihr den
776 2297 2998 2470 Verfasser dieser Verse“, fragte er den Schläfri¬
1103 2481 1521 2627 Gesandt soll
784 2509 1024 2657 gen?
784 2621 2978 2755 „Ich habe einmal von ihm reden hören, ich weiss
782 2777 2945 2959 aber nicht einmal, ob er noch lebt, oder ob er
793 2922 1848 3112 schon gestorben tst.
796 3079 3040 3232 "Die Verse sind, wenn auch oft trivial und sonst
796 3204 3029 3377 nicht hervorragend, an manchen Stellen von wirk-
787 3369 3003 3553 lichem Gefühl durchdrungen", sagte Amadeus mehr
2068 3531 2194 3701 41
