3464 4152
2847 504 2976 666 87
808 644 2836 822 Mit den letzten Worten lief er dem Amadeus
822 762 3000 978 nach, der von Schunde zu Sekunde schneller und
825 915 3030 1181 unruhiger gegangen und endlich beinahe ins Lau-
825 1093 1628 1269 fen gekommen war.
847 1186 2861 1428 “Sagt mir doch nur, wie fangt ihr das an zu
822 1400 2987 1570 dichten?" fragte jetzt Amadeus, indem er seine
825 1537 2877 1745 Schritte mässigte. Der Fremde sah thn an und
833 1674 2918 1866 schüttelte nachdenklich den Kopf. “Eine merk-
825 1880 2913 2055 würdige Frage. : wie tohs anfange zu dichten;
825 1978 2836 2189 nun— indem ich — aber auf diese Frage gibts
827 2126 2828 2365 keine Antwort. Sagt doch— ihr habt noch nie
825 2296 2055 2513 einen Vers geschrieben?"
838 2395 2819 2652 „Ihr richtet mich zu Grundau, rief Amadeus-
838 2578 2850 2773 "Ich bin unglückseltg, ich werde noch wahn-
844 2751 2885 2962 sinnig! O ich erbramenswertes Menschenkind!"
1348 2896 2951 3151 „Um Gotteswillen, was tat ich euch
836 3099 1140 3266 dennr“
841 3154 3011 3430 „Nichts, gar nichts, aber ihr weckt in mir wie¬
830 3343 2951 3559 der meine ganze Leidensgeschichte. Sie heisst
