3464 4248
2708 503 2840 598 17
756 618 2852 897 schönen Freundtn gemacht. Ich schlug nämlich
770 802 2769 1003 vor gemeinschaftlich ein kleines Seuper in
779 952 2932 1159 diesem Garten einzunehmen. Dort unter den Bäu¬
773 1121 3016 1317 men laden die Tische so gasstlich ein; gentessen
785 1242 3076 1463 wir denn den schönen Sommerabend in Gesellschaft
796 1383 2858 1627 und lassen wir uns unter den grünen Zueigen
796 1576 2910 1794 nieder, die uns so freundlich bewegt winken.'
802 1711 2864 1935 Er wartete gar nicht auf Antwort und schlug
828 1854 2950 2093 gleich den Weg zu der Gartenrestauration ein,
825 2036 2930 2240 wo sich die beiden Paare an einem kleinen Ti¬
840 2240 1754 2401 sche niederltessen.
840 2309 2864 2527 Der Weln, den Theobald geben liess, machte
851 2461 3070 2728 alle lebhafter, das Gespräch verlor das fremde,
345 2401 535 2602 25
851 2634 3004 2835 welches es doch im Anfang gehabt, nur Amadeus
860 2766 2958 2993 war noch etwas ernst und zurückhaltend. The¬
840 2930 3148 3162 obald führte das erste Wort. Er machte sarhasti-
897 3068 3208 3289 sche Bemerkungen über die Vorübergehenden, sprach
897 3249 2947 3453 über alles, was sich eben dem Auge bot, mit
903 3395 2984 3625 der ihm eigentümlichen Frische und wurde be¬
906 3536 3094 3749 sonders von der etwas ältern Freundin des jun-
