3320 4184
2803 761 2983 923 121
872 950 2962 1111 verkannten Gentes spotten so viel sie wollen,
885 1084 3024 1229 ich bin doch eines, meine Tragödie hat bewun -
877 1224 3037 1428 denswerte Stellen; und doch bin ich - verflüch
893 1407 1372 1560 tes Wort!"
882 1514 3034 1692 „Verkanntes Gente“, murmelte der Kapellmeister
882 1692 2927 1824 ein wenig spöttisch. "Eine Sonne sollte den
882 1821 2943 2031 Platz nicht finden, wo sie leuchten könnte!"
890 2004 2951 2149 "Unsinn mein Herr", schrie der Poet, "Phasse
896 2149 2991 2330 das, was Sie da von der Sonne geredet haben!"
898 2303 2935 2469 "Keine Phrose", versetzte der Kapellmeister.
907 2469 2416 2615 „Verstehen Sie mich nur recht. „
901 2574 3010 2790 Genug, genug, mein Herr - ich bin einmal ein
912 2763 2964 2908 verkanntes Gente und die Sonne soll scheinen
896 2911 2876 3112 wo sie will. "Bet diesem Worten hatte der
898 3042 2951 3223 Dichter einen nebenstehenden Sessel gefasst,
909 3225 3013 3357 ihn wie den früheren herumgeschüttelt und ihn
890 3373 3015 3540 mit unglaublicher Energie wieder zur Erde ge-
898 3519 3013 3704 stemmt. Ein „Au“ wurde hörber und man bemerkte
