3416 4184
2855 396 3004 660 83
885 688 3147 916 Er schloss die Augen, um nichts von der frischen
902 854 2877 1087 grünenden Natur rings umher zu sehen., und
919 1000 3116 1220 blieb so einige Zett liegen. Als er endlich die
896 1135 3015 1380 Augen aufschlug, sah er einen jungen Mann vor
933 1295 2998 1526 sich, der mit verschränkten Bethen und sich
944 1464 2917 1664 auf einen festen, knochtgen Stock stützend
958 1621 3010 1824 dastand und heiter, fast lachenden Antlitzes
961 1731 3130 1973 auf Amadeus, den unglücklichen Poeten herabsah.
1520 1900 3105 2088 „Wie vertrrt sich ein solch düste¬
523 1953 705 2220 27
978 2043 3136 2290 res Antlitz in die frische Natur? Und wie kann
989 2259 2869 2453 es noch düster bleiben, wenn es inmitten
998 2358 3198 2582 der weiten grünenden Gegend seine Blicke schwet
1009 2585 1551 2765 fen lässt?"
1020 2681 3015 2950 "Und darf man wohl wissen", fragte Amadeus,
1026 2863 3111 3069 ebenso missmutig wie früher, "was es den lus-
1023 2998 2995 3220 tigen Wandersmann bekümmert, ob ein andrer
1023 3153 3004 3366 Mensch froh oder trübselig dreinschaut. 12
1057 3316 3049 3496 „O freilich darf man das wissen“, sagte der
1045 3420 3229 3656 andre und streckte sich neben Amadeus ins Gras,
