3544 4328
2951 495 3100 727 12
922 678 3037 870 Gestehe es nur, es mtscht sich etwas in diese
905 853 3200 1030 Erinnerung, wie ein Gerührtsein über Dich selbst;
919 1005 2925 1176 das überwinde; denke: wie Du mir so ich Dir
913 1148 2980 1348 und gehe Du an dem Arm eines jungen Mädchens
916 1348 2293 1488 durch die lauschtgen Alleen."
913 1483 2988 1612 Beide Freunde lehnten sich an einen Baum und
907 1666 2986 1803 sahen sich die vorübergehenden Spaztergänger
910 1809 1079 1924 an.
