3512 4248
2855 427 3004 573 36
934 599 3107 823 die fern aufragten, in den sternenschimmernden
917 739 3159 995 Aether, ich lehnte mich an Deinen heissen Busen
940 894 3030 1135 und Du fragtest mich, ob ich Poet sei und ob
946 1061 2924 1275 ich Dich suchen wollte in der weiten Welt,
946 1244 3182 1439 bis ich Dich fände und Du küsstest mich und ich
957 1350 3239 1599 sagte: "Ich will Dioh suchen, bis thb Dio h finde.
949 1496 3078 1734 Da sprachst Du Lebewohl und ich lehnte an der
966 1657 3139 1880 kalten Marmorstatus in meinem Zimmer —0 Aphro
963 1854 3007 2047 dits, ich habe Dich gefunden, lass sie mich
969 1975 3130 2207 wieder xxxssen, Deine süssen. weichen Lippen--"
963 2161 3161 2345 Aber Aphrodite floh hinweg. "Gott erbarme sich
983 2293 3070 2502 seiner", murmelte ste. "Er muss unendlich ge-
975 2454 3282 2654 liebt haben, der Arme", und sie verlor sich unter
992 2608 2439 2812 das wimmelnde Menschengedränge.
986 2746 3156 2981 Amand###us aber einsam unter den Bäumen stehend,
997 2895 3159 3133 faltete wie verweifelnd die Hände. “Sie war s
995 3055 3133 3247 nicht, sie wars noht", rief er, "und ich muss
1003 3182 3222 3425 wieder suchen, bis täh ste finde. Es lässt mich
1012 3365 3096 3568 nicht ruhen, bis ich Aphrodite wiedergesehen
1015 3500 3084 3723 und sollt ich die Welt thretwegen umwandern,
