3320 4152
2582 617 2763 769 136
796 796 1207 964 finden?"
785 905 2726 1140 Amadeus schloss die Arme um thren weissen
796 1113 2820 1258 Nacken und lehnte seine Brust an thren star
809 1255 1284 1439 ren Busen.
801 1370 2948 1522 Und wieder glänzten Mondesstrahlen herein, und
812 1525 2822 1671 unten rauschte der Fluss und Amadeus küsste
812 1674 2886 1826 die Liebesgöttin auf die kalten Lippen......
812 1813 2830 1989 Vor einem Jahr hatte sich unten ein Kahn ge
817 1986 2825 2120 schaukelt auf den spielenden Wellen und in
817 2115 2900 2288 ihm fuhren zwel Gestalten den Strom hinunter,
814 2256 2830 2427 dem fernen mondblassen Gebirge zu - und sie
822 2427 1156 2614 sprach:
822 2536 2667 2739 "Du wirst keine andre lieben, als mich.”
809 2710 1618 2900 Und er erwiderte:
822 2820 2804 3068 "Ich werde keine andre lieben, als Dich!"
838 3041 2726 3180 "Ich werde keine andre lieben, als Dich"
806 3175 2753 3329 murmelte auch jetzt Amadeus, wie im Traum
956 3297 2769 3479 und auch jetzt rauschte es gleichförmig
817 3458 1551 3661 unten im Fluss.
1962 3607 2766 3746 die nächsten 2 Seiten
2152 3709 2793 3925 sind vertauscht.
