<?xml version="1.0" encoding="UTF-8" standalone="yes"?>
<PcGts xmlns="http://schema.primaresearch.org/PAGE/gts/pagecontent/2013-07-15" xmlns:xsi="http://www.w3.org/2001/XMLSchema-instance" xsi:schemaLocation="http://schema.primaresearch.org/PAGE/gts/pagecontent/2013-07-15 http://schema.primaresearch.org/PAGE/gts/pagecontent/2013-07-15/pagecontent.xsd">
    <Metadata>
        <Creator>prov=READ-COOP:name=TrHtr:version=2.1.0:model_id=51170:date=14_08_2023_17:25</Creator>
        <Created>2023-05-10T14:30:59.490+02:00</Created>
        <LastChange>2023-08-14T17:25:17.297+02:00</LastChange>
        <TranskribusMetadata docId="1428638" pageId="55421440" pageNr="105" tsid="132818460" status="IN_PROGRESS" userId="64420" imgUrl="https://files.transkribus.eu/Get?id=HHGUQQXFBKHOXKBTDQQGHMHW&amp;fileType=view" xmlUrl="https://files.transkribus.eu/Get?id=XWNABRXOCFQSKNMLOTEMESFI" imageId="44695522"/>
    </Metadata>
    <Page imageFilename="1428638_0105.jpg" imageWidth="3416" imageHeight="4184">
        <ReadingOrder>
            <OrderedGroup id="ro_1711819453266" caption="Regions reading order">
                <RegionRefIndexed index="0" regionRef="tr_1"/>
                <RegionRefIndexed index="1" regionRef="tr_2"/>
            </OrderedGroup>
        </ReadingOrder>
        <TextRegion id="tr_1" custom="readingOrder {index:0;}">
            <Coords points="850,690 3055,690 3055,2457 850,2457"/>
            <TextLine id="tr_1_tl_1" custom="readingOrder {index:0;}">
                <Coords points="2825,788 2867,785 2909,796 2923,790 2937,802 2954,796 2968,807 2996,810 2999,664 2957,673 2920,650 2901,667 2875,661 2847,684 2828,684"/>
                <Baseline points="2841,746 2870,743 2915,743 2960,743 3005,740"/>
                <TextEquiv>
                    <Unicode>100</Unicode>
                </TextEquiv>
            </TextLine>
            <TextLine id="tr_1_tl_2" custom="readingOrder {index:1;}">
                <Coords points="844,961 1155,939 1337,1037 2954,944 2954,844 2867,821 846,852"/>
                <Baseline points="859,940 901,940 946,940 990,940 1035,940 1080,940 1125,937 1169,937 1214,937 1259,937 1304,937 1348,937 1393,934 1438,934 1483,934 1527,931 1572,928 1617,928 1662,928 1707,925 1751,925 1796,925 1841,925 1886,925 1930,925 1975,922 2020,922 2065,922 2109,919 2154,919 2199,919 2244,916 2288,916 2333,916 2378,913 2423,913 2468,913 2512,910 2557,913 2602,910 2647,907 2691,907 2736,904 2781,904 2826,904 2870,904 2915,904 2960,904"/>
                <TextEquiv>
                    <Unicode>wohl schon in einer Seitengasse verschwunden.</Unicode>
                </TextEquiv>
            </TextLine>
            <TextLine id="tr_1_tl_3" custom="readingOrder {index:2;}">
                <Coords points="858,1101 2547,1152 2825,1121 2828,970 2399,970 2208,1048 2105,995 858,1043"/>
                <Baseline points="874,1077 907,1077 951,1086 996,1089 1041,1089 1086,1089 1131,1089 1175,1089 1220,1089 1265,1089 1310,1089 1354,1086 1399,1086 1444,1086 1489,1083 1533,1080 1578,1080 1623,1077 1668,1080 1712,1077 1757,1077 1802,1077 1847,1077 1892,1074 1936,1074 1981,1077 2026,1074 2071,1074 2115,1074 2160,1074 2205,1071 2250,1068 2294,1068 2339,1068 2384,1068 2429,1065 2473,1062 2518,1059 2563,1059 2608,1059 2653,1059 2697,1056 2742,1056 2787,1056 2832,1053"/>
                <TextEquiv>
                    <Unicode>"Heda, rennt. nicht so, wohin, Wohin" hörte</Unicode>
                </TextEquiv>
            </TextLine>
            <TextLine id="tr_1_tl_4" custom="readingOrder {index:3;}">
                <Coords points="835,1258 2763,1264 3046,1222 3049,1132 1225,1197 838,1113"/>
                <Baseline points="850,1244 862,1244 907,1244 951,1241 996,1241 1041,1238 1086,1238 1131,1238 1175,1238 1220,1238 1265,1238 1310,1235 1354,1235 1399,1235 1444,1235 1489,1235 1533,1232 1578,1232 1623,1232 1668,1229 1712,1226 1757,1226 1802,1229 1847,1226 1892,1226 1936,1226 1981,1226 2026,1223 2071,1223 2115,1223 2160,1223 2205,1223 2250,1220 2294,1220 2339,1217 2384,1217 2429,1214 2473,1214 2518,1214 2563,1211 2608,1211 2653,1211 2697,1211 2742,1211 2787,1208 2832,1208 2876,1211 2921,1208 2966,1205 3011,1205 3055,1205"/>
                <TextEquiv>
                    <Unicode>Amadeus auf der Strasse eine Stimme hinter sich</Unicode>
                </TextEquiv>
            </TextLine>
            <TextLine id="tr_1_tl_5" custom="readingOrder {index:4;}">
                <Coords points="855,1426 1278,1398 1396,1471 2166,1469 2547,1424 2550,1281 855,1345"/>
                <Baseline points="871,1396 895,1396 940,1396 984,1393 1029,1393 1074,1393 1119,1393 1163,1393 1208,1393 1253,1390 1298,1390 1342,1390 1387,1390 1432,1387 1477,1387 1521,1384 1566,1381 1611,1384 1656,1381 1701,1381 1745,1381 1790,1378 1835,1378 1880,1378 1924,1378 1969,1378 2014,1378 2059,1378 2103,1378 2148,1375 2193,1375 2238,1372 2282,1372 2327,1369 2372,1369 2417,1369 2462,1360 2506,1354 2551,1351"/>
                <TextEquiv>
                    <Unicode>sagen. "Kennt Ihr mich nicht mehr!“</Unicode>
                </TextEquiv>
            </TextLine>
            <TextLine id="tr_1_tl_6" custom="readingOrder {index:5;}">
                <Coords points="849,1555 2839,1583 2971,1555 2973,1435 849,1488"/>
                <Baseline points="865,1542 874,1542 919,1542 963,1542 1008,1542 1053,1539 1098,1539 1142,1536 1187,1539 1232,1539 1277,1536 1322,1533 1366,1533 1411,1536 1456,1533 1501,1533 1545,1530 1590,1530 1635,1527 1680,1527 1724,1527 1769,1524 1814,1527 1859,1527 1903,1524 1948,1524 1993,1524 2038,1521 2083,1521 2127,1521 2172,1521 2217,1521 2262,1521 2306,1521 2351,1519 2396,1519 2441,1516 2485,1516 2530,1516 2575,1513 2620,1513 2664,1513 2709,1513 2754,1510 2799,1510 2844,1510 2888,1510 2933,1507 2978,1507"/>
                <TextEquiv>
                    <Unicode>Amadeus erkannte den Poeten mit den er vor we</Unicode>
                </TextEquiv>
            </TextLine>
            <TextLine id="tr_1_tl_7" custom="readingOrder {index:6;}">
                <Coords points="858,1704 2169,1766 2923,1715 2965,1581 858,1651"/>
                <Baseline points="874,1695 910,1698 954,1698 999,1695 1044,1695 1089,1695 1134,1692 1178,1692 1223,1692 1268,1692 1313,1689 1357,1689 1402,1689 1447,1689 1492,1686 1536,1686 1581,1683 1626,1683 1671,1683 1715,1683 1760,1680 1805,1680 1850,1680 1895,1680 1939,1680 1984,1680 2029,1677 2074,1677 2118,1677 2163,1677 2208,1674 2253,1674 2297,1671 2342,1671 2387,1668 2432,1668 2476,1668 2521,1668 2566,1665 2611,1668 2656,1665 2700,1665 2745,1665 2790,1662 2835,1662 2879,1662 2924,1662 2969,1662"/>
                <TextEquiv>
                    <Unicode>nigen Monaten gewandert war. Dieser sah recht</Unicode>
                </TextEquiv>
            </TextLine>
            <TextLine id="tr_1_tl_8" custom="readingOrder {index:7;}">
                <Coords points="874,1920 1833,1866 2004,1931 2136,1869 2884,1852 2884,1757 2716,1735 877,1802"/>
                <Baseline points="892,1856 922,1850 966,1847 1011,1850 1056,1850 1101,1847 1145,1844 1190,1844 1235,1844 1280,1847 1325,1841 1369,1841 1414,1838 1459,1841 1504,1841 1548,1844 1593,1841 1638,1841 1683,1835 1727,1835 1772,1835 1817,1835 1862,1835 1906,1832 1951,1832 1996,1829 2041,1829 2086,1829 2130,1829 2175,1826 2220,1826 2265,1826 2309,1826 2354,1826 2399,1823 2444,1823 2488,1823 2533,1823 2578,1823 2623,1820 2667,1820 2712,1820 2757,1817 2802,1817 2847,1817 2891,1817"/>
                <TextEquiv>
                    <Unicode>fein und elegant aus. Er hatte einen langen</Unicode>
                </TextEquiv>
            </TextLine>
            <TextLine id="tr_1_tl_9" custom="readingOrder {index:8;}">
                <Coords points="869,2001 1561,1993 1704,2082 2660,2004 2859,2049 2926,2032 2929,1897 869,1951"/>
                <Baseline points="883,1996 919,1996 963,1996 1008,1993 1053,1996 1098,1993 1142,1990 1187,1990 1232,1990 1277,1990 1322,1990 1366,1990 1411,1987 1456,1987 1501,1987 1545,1984 1590,1984 1635,1981 1680,1981 1724,1978 1769,1978 1814,1978 1859,1978 1903,1975 1948,1978 1993,1975 2038,1975 2083,1975 2127,1975 2172,1975 2217,1972 2262,1972 2306,1972 2351,1972 2396,1972 2441,1972 2485,1969 2530,1969 2575,1969 2620,1966 2664,1969 2709,1966 2754,1966 2799,1963 2844,1960 2888,1960 2933,1957"/>
                <TextEquiv>
                    <Unicode>schurzen Rock an und einen hohen stetjen Hut</Unicode>
                </TextEquiv>
            </TextLine>
            <TextLine id="tr_1_tl_10" custom="readingOrder {index:9;}">
                <Coords points="874,2217 2713,2124 2959,2178 2962,2040 874,2110"/>
                <Baseline points="889,2151 907,2154 951,2154 996,2151 1041,2151 1086,2151 1131,2151 1175,2148 1220,2148 1265,2148 1310,2148 1354,2148 1399,2148 1444,2148 1489,2145 1533,2145 1578,2142 1623,2142 1668,2142 1712,2139 1757,2136 1802,2139 1847,2139 1892,2139 1936,2136 1981,2133 2026,2136 2071,2136 2115,2133 2160,2133 2205,2133 2250,2130 2294,2130 2339,2130 2384,2127 2429,2127 2473,2127 2518,2127 2563,2127 2608,2130 2653,2124 2697,2124 2742,2124 2787,2121 2832,2121 2876,2121 2921,2121 2966,2118"/>
                <TextEquiv>
                    <Unicode>auf dem Kopf, was ihm freilich auch ein etwas</Unicode>
                </TextEquiv>
            </TextLine>
            <TextLine id="tr_1_tl_11" custom="readingOrder {index:10;}">
                <Coords points="872,2399 2032,2326 2346,2363 2405,2354 2407,2186 874,2259"/>
                <Baseline points="889,2306 934,2306 978,2306 1023,2306 1068,2306 1113,2303 1157,2300 1202,2300 1247,2297 1292,2300 1336,2297 1381,2300 1426,2300 1471,2297 1516,2294 1560,2294 1605,2294 1650,2294 1695,2291 1739,2291 1784,2288 1829,2288 1874,2288 1918,2288 1963,2288 2008,2285 2053,2285 2097,2285 2142,2285 2187,2285 2232,2285 2277,2282 2321,2282 2366,2282 2411,2282"/>
                <TextEquiv>
                    <Unicode>philisterhaftes Aussehen verlieh.</Unicode>
                </TextEquiv>
            </TextLine>
            <TextLine id="tr_1_tl_12" custom="readingOrder {index:11;}">
                <Coords points="880,2508 2444,2525 2931,2461 2934,2334 883,2385"/>
                <Baseline points="895,2435 925,2444 969,2447 1014,2447 1059,2447 1104,2447 1148,2447 1193,2444 1238,2444 1283,2444 1328,2441 1372,2438 1417,2441 1462,2438 1507,2438 1551,2438 1596,2441 1641,2438 1686,2441 1730,2438 1775,2438 1820,2435 1865,2435 1909,2435 1954,2429 1999,2426 2044,2429 2089,2429 2133,2429 2178,2429 2223,2429 2268,2429 2312,2426 2357,2423 2402,2426 2447,2426 2491,2426 2536,2426 2581,2426 2626,2423 2670,2423 2715,2423 2760,2420 2805,2420 2850,2420 2894,2417 2939,2414"/>
                <TextEquiv>
                    <Unicode>"Ich selbst", sagte er " gehe jetzt in eine</Unicode>
                </TextEquiv>
            </TextLine>
        </TextRegion>
        <TextRegion id="tr_2" custom="readingOrder {index:1;}">
            <Coords points="871,2525 3133,2525 3133,3534 871,3534"/>
            <TextLine id="tr_2_tl_1" custom="readingOrder {index:0;}">
                <Coords points="855,2643 1003,2699 2281,2671 2934,2620 2973,2491 858,2545"/>
                <Baseline points="871,2611 877,2608 922,2608 966,2608 1011,2608 1056,2608 1101,2608 1145,2608 1190,2605 1235,2605 1280,2605 1325,2602 1369,2602 1414,2599 1459,2599 1504,2599 1548,2599 1593,2599 1638,2599 1683,2599 1727,2599 1772,2596 1817,2596 1862,2596 1906,2593 1951,2593 1996,2590 2041,2590 2086,2587 2130,2587 2175,2587 2220,2587 2265,2587 2309,2584 2354,2584 2399,2581 2444,2581 2488,2581 2533,2581 2578,2581 2623,2581 2667,2578 2712,2578 2757,2575 2802,2575 2847,2575 2891,2575 2936,2575 2981,2575"/>
                <TextEquiv>
                    <Unicode>Abendgesellschaft, welche in manterlicher und</Unicode>
                </TextEquiv>
            </TextLine>
            <TextLine id="tr_2_tl_2" custom="readingOrder {index:1;}">
                <Coords points="874,2822 2525,2777 2735,2831 2889,2783 2895,2626 877,2682"/>
                <Baseline points="889,2760 928,2760 972,2760 1017,2760 1062,2760 1107,2757 1151,2757 1196,2757 1241,2754 1286,2754 1331,2754 1375,2754 1420,2751 1465,2748 1510,2748 1554,2748 1599,2751 1644,2748 1689,2748 1733,2748 1778,2745 1823,2745 1868,2742 1912,2742 1957,2742 2002,2742 2047,2739 2092,2739 2136,2736 2181,2736 2226,2736 2271,2736 2315,2736 2360,2736 2405,2733 2450,2733 2494,2733 2539,2730 2584,2730 2629,2727 2673,2727 2718,2730 2763,2727 2808,2724 2852,2724 2897,2724"/>
                <TextEquiv>
                    <Unicode>distningierter Weise alle literaris chen und</Unicode>
                </TextEquiv>
            </TextLine>
            <TextLine id="tr_2_tl_3" custom="readingOrder {index:2;}">
                <Coords points="877,2982 2819,2929 2839,2817 877,2859"/>
                <Baseline points="892,2915 916,2915 960,2915 1005,2912 1050,2912 1095,2912 1140,2912 1184,2909 1229,2909 1274,2909 1319,2906 1363,2906 1408,2906 1453,2903 1498,2900 1542,2903 1587,2906 1632,2903 1677,2903 1721,2903 1766,2900 1811,2903 1856,2900 1901,2897 1945,2900 1990,2897 2035,2897 2080,2897 2124,2897 2169,2894 2214,2894 2259,2891 2303,2891 2348,2891 2393,2891 2438,2891 2482,2888 2527,2888 2572,2888 2617,2888 2662,2888 2706,2885 2751,2879 2796,2873 2841,2873"/>
                <TextEquiv>
                    <Unicode>sozialen Fragen der Gegenwart behandelt. "</Unicode>
                </TextEquiv>
            </TextLine>
            <TextLine id="tr_2_tl_4" custom="readingOrder {index:3;}">
                <Coords points="863,3122 1286,3156 2553,3041 2800,3097 2822,2920 866,3007"/>
                <Baseline points="880,3064 901,3061 946,3061 990,3064 1035,3061 1080,3061 1125,3058 1169,3058 1214,3058 1259,3055 1304,3052 1348,3052 1393,3049 1438,3049 1483,3049 1527,3049 1572,3049 1617,3046 1662,3049 1707,3049 1751,3046 1796,3046 1841,3043 1886,3046 1930,3046 1975,3043 2020,3043 2065,3043 2109,3041 2154,3041 2199,3038 2244,3041 2288,3038 2333,3038 2378,3038 2423,3038 2468,3038 2512,3035 2557,3038 2602,3038 2647,3035 2691,3035 2736,3035 2781,3032 2826,3038"/>
                <TextEquiv>
                    <Unicode>Amadeus hörte mit Befremden diese Sprache.</Unicode>
                </TextEquiv>
            </TextLine>
            <TextLine id="tr_2_tl_5" custom="readingOrder {index:4;}">
                <Coords points="855,3293 2758,3242 2850,3212 2853,3086 2312,3086 2113,3156 858,3116"/>
                <Baseline points="871,3211 889,3211 934,3211 978,3211 1023,3208 1068,3211 1113,3208 1157,3208 1202,3208 1247,3205 1292,3205 1336,3205 1381,3202 1426,3202 1471,3202 1516,3202 1560,3202 1605,3199 1650,3199 1695,3196 1739,3196 1784,3196 1829,3196 1874,3196 1918,3196 1963,3196 2008,3193 2053,3193 2097,3193 2142,3193 2187,3193 2232,3193 2277,3193 2321,3193 2366,3190 2411,3190 2456,3190 2500,3190 2545,3187 2590,3187 2635,3187 2679,3187 2724,3184 2769,3184 2814,3184 2858,3184"/>
                <TextEquiv>
                    <Unicode>Der so geredet bemerkte es wohl und lachte</Unicode>
                </TextEquiv>
            </TextLine>
            <TextLine id="tr_2_tl_6" custom="readingOrder {index:5;}">
                <Coords points="869,3416 1076,3469 2985,3385 2985,3273 2898,3237 2774,3301 869,3271"/>
                <Baseline points="883,3360 889,3363 934,3360 978,3360 1023,3360 1068,3360 1113,3360 1157,3360 1202,3354 1247,3351 1292,3354 1336,3354 1381,3351 1426,3351 1471,3351 1516,3351 1560,3348 1605,3348 1650,3348 1695,3348 1739,3348 1784,3345 1829,3348 1874,3345 1918,3345 1963,3345 2008,3342 2053,3342 2097,3342 2142,3342 2187,3342 2232,3339 2277,3339 2321,3336 2366,3336 2411,3336 2456,3336 2500,3336 2545,3336 2590,3339 2635,3336 2679,3336 2724,3336 2769,3336 2814,3333 2858,3333 2903,3333 2948,3330 2993,3333"/>
                <TextEquiv>
                    <Unicode>leise. "Jetzt bin ich ein andrer Mensch, als</Unicode>
                </TextEquiv>
            </TextLine>
            <TextLine id="tr_2_tl_7" custom="readingOrder {index:6;}">
                <Coords points="877,3612 2561,3512 2957,3573 3125,3526 3125,3355 2699,3436 880,3472"/>
                <Baseline points="892,3524 895,3524 940,3518 984,3518 1029,3515 1074,3515 1119,3512 1163,3512 1208,3509 1253,3509 1298,3509 1342,3509 1387,3509 1432,3509 1477,3509 1521,3506 1566,3506 1611,3506 1656,3503 1701,3503 1745,3503 1790,3503 1835,3503 1880,3500 1924,3500 1969,3500 2014,3500 2059,3500 2103,3500 2148,3500 2193,3497 2238,3497 2282,3494 2327,3500 2372,3494 2417,3494 2462,3494 2506,3494 2551,3497 2596,3491 2641,3491 2685,3494 2730,3494 2775,3491 2820,3491 2864,3491 2909,3491 2954,3488 2999,3488 3043,3485 3088,3482 3133,3476"/>
                <TextEquiv>
                    <Unicode>früher, hihi, ich bin kein so roher, mit Verlaut</Unicode>
                </TextEquiv>
            </TextLine>
        </TextRegion>
    </Page>
</PcGts>
