<?xml version="1.0" encoding="UTF-8" standalone="yes"?>
<PcGts xmlns="http://schema.primaresearch.org/PAGE/gts/pagecontent/2013-07-15" xmlns:xsi="http://www.w3.org/2001/XMLSchema-instance" xsi:schemaLocation="http://schema.primaresearch.org/PAGE/gts/pagecontent/2013-07-15 http://schema.primaresearch.org/PAGE/gts/pagecontent/2013-07-15/pagecontent.xsd">
    <Metadata>
        <Creator>prov=READ-COOP:name=TrHtr:version=2.1.0:model_id=51170:date=14_08_2023_17:25</Creator>
        <Created>2023-05-10T14:30:52.619+02:00</Created>
        <LastChange>2023-08-14T17:25:05.293+02:00</LastChange>
        <TranskribusMetadata docId="1428638" pageId="55421153" pageNr="63" tsid="132818414" status="IN_PROGRESS" userId="64420" imgUrl="https://files.transkribus.eu/Get?id=TNDJPJTLZEVFWXNFOTRKYJOG&amp;fileType=view" xmlUrl="https://files.transkribus.eu/Get?id=HUANGJDEKKSUWCIMXSWEDXHR" imageId="44695235"/>
    </Metadata>
    <Page imageFilename="1428638_0063.jpg" imageWidth="3448" imageHeight="4184">
        <ReadingOrder>
            <OrderedGroup id="ro_1711819372575" caption="Regions reading order">
                <RegionRefIndexed index="0" regionRef="tr_1"/>
                <RegionRefIndexed index="1" regionRef="tr_2"/>
            </OrderedGroup>
        </ReadingOrder>
        <TextRegion id="tr_1" custom="readingOrder {index:0;}">
            <Coords points="769,528 2897,528 2897,1728 769,1728"/>
            <TextLine id="tr_1_tl_1" custom="readingOrder {index:0;}">
                <Coords points="2748,595 2759,598 2772,613 2817,602 2832,611 2850,600 2890,600 2897,500 2861,489 2852,480 2834,482 2823,469 2797,486 2754,480"/>
                <Baseline points="2760,587 2763,587 2808,584 2852,581 2897,578"/>
                <TextEquiv>
                    <Unicode>58</Unicode>
                </TextEquiv>
            </TextLine>
            <TextLine id="tr_1_tl_2" custom="readingOrder {index:1;}">
                <Coords points="757,824 2190,782 2192,684 2117,649 762,693"/>
                <Baseline points="769,808 805,805 850,802 895,802 940,799 984,799 1029,799 1074,796 1119,793 1163,793 1208,793 1253,790 1298,790 1342,787 1387,784 1432,784 1477,784 1521,781 1566,781 1611,778 1656,778 1701,778 1745,778 1790,775 1835,775 1880,772 1924,769 1969,769 2014,769 2059,766 2103,763 2148,763 2193,760"/>
                <TextEquiv>
                    <Unicode>Kein Funke mehr von Wohlgenuss</Unicode>
                </TextEquiv>
            </TextLine>
            <TextLine id="tr_1_tl_3" custom="readingOrder {index:2;}">
                <Coords points="762,964 2434,946 2454,833 2077,802 766,869"/>
                <Baseline points="775,957 799,954 844,954 889,954 934,957 978,954 1023,954 1068,954 1113,951 1157,949 1202,946 1247,946 1292,943 1336,943 1381,943 1426,940 1471,937 1516,934 1560,934 1605,934 1650,931 1695,928 1739,928 1784,925 1829,925 1874,922 1918,922 1963,922 2008,919 2053,919 2097,919 2142,916 2187,913 2232,913 2277,910 2321,910 2366,910 2411,910 2456,910"/>
                <TextEquiv>
                    <Unicode>liegt jetzt für mich in Deinem Kuss.</Unicode>
                </TextEquiv>
            </TextLine>
            <TextLine id="tr_1_tl_4" custom="readingOrder {index:3;}">
                <Coords points="771,1284 2199,1248 2239,1239 2243,1091 775,1153"/>
                <Baseline points="784,1265 811,1265 856,1262 901,1265 946,1265 990,1262 1035,1262 1080,1262 1125,1262 1169,1262 1214,1262 1259,1259 1304,1256 1348,1256 1393,1253 1438,1253 1483,1250 1527,1247 1572,1247 1617,1244 1662,1244 1707,1241 1751,1241 1796,1238 1841,1238 1886,1235 1930,1232 1975,1232 2020,1232 2065,1229 2109,1229 2154,1229 2199,1229 2244,1229"/>
                <TextEquiv>
                    <Unicode>Dein üppig hingestreckter Leib,</Unicode>
                </TextEquiv>
            </TextLine>
            <TextLine id="tr_1_tl_5" custom="readingOrder {index:4;}">
                <Coords points="775,1448 2252,1379 2388,1415 2468,1393 2470,1331 2315,1288 1766,1351 1159,1324 931,1375 780,1335"/>
                <Baseline points="790,1420 817,1417 862,1411 907,1408 951,1411 996,1411 1041,1411 1086,1411 1131,1408 1175,1408 1220,1405 1265,1405 1310,1402 1354,1402 1399,1402 1444,1402 1489,1399 1533,1399 1578,1396 1623,1396 1668,1393 1712,1393 1757,1393 1802,1393 1847,1390 1892,1387 1936,1387 1981,1384 2026,1381 2071,1381 2115,1381 2160,1381 2205,1378 2250,1378 2294,1378 2339,1375 2384,1375 2429,1375 2473,1375"/>
                <TextEquiv>
                    <Unicode>Er reizt mich nicht, wollüstig Weib,</Unicode>
                </TextEquiv>
            </TextLine>
            <TextLine id="tr_1_tl_6" custom="readingOrder {index:5;}">
                <Coords points="784,1613 1288,1562 1864,1586 1975,1537 2259,1562 2330,1550 2335,1442 1753,1419 1477,1462 1333,1417 786,1513"/>
                <Baseline points="799,1572 814,1572 859,1569 904,1569 949,1566 993,1566 1038,1566 1083,1563 1128,1566 1172,1563 1217,1560 1262,1560 1307,1557 1351,1557 1396,1554 1441,1554 1486,1554 1530,1554 1575,1551 1620,1548 1665,1545 1710,1545 1754,1545 1799,1542 1844,1542 1889,1539 1933,1539 1978,1536 2023,1533 2068,1533 2112,1533 2157,1533 2202,1530 2247,1530 2291,1533 2336,1533"/>
                <TextEquiv>
                    <Unicode>Hinweg mit Dir, lass mich hinauf,</Unicode>
                </TextEquiv>
            </TextLine>
            <TextLine id="tr_1_tl_7" custom="readingOrder {index:6;}">
                <Coords points="784,1768 955,1713 1219,1750 2050,1684 2421,1724 2423,1595 2319,1550 1075,1599 1002,1642 789,1610"/>
                <Baseline points="796,1718 814,1715 859,1715 904,1715 949,1712 993,1712 1038,1710 1083,1710 1128,1710 1172,1707 1217,1707 1262,1707 1307,1707 1351,1704 1396,1704 1441,1704 1486,1701 1530,1698 1575,1698 1620,1695 1665,1695 1710,1692 1754,1692 1799,1689 1844,1692 1889,1689 1933,1686 1978,1686 2023,1686 2068,1683 2112,1680 2157,1680 2202,1680 2247,1680 2291,1677 2336,1680 2381,1674 2426,1674"/>
                <TextEquiv>
                    <Unicode>Der Erde Schwelle schliess mir auf.</Unicode>
                </TextEquiv>
            </TextLine>
        </TextRegion>
        <TextRegion id="tr_2" custom="readingOrder {index:1;}">
            <Coords points="799,1934 2605,1934 2605,3567 799,3567"/>
            <TextLine id="tr_2_tl_1" custom="readingOrder {index:0;}">
                <Coords points="786,2035 2232,2004 2255,1857 1839,1837 1617,1928 1093,1904 991,1955 791,1904"/>
                <Baseline points="799,2017 823,2017 868,2017 913,2017 957,2017 1002,2014 1047,2014 1092,2011 1137,2011 1181,2008 1226,2008 1271,2008 1316,2005 1360,2005 1405,2002 1450,2002 1495,2002 1539,2002 1584,1999 1629,1999 1674,1996 1718,1996 1763,1996 1808,1993 1853,1993 1898,1990 1942,1990 1987,1990 2032,1987 2077,1987 2121,1984 2166,1984 2211,1984 2256,1987"/>
                <TextEquiv>
                    <Unicode>An ihren Busen will ich sinken,</Unicode>
                </TextEquiv>
            </TextLine>
            <TextLine id="tr_2_tl_2" custom="readingOrder {index:1;}">
                <Coords points="795,2170 1186,2197 1253,2161 1311,2212 1626,2155 2297,2157 2339,2079 2052,2064 1966,2115 1446,2077 1233,2124 797,2092"/>
                <Baseline points="808,2169 820,2169 865,2169 910,2169 954,2169 999,2169 1044,2169 1089,2166 1134,2166 1178,2163 1223,2163 1268,2163 1313,2160 1357,2160 1402,2160 1447,2157 1492,2157 1536,2157 1581,2154 1626,2154 1671,2154 1715,2151 1760,2148 1805,2148 1850,2145 1895,2145 1939,2145 1984,2142 2029,2142 2074,2142 2118,2139 2163,2139 2208,2136 2253,2136 2297,2136 2342,2139"/>
                <TextEquiv>
                    <Unicode>Und Lust in ihren Lüften trinken,</Unicode>
                </TextEquiv>
            </TextLine>
            <TextLine id="tr_2_tl_3" custom="readingOrder {index:2;}">
                <Coords points="786,2328 944,2361 2024,2301 2212,2348 2341,2303 2343,2197 2235,2172 1679,2219 1162,2192 920,2243 791,2203"/>
                <Baseline points="799,2327 823,2327 868,2324 913,2324 957,2324 1002,2324 1047,2324 1092,2324 1137,2321 1181,2318 1226,2315 1271,2315 1316,2312 1360,2312 1405,2309 1450,2309 1495,2309 1539,2306 1584,2306 1629,2309 1674,2303 1718,2303 1763,2303 1808,2300 1853,2303 1898,2300 1942,2297 1987,2294 2032,2294 2077,2294 2121,2294 2166,2291 2211,2288 2256,2291 2300,2291 2345,2288"/>
                <TextEquiv>
                    <Unicode>Auf weiches Gras gebettet liegen,</Unicode>
                </TextEquiv>
            </TextLine>
            <TextLine id="tr_2_tl_4" custom="readingOrder {index:3;}">
                <Coords points="795,2492 2170,2477 2281,2457 2286,2323 797,2372"/>
                <Baseline points="808,2479 811,2482 856,2479 901,2476 946,2476 990,2476 1035,2473 1080,2473 1125,2471 1169,2471 1214,2471 1259,2471 1304,2471 1348,2468 1393,2468 1438,2465 1483,2465 1527,2465 1572,2462 1617,2462 1662,2459 1707,2459 1751,2456 1796,2456 1841,2456 1886,2456 1930,2453 1975,2453 2020,2453 2065,2450 2109,2450 2154,2444 2199,2444 2244,2444 2288,2444"/>
                <TextEquiv>
                    <Unicode>Die Himmelsluft in vollen Zügen</Unicode>
                </TextEquiv>
            </TextLine>
            <TextLine id="tr_2_tl_5" custom="readingOrder {index:4;}">
                <Coords points="820,2654 2355,2630 2357,2519 2226,2488 1704,2572 1391,2532 1297,2599 824,2510"/>
                <Baseline points="832,2632 838,2632 883,2632 928,2632 972,2632 1017,2632 1062,2629 1107,2626 1151,2623 1196,2623 1241,2623 1286,2623 1331,2623 1375,2620 1420,2620 1465,2617 1510,2617 1554,2617 1599,2614 1644,2614 1689,2614 1733,2611 1778,2611 1823,2608 1868,2608 1912,2605 1957,2608 2002,2605 2047,2605 2092,2602 2136,2602 2181,2599 2226,2599 2271,2599 2315,2596 2360,2593"/>
                <TextEquiv>
                    <Unicode>Geniessen, die ich lang entbehrt,</Unicode>
                </TextEquiv>
            </TextLine>
            <TextLine id="tr_2_tl_6" custom="readingOrder {index:5;}">
                <Coords points="813,2785 1015,2837 1259,2781 1706,2821 2319,2754 2403,2788 2410,2592 2066,2648 815,2670"/>
                <Baseline points="826,2781 844,2781 889,2784 934,2784 978,2784 1023,2784 1068,2781 1113,2781 1157,2781 1202,2778 1247,2778 1292,2778 1336,2778 1381,2775 1426,2775 1471,2772 1516,2772 1560,2772 1605,2769 1650,2766 1695,2766 1739,2766 1784,2766 1829,2766 1874,2763 1918,2760 1963,2760 2008,2757 2053,2754 2097,2754 2142,2754 2187,2754 2232,2751 2277,2748 2321,2748 2366,2748 2411,2751"/>
                <TextEquiv>
                    <Unicode>Und nie so sehr wie jetzt begehrt.</Unicode>
                </TextEquiv>
            </TextLine>
            <TextLine id="tr_2_tl_7" custom="readingOrder {index:6;}">
                <Coords points="817,3090 1388,3125 2583,3065 2601,2979 2263,2925 1904,3023 1717,2936 1366,2928 820,2992"/>
                <Baseline points="829,3091 859,3091 904,3091 949,3091 993,3091 1038,3091 1083,3088 1128,3085 1172,3085 1217,3082 1262,3082 1307,3082 1351,3079 1396,3079 1441,3079 1486,3076 1530,3076 1575,3073 1620,3073 1665,3070 1710,3070 1754,3067 1799,3067 1844,3064 1889,3064 1933,3064 1978,3061 2023,3061 2068,3058 2112,3058 2157,3058 2202,3058 2247,3055 2291,3055 2336,3052 2381,3052 2426,3049 2471,3049 2515,3052 2560,3049 2605,3052"/>
                <TextEquiv>
                    <Unicode>O schliess mir auf die süsse Schwelle,</Unicode>
                </TextEquiv>
            </TextLine>
            <TextLine id="tr_2_tl_8" custom="readingOrder {index:7;}">
                <Coords points="822,3263 1642,3236 1728,3283 1984,3221 2301,3234 2370,3219 2372,3108 2044,3128 1850,3083 1559,3136 824,3141"/>
                <Baseline points="835,3246 853,3243 898,3243 943,3243 987,3240 1032,3240 1077,3240 1122,3237 1166,3234 1211,3234 1256,3234 1301,3232 1345,3232 1390,3232 1435,3229 1480,3229 1524,3229 1569,3229 1614,3229 1659,3226 1704,3226 1748,3223 1793,3223 1838,3220 1883,3217 1927,3217 1972,3217 2017,3214 2062,3214 2106,3214 2151,3214 2196,3214 2241,3214 2285,3214 2330,3211 2375,3214"/>
                <TextEquiv>
                    <Unicode>Wo mir der Himmel blau und helle,</Unicode>
                </TextEquiv>
            </TextLine>
            <TextLine id="tr_2_tl_9" custom="readingOrder {index:8;}">
                <Coords points="829,3414 2506,3394 2510,3245 1479,3294 1319,3245 1133,3294 831,3263"/>
                <Baseline points="841,3402 856,3402 901,3402 946,3399 990,3399 1035,3402 1080,3399 1125,3399 1169,3396 1214,3396 1259,3396 1304,3396 1348,3393 1393,3390 1438,3390 1483,3387 1527,3387 1572,3387 1617,3384 1662,3384 1707,3381 1751,3381 1796,3378 1841,3375 1886,3375 1930,3372 1975,3372 2020,3372 2065,3372 2109,3372 2154,3369 2199,3369 2244,3369 2288,3369 2333,3366 2378,3366 2423,3366 2468,3369 2512,3369"/>
                <TextEquiv>
                    <Unicode>der rings sich um die Erde schlingt,</Unicode>
                </TextEquiv>
            </TextLine>
            <TextLine id="tr_2_tl_10" custom="readingOrder {index:9;}">
                <Coords points="840,3621 1077,3561 2181,3550 2199,3465 2068,3401 844,3445"/>
                <Baseline points="853,3554 859,3557 904,3554 949,3554 993,3557 1038,3554 1083,3554 1128,3554 1172,3551 1217,3551 1262,3551 1307,3551 1351,3548 1396,3548 1441,3545 1486,3545 1530,3542 1575,3542 1620,3545 1665,3542 1710,3539 1754,3536 1799,3536 1844,3533 1889,3530 1933,3530 1978,3530 2023,3527 2068,3524 2112,3524 2157,3527 2202,3524"/>
                <TextEquiv>
                    <Unicode>Von oben froh entgegen winkt.</Unicode>
                </TextEquiv>
            </TextLine>
        </TextRegion>
    </Page>
</PcGts>
