3496 4264
2830 467 2985 651 19
876 639 2915 845 murmelte vor sich hin:”Ich will, ich will!“
884 811 2915 977 Und jetzt erhoben sich die beiden Paare. Es
881 969 3013 1177 war spät geworden und leer in den Alleen, des
893 1143 2157 1321 früher so belebten Gartens.
904 1284 3047 1450 "Geben Sie ihm recht", fragte Amadeus das Jun¬
896 1428 2985 1611 ge Mädchen, während Theobald mit Carota dem
879 1619 1836 1763 Tore zu voraus ging.
896 1740 2352 1935 "Was meinen Stel" fragte Minna.
915 1938 2980 2064 "Sie haben meinen Freund Theobald gehört und
887 2090 3025 2228 verstanden? Geben Sie ihm recht darin, wie er
887 2222 2985 2388 vom Gentessen sprach und vom lustigen Gewoge
893 2371 1484 2543 des Lebens?“
873 2490 2957 2675 Minna erwiderte. "Ich habe fast nie gelesen,
898 2667 3134 2813 dass das Gewoge des Lebens lustig ist; aber oft,
893 2813 3151 2996 sehr oft, dass das Leben traurig ist, und nichts
887 2968 2430 3134 enthält als Trübsal und Kummer.“
896 3143 2639 3303 "Und wie erschien es Ihnen bis jetzt?
893 3264 3002 3444 "Traurig, sehr traurig", sagte das junge Mäd¬
896 3408 3064 3599 chen mit einem allerliebst wehmütigen Ausdruck
