3336 4184
2823 619 2987 786 111
946 706 1568 922 "Ich ebenso!"
922 876 2908 1069 So reichen Sie mir Ihren Arm - wir fliehen
922 1064 1418 1216 zusammen."
911 1214 3030 1369 Sie besann sich nichtviel und hing sich augen
911 1350 2035 1519 blicklich an seinen Arm.
916 1476 3003 1688 "Es müsste auch komisch zugehen, wenn man die
895 1647 3014 1814 Gewalt meines Bassgeigenmottvs nirgends recht
895 1830 3090 2005 verstehen möchte," sagte er, sie fester an sich
881 1964 1323 2108 drückend.
884 2127 2989 2307 "Und mein Flötenmottv", flüsterte sie ver¬
876 2261 2092 2447 schämt zu ihm aufblickend.
1571 2460 2051 2594 * * * *........
