3480 4184
2756 425 2899 561 39
859 527 2995 766 Amadeus wird der schönen Gräfin Luota zu Lie¬
885 752 2189 924 be Komödiant und Seiltänzer.
425 761 549 966 26
1169 1020 2925 1209 „ich bin kein Prets, der so letcht zu
902 1189 3065 1372 erringen ist, Amadeus", sagte die junge Gräfin
893 1358 1978 1533 im Walde zu dem Poeten.
888 1499 3108 1716 "Ich glaube doch, dass eine gegenseitige wahre
888 1679 1395 1854 Zie be...."
913 1783 2961 1969 "StilI davon-! Und wenn ich Dich auch liebe,
902 1961 3015 2153 ich will nicht Dein sein! - Nein, jetzt nicht
904 2076 3102 2282 Dein sein. Meine Schönheit soll Belchnung sein,
902 2268 2327 2474 nicht hingeworfenes Geschenk."
913 2386 2989 2609 "Du schleuderst mich herab vom Gipfel metner
907 2601 1496 2756 Hoffnungen.“
921 2677 3189 2910 "Und Du sollst selbst meine Hand nicht ergreifen
921 2877 2905 3071 dürfen, Amadeus, bevor Dus verdient hast."
910 3015 3142 3237 Er wich bestürzt zurück. "Was ist das? Ist Dir
919 3181 2079 3375 meine Liebe nicht genug!“
933 3313 3133 3466 "Ist diese Liebe Dein Verdienst? Ich bin schön-
930 3497 2919 3702 ich bin unwiederstehlich- Du musstest mich
924 3685 1333 3823 lieben!"
