<?xml version="1.0" encoding="UTF-8" standalone="yes"?>
<PcGts xmlns="http://schema.primaresearch.org/PAGE/gts/pagecontent/2013-07-15" xmlns:xsi="http://www.w3.org/2001/XMLSchema-instance" xsi:schemaLocation="http://schema.primaresearch.org/PAGE/gts/pagecontent/2013-07-15 http://schema.primaresearch.org/PAGE/gts/pagecontent/2013-07-15/pagecontent.xsd">
    <Metadata>
        <Creator>prov=READ-COOP:name=TrHtr:version=2.1.0:model_id=51170:date=14_08_2023_17:24</Creator>
        <Created>2023-05-10T14:30:46.112+02:00</Created>
        <LastChange>2023-08-14T17:24:54.561+02:00</LastChange>
        <TranskribusMetadata docId="1428638" pageId="55420913" pageNr="26" tsid="132818376" status="IN_PROGRESS" userId="64420" imgUrl="https://files.transkribus.eu/Get?id=SHDYBRFPGQQJLLSCXRWUAUSB&amp;fileType=view" xmlUrl="https://files.transkribus.eu/Get?id=HGBNMGGVTNPAVOHVYQLUQKHW" imageId="44695001"/>
    </Metadata>
    <Page imageFilename="1428638_0026.jpg" imageWidth="3528" imageHeight="4264">
        <ReadingOrder>
            <OrderedGroup id="ro_1711819300913" caption="Regions reading order">
                <RegionRefIndexed index="0" regionRef="tr_2"/>
                <RegionRefIndexed index="1" regionRef="tr_1"/>
            </OrderedGroup>
        </ReadingOrder>
        <TextRegion id="tr_2" custom="readingOrder {index:0;}">
            <Coords points="961,544 3230,544 3230,1416 961,1416"/>
            <TextLine id="tr_2_tl_1" custom="readingOrder {index:0;}">
                <Coords points="2864,631 2892,637 2900,629 2915,643 2934,629 2954,640 2996,640 2999,516 2979,516 2971,507 2957,510 2943,499 2917,499 2895,519 2867,516"/>
                <Baseline points="2878,597 2923,594 2968,594 3003,597"/>
                <TextEquiv>
                    <Unicode>21</Unicode>
                </TextEquiv>
            </TextLine>
            <TextLine id="tr_2_tl_2" custom="readingOrder {index:1;}">
                <Coords points="958,832 3222,809 3225,662 2185,730 1390,671 1144,739 961,665"/>
                <Baseline points="976,791 991,791 1036,788 1080,788 1125,788 1170,788 1215,788 1260,785 1304,785 1349,785 1394,785 1439,782 1484,782 1528,785 1573,782 1618,779 1663,776 1707,779 1752,779 1797,776 1842,779 1887,776 1931,773 1976,773 2021,773 2066,773 2111,773 2155,773 2200,770 2245,767 2290,767 2335,767 2379,767 2424,764 2469,764 2514,764 2558,761 2603,758 2648,758 2693,758 2738,755 2782,755 2827,755 2872,755 2917,755 2962,755 3006,752 3051,752 3096,749 3141,746 3186,746 3230,749"/>
                <TextEquiv>
                    <Unicode>sage es Dir gleich jetzt, sonst fände ich nicht</Unicode>
                </TextEquiv>
            </TextLine>
            <TextLine id="tr_2_tl_3" custom="readingOrder {index:2;}">
                <Coords points="941,975 2658,987 3101,908 2638,832 1226,896 944,843"/>
                <Baseline points="961,946 1003,946 1048,946 1092,946 1137,943 1182,943 1227,943 1272,940 1316,940 1361,940 1406,940 1451,937 1495,937 1540,937 1585,937 1630,937 1675,937 1719,937 1764,934 1809,934 1854,934 1899,931 1943,931 1988,928 2033,928 2078,928 2123,925 2167,928 2212,925 2257,925 2302,925 2346,925 2391,922 2436,922 2481,922 2526,922 2570,922 2615,919 2660,916 2705,916 2750,916 2794,913 2839,913 2884,910 2929,910 2974,907 3018,904 3063,898 3108,901"/>
                <TextEquiv>
                    <Unicode>Ruhe und wüsste nicht wie mein Gefühl verber¬</Unicode>
                </TextEquiv>
            </TextLine>
            <TextLine id="tr_2_tl_4" custom="readingOrder {index:3;}">
                <Coords points="972,1150 3039,1108 3188,1071 3191,956 1190,1065 975,1015"/>
                <Baseline points="988,1119 1000,1116 1045,1110 1089,1107 1134,1104 1179,1101 1224,1101 1269,1101 1313,1098 1358,1098 1403,1098 1448,1095 1492,1095 1537,1095 1582,1095 1627,1092 1672,1095 1716,1092 1761,1089 1806,1086 1851,1086 1896,1086 1940,1086 1985,1086 2030,1083 2075,1083 2120,1083 2164,1083 2209,1080 2254,1080 2299,1080 2344,1077 2388,1077 2433,1077 2478,1074 2523,1077 2567,1074 2612,1074 2657,1071 2702,1071 2747,1071 2791,1068 2836,1068 2881,1068 2926,1068 2971,1068 3015,1066 3060,1066 3105,1063 3150,1063 3195,1063"/>
                <TextEquiv>
                    <Unicode>-gen- Liebst Du mich denn auch?” Sie hatte seine</Unicode>
                </TextEquiv>
            </TextLine>
            <TextLine id="tr_2_tl_5" custom="readingOrder {index:4;}">
                <Coords points="967,1277 2833,1283 3039,1237 3041,1156 967,1181"/>
                <Baseline points="982,1263 985,1263 1030,1263 1074,1260 1119,1260 1164,1257 1209,1257 1254,1257 1298,1254 1343,1254 1388,1254 1433,1254 1478,1251 1522,1251 1567,1251 1612,1254 1657,1248 1702,1248 1746,1248 1791,1248 1836,1245 1881,1245 1925,1245 1970,1242 2015,1239 2060,1239 2105,1239 2149,1239 2194,1236 2239,1236 2284,1236 2329,1233 2373,1233 2418,1233 2463,1233 2508,1233 2553,1233 2597,1230 2642,1230 2687,1230 2732,1230 2776,1227 2821,1227 2866,1227 2911,1227 2956,1227 3000,1227 3045,1227"/>
                <TextEquiv>
                    <Unicode>beiden Hände gefasst und drückte sie heftig.</Unicode>
                </TextEquiv>
            </TextLine>
            <TextLine id="tr_2_tl_6" custom="readingOrder {index:5;}">
                <Coords points="978,1423 2430,1446 3005,1409 3056,1297 981,1347"/>
                <Baseline points="994,1403 1003,1400 1048,1403 1092,1406 1137,1406 1182,1406 1227,1406 1272,1403 1316,1403 1361,1400 1406,1400 1451,1400 1495,1400 1540,1397 1585,1400 1630,1397 1675,1397 1719,1397 1764,1397 1809,1394 1854,1394 1899,1394 1943,1394 1988,1394 2033,1391 2078,1391 2123,1391 2167,1391 2212,1388 2257,1388 2302,1385 2346,1382 2391,1382 2436,1382 2481,1379 2526,1379 2570,1376 2615,1379 2660,1376 2705,1376 2750,1376 2794,1376 2839,1376 2884,1376 2929,1376 2974,1376 3018,1373 3063,1376"/>
                <TextEquiv>
                    <Unicode>"Ich liebe Dich! und ich küsse Dich denn auf</Unicode>
                </TextEquiv>
            </TextLine>
        </TextRegion>
        <TextRegion id="tr_1" custom="readingOrder {index:1;}">
            <Coords points="982,1475 3263,1475 3263,3569 982,3569"/>
            <TextLine id="tr_1_tl_1" custom="readingOrder {index:0;}">
                <Coords points="967,1595 2661,1590 3067,1525 3070,1446 970,1494"/>
                <Baseline points="985,1567 1012,1567 1057,1564 1101,1564 1146,1561 1191,1561 1236,1561 1280,1561 1325,1561 1370,1558 1415,1558 1460,1558 1504,1558 1549,1555 1594,1555 1639,1555 1684,1555 1728,1555 1773,1555 1818,1552 1863,1549 1908,1549 1952,1546 1997,1546 2042,1546 2087,1546 2132,1543 2176,1540 2221,1540 2266,1540 2311,1537 2355,1537 2400,1537 2445,1537 2490,1537 2535,1537 2579,1534 2624,1534 2669,1534 2714,1531 2759,1531 2803,1531 2848,1528 2893,1528 2938,1525 2983,1525 3027,1525 3072,1525"/>
                <TextEquiv>
                    <Unicode>diese roten Lippen, die noch hetner, den Du</Unicode>
                </TextEquiv>
            </TextLine>
            <TextLine id="tr_1_tl_2" custom="readingOrder {index:1;}">
                <Coords points="972,1767 2137,1725 2227,1691 2230,1612 1748,1657 1595,1618 1407,1680 1330,1635 975,1635"/>
                <Baseline points="991,1725 1021,1722 1066,1719 1110,1716 1155,1716 1200,1713 1245,1713 1289,1713 1334,1713 1379,1710 1424,1710 1469,1707 1513,1707 1558,1707 1603,1707 1648,1705 1693,1705 1737,1705 1782,1705 1827,1702 1872,1702 1917,1699 1961,1699 2006,1696 2051,1693 2096,1690 2140,1684 2185,1678 2230,1675"/>
                <TextEquiv>
                    <Unicode>geliebt, vor mir gehüsst!"</Unicode>
                </TextEquiv>
            </TextLine>
            <TextLine id="tr_1_tl_3" custom="readingOrder {index:2;}">
                <Coords points="967,1894 2077,1849 2574,1905 3115,1846 3118,1750 967,1810"/>
                <Baseline points="982,1869 1018,1869 1063,1869 1107,1869 1152,1869 1197,1872 1242,1866 1286,1863 1331,1863 1376,1863 1421,1863 1466,1857 1510,1857 1555,1857 1600,1854 1645,1854 1690,1857 1734,1854 1779,1854 1824,1854 1869,1854 1914,1854 1958,1851 2003,1851 2048,1848 2093,1848 2137,1848 2182,1848 2227,1845 2272,1848 2317,1845 2361,1845 2406,1842 2451,1842 2496,1842 2541,1842 2585,1839 2630,1836 2675,1833 2720,1833 2765,1830 2809,1830 2854,1830 2899,1830 2944,1827 2988,1827 3033,1827 3078,1824 3123,1824"/>
                <TextEquiv>
                    <Unicode>Und jetzt mars so still ringsum, nichts regte</Unicode>
                </TextEquiv>
            </TextLine>
            <TextLine id="tr_1_tl_4" custom="readingOrder {index:3;}">
                <Coords points="970,2046 3072,2010 3160,1998 3163,1911 972,1956"/>
                <Baseline points="985,2021 1021,2021 1066,2018 1110,2015 1155,2015 1200,2015 1245,2015 1289,2012 1334,2009 1379,2009 1424,2006 1469,2006 1513,2003 1558,2003 1603,2003 1648,2000 1693,2000 1737,2000 1782,2000 1827,2000 1872,1997 1917,1997 1961,1997 2006,1994 2051,1997 2096,1994 2140,1991 2185,1991 2230,1991 2275,1991 2320,1988 2364,1988 2409,1988 2454,1985 2499,1985 2544,1985 2588,1985 2633,1982 2678,1982 2723,1979 2768,1979 2812,1979 2857,1976 2902,1976 2947,1976 2991,1979 3036,1976 3081,1976 3126,1973 3171,1976"/>
                <TextEquiv>
                    <Unicode>sich als der Wind, der noch immer oben mit den</Unicode>
                </TextEquiv>
            </TextLine>
            <TextLine id="tr_1_tl_5" custom="readingOrder {index:4;}">
                <Coords points="972,2204 2957,2182 2979,2046 1979,2055 1714,2120 972,2077"/>
                <Baseline points="988,2176 1012,2173 1057,2170 1101,2167 1146,2167 1191,2167 1236,2164 1280,2164 1325,2164 1370,2161 1415,2161 1460,2158 1504,2158 1549,2158 1594,2158 1639,2155 1684,2158 1728,2158 1773,2155 1818,2152 1863,2152 1908,2152 1952,2152 1997,2149 2042,2146 2087,2146 2132,2146 2176,2143 2221,2143 2266,2143 2311,2143 2355,2143 2400,2143 2445,2140 2490,2140 2535,2140 2579,2137 2624,2134 2669,2134 2714,2134 2759,2134 2803,2134 2848,2129 2893,2129 2938,2129 2983,2129"/>
                <TextEquiv>
                    <Unicode>Wolken spielte, den ruhelosen; und nur die</Unicode>
                </TextEquiv>
            </TextLine>
            <TextLine id="tr_1_tl_6" custom="readingOrder {index:5;}">
                <Coords points="975,2325 2802,2334 3194,2294 3196,2176 2449,2263 975,2247"/>
                <Baseline points="991,2323 1006,2320 1051,2320 1095,2317 1140,2317 1185,2317 1230,2317 1275,2314 1319,2314 1364,2311 1409,2311 1454,2308 1498,2308 1543,2308 1588,2308 1633,2308 1678,2308 1722,2308 1767,2305 1812,2305 1857,2302 1902,2302 1946,2302 1991,2299 2036,2299 2081,2296 2126,2296 2170,2296 2215,2296 2260,2296 2305,2296 2349,2293 2394,2296 2439,2293 2484,2293 2529,2290 2573,2290 2618,2290 2663,2290 2708,2287 2753,2287 2797,2284 2842,2287 2887,2287 2932,2287 2977,2281 3021,2278 3066,2278 3111,2272 3156,2275 3200,2272"/>
                <TextEquiv>
                    <Unicode>verschwiegenen Sterne sahen es, wie zwei glück¬</Unicode>
                </TextEquiv>
            </TextLine>
            <TextLine id="tr_1_tl_7" custom="readingOrder {index:6;}">
                <Coords points="975,2478 2903,2472 2982,2449 2982,2340 978,2402"/>
                <Baseline points="991,2475 1018,2475 1063,2475 1107,2472 1152,2472 1197,2472 1242,2469 1286,2469 1331,2469 1376,2469 1421,2466 1466,2466 1510,2466 1555,2463 1600,2463 1645,2463 1690,2463 1734,2463 1779,2460 1824,2457 1869,2457 1914,2457 1958,2457 2003,2454 2048,2451 2093,2451 2137,2451 2182,2451 2227,2451 2272,2451 2317,2448 2361,2445 2406,2445 2451,2445 2496,2445 2541,2445 2585,2442 2630,2442 2675,2439 2720,2439 2765,2439 2809,2439 2854,2436 2899,2433 2944,2430 2988,2433"/>
                <TextEquiv>
                    <Unicode>selige Menschen sich unter dem grünen Laub</Unicode>
                </TextEquiv>
            </TextLine>
            <TextLine id="tr_1_tl_8" custom="readingOrder {index:7;}">
                <Coords points="978,2650 2796,2636 3112,2602 3115,2500 978,2571"/>
                <Baseline points="994,2630 1018,2627 1063,2627 1107,2624 1152,2624 1197,2624 1242,2624 1286,2624 1331,2621 1376,2621 1421,2621 1466,2618 1510,2618 1555,2615 1600,2615 1645,2612 1690,2612 1734,2612 1779,2612 1824,2612 1869,2609 1914,2609 1958,2609 2003,2606 2048,2606 2093,2603 2137,2603 2182,2606 2227,2603 2272,2600 2317,2600 2361,2600 2406,2597 2451,2597 2496,2597 2541,2597 2585,2594 2630,2594 2675,2594 2720,2594 2765,2591 2809,2591 2854,2591 2899,2588 2944,2591 2988,2588 3033,2585 3078,2585 3123,2588"/>
                <TextEquiv>
                    <Unicode>küssten, nicht einmal der Mond sahs, denn vor</Unicode>
                </TextEquiv>
            </TextLine>
            <TextLine id="tr_1_tl_9" custom="readingOrder {index:8;}">
                <Coords points="998,2799 2971,2776 3098,2743 3101,2647 1001,2723"/>
                <Baseline points="1015,2782 1042,2779 1086,2779 1131,2779 1176,2779 1221,2779 1266,2779 1310,2779 1355,2776 1400,2776 1445,2776 1490,2773 1534,2771 1579,2771 1624,2771 1669,2768 1713,2768 1758,2768 1803,2768 1848,2765 1893,2765 1937,2762 1982,2762 2027,2762 2072,2762 2117,2762 2161,2759 2206,2759 2251,2756 2296,2759 2341,2756 2385,2756 2430,2756 2475,2753 2520,2753 2564,2753 2609,2750 2654,2750 2699,2750 2744,2747 2788,2747 2833,2744 2878,2744 2923,2744 2968,2744 3012,2738 3057,2735 3102,2735"/>
                <TextEquiv>
                    <Unicode>dem Mond floh ein leichtes Wölckchen hin und</Unicode>
                </TextEquiv>
            </TextLine>
            <TextLine id="tr_1_tl_10" custom="readingOrder {index:9;}">
                <Coords points="989,2979 3078,2932 3081,2822 992,2858"/>
                <Baseline points="1009,2941 1024,2938 1068,2932 1113,2932 1158,2932 1203,2932 1248,2929 1292,2929 1337,2929 1382,2926 1427,2926 1472,2926 1516,2923 1561,2923 1606,2923 1651,2923 1696,2920 1740,2917 1785,2917 1830,2917 1875,2914 1919,2914 1964,2911 2009,2911 2054,2911 2099,2911 2143,2911 2188,2911 2233,2908 2278,2908 2323,2908 2367,2908 2412,2905 2457,2908 2502,2905 2547,2905 2591,2902 2636,2902 2681,2902 2726,2899 2771,2899 2815,2899 2860,2896 2905,2896 2950,2896 2994,2893 3039,2890 3084,2893"/>
                <TextEquiv>
                    <Unicode>verhüllte neckend das ernste bleiche Antlitz</Unicode>
                </TextEquiv>
            </TextLine>
            <TextLine id="tr_1_tl_11" custom="readingOrder {index:10;}">
                <Coords points="992,3112 1015,3115 1034,3137 1080,3129 1204,3168 1271,3134 1325,3137 1328,3036 1277,3010 1252,3022 1226,3008 1161,3039 1139,3027 1119,3039 1071,3027 992,3039"/>
                <Baseline points="1009,3090 1021,3090 1066,3090 1110,3084 1155,3084 1200,3084 1245,3084 1289,3087 1334,3084"/>
                <TextEquiv>
                    <Unicode>droben.</Unicode>
                </TextEquiv>
            </TextLine>
            <TextLine id="tr_1_tl_12" custom="readingOrder {index:11;}">
                <Coords points="987,3253 2853,3267 3188,3216 3191,3140 987,3146"/>
                <Baseline points="1003,3248 1045,3242 1089,3242 1134,3242 1179,3242 1224,3239 1269,3239 1313,3236 1358,3236 1403,3233 1448,3233 1492,3233 1537,3233 1582,3230 1627,3230 1672,3227 1716,3227 1761,3227 1806,3227 1851,3224 1896,3224 1940,3224 1985,3221 2030,3221 2075,3218 2120,3218 2164,3218 2209,3218 2254,3218 2299,3218 2344,3215 2388,3215 2433,3215 2478,3215 2523,3212 2567,3209 2612,3209 2657,3209 2702,3209 2747,3209 2791,3206 2836,3206 2881,3203 2926,3203 2971,3203 3015,3203 3060,3203 3105,3200 3150,3200 3195,3203"/>
                <TextEquiv>
                    <Unicode>Aber wie Amadeus und Minna von einanderliessen</Unicode>
                </TextEquiv>
            </TextLine>
            <TextLine id="tr_1_tl_13" custom="readingOrder {index:12;}">
                <Coords points="998,3419 3213,3382 3258,3250 1001,3346"/>
                <Baseline points="1012,3404 1024,3404 1068,3401 1113,3401 1158,3398 1203,3398 1248,3398 1292,3395 1337,3392 1382,3395 1427,3392 1472,3389 1516,3389 1561,3386 1606,3386 1651,3386 1696,3386 1740,3383 1785,3383 1830,3383 1875,3383 1919,3380 1964,3380 2009,3380 2054,3377 2099,3377 2143,3374 2188,3374 2233,3374 2278,3374 2323,3374 2367,3374 2412,3371 2457,3371 2502,3371 2547,3368 2591,3368 2636,3365 2681,3365 2726,3362 2771,3362 2815,3359 2860,3359 2905,3359 2950,3359 2994,3359 3039,3359 3084,3359 3129,3356 3174,3356 3218,3356 3263,3353"/>
                <TextEquiv>
                    <Unicode>schimmerte es mit einem Mal silbern durchs Laugb</Unicode>
                </TextEquiv>
            </TextLine>
            <TextLine id="tr_1_tl_14" custom="readingOrder {index:13;}">
                <Coords points="998,3583 2816,3563 3041,3526 3044,3433 998,3484"/>
                <Baseline points="1012,3559 1033,3556 1077,3553 1122,3553 1167,3553 1212,3553 1257,3553 1301,3550 1346,3550 1391,3547 1436,3544 1481,3544 1525,3544 1570,3544 1615,3541 1660,3541 1705,3541 1749,3541 1794,3538 1839,3538 1884,3541 1928,3538 1973,3535 2018,3532 2063,3532 2108,3529 2152,3532 2197,3529 2242,3529 2287,3529 2332,3526 2376,3529 2421,3526 2466,3526 2511,3523 2556,3523 2600,3523 2645,3520 2690,3517 2735,3517 2779,3517 2824,3514 2869,3514 2914,3514 2959,3514 3003,3517 3048,3520"/>
                <TextEquiv>
                    <Unicode>und die Strahlen spielten im grünen Gezweig</Unicode>
                </TextEquiv>
            </TextLine>
        </TextRegion>
    </Page>
</PcGts>
