3448 4200
2855 370 2989 534 85
888 611 2882 901 nisvoll“ sprach Amadeus, “Überlass t den Me-
899 806 2461 1060 lancholikern das Rätselhafte...."
918 844 2962 1189 Ja, ihr habt ganz recht. Melancholtker und
912 1041 2924 1321 Rätselhaftes passt zusammen. Denn die Kopf-
934 1134 3058 1502 hänger selbst sind - mir wenigstens - rätsel-
945 1310 3025 1655 haft. Himmel, die schöne, wunderbare Erde zu
970 1507 3167 1828 sehen und missgestimmt zu sehen, in der lieben,
978 1685 3115 1965 blauen Gotteseluft atmen und sich in trübe Ge¬
986 1855 2921 2104 danken versenken... Freund, schliesst dte
989 1997 3066 2296 Welt an euer Herz, die frete, wette.... ich
1008 2214 1926 2414 dulde Nebenbuhler."
1055 2348 2159 2562 "So ist sie eure Liebel"
1041 2340 3255 2713 „Sie ists! o wenn die ganze Menschheit an ihrem
1036 2584 3091 2877 Busen läge! Welt und Menschheit sich gegen-
1049 2732 3091 3014 seitig umfassten in brünstiger Umarmung und
1077 2839 3093 3167 innigstem Liebeskuss....! Auf, mein Freund!
1066 3110 2269 3329 Lasst uns weiter ziehen!"
1071 3099 3217 3485 Amadeus hatte an dem neuen Bekannten Gefallen
1104 3343 3283 3622 gefunden und sie zogen nun gemeinschaftlich in
1112 3483 3096 3768 der schönen Natur wetter. Sie gingen betie
