3336 4136
2626 622 2793 739 137
865 755 2963 917 Aber Aphroditens Lippen waren kalt und stumm.
883 925 2850 1121 Langsam entfernte sich Amadeus von ihr und
899 1105 2524 1238 schritt langsam wieder der Türe zu.
883 1204 2976 1411 Er sah sich nach der Marmorstatue noch einmal
901 1327 2905 1560 um, Mondesstrahlen tanzten auf dem bleichen
883 1554 1416 1696 Marmor......
904 1633 2769 1782 "Leb wohl, leb wohl", sagte Amadeus. und
896 1792 2194 1941 schritt die Treppe hinunter.
917 1957 2916 2111 "So ist es doch ein Traum gewesen - und ich
899 2087 2819 2262 habe ein Jahr geopfert einem Traum. Jetzt
901 2286 2939 2393 nach so vielen Monden muss ich mir gestehen,
912 2435 2926 2581 dass ich ein Narr war, und ein Wahnbild ver¬
912 2532 2936 2701 folgte, das mir einmal, als ich schlummerte,
912 2699 2910 2853 erschten! Alle, alle sind sie schon ehrsam
912 2861 2861 3007 geworden und vernünftig - Theobald und die
893 2983 2861 3164 Mädchengestalt, die mir einmal liebenswert
901 3148 2827 3318 erschien — - ich bin der einzige Narr ge -
901 3323 2950 3446 blieben unter thnen, - der einzige, der noch
901 3438 2827 3582 nach dem M ond greift, und in dieser Welt
