3336 4136
2785 541 2963 700 134
857 698 2880 956 Glocke, es wurde thi geöffnet und er fragte
873 878 2963 1069 nach dem Herrn des Hauses. Ein alter Herr mit
873 1048 2279 1215 etner Brille kam ihm entgegen.
884 1164 2459 1339 “Sie wünschen?” fragte er trocken.
889 1336 3014 1514 "Sie erlauben wohl... mein Herr, als Sie die
894 1465 2936 1673 se Wohnung übernahmen, befand sich im Zimmer
897 1635 2182 1834 dort eine Marmorstatue. - "
913 1805 1999 1966 "Ja, ja, schon recht. "
919 1891 3087 2101 "Erlauben Ste, mein Herr — kann man sie sehen?"
924 2066 2923 2295 „Was, die statue?“ fragte der alte Herr und
916 2217 2812 2427 wischte seine Brille mit dem Schnupftuch.
932 2389 2346 2543 "Ja wohl, ich bitte Sie darum.
935 2519 2977 2672 "Die statue steht am Boden droben, — sie hat
916 2637 2893 2866 mir Raum weggenommen. An dem Platz, wo sie
935 2785 3025 3006 gestanden ist, stehen jetzt meine Pfeifen - "
2750 2909 3017 3063 mit Wasser
951 3001 1654 3157 "Ihre Pfeifen?"
924 3079 3004 3313 Der alte Herr wurde etwas lebhafter, als das
943 3289 1888 3475 Gespräch darauf kam.
964 3413 3098 3615 „Wollen Sie sie sehen?“ machte er sehr bereit
956 3631 2416 3766 willig. "sogleich bin ich...."
