3512 4168
2974 440 3112 557 63
848 551 3076 782 und sah nun hinunter in die mondblau daltegende
833 761 3172 928 Ebene. Es war klarer geworden, als es am Abend ge-
854 907 3073 1093 wesen Die Dünste und Nebel waren betnahe gänz-
857 1021 3271 1228 lich gewtehen, traumhaft glänzend lag die Landschaft
857 1225 3112 1390 da. Nicht lange bei 1ten des Poeten Augen in der
866 1363 2992 1533 freten Natur, er richtete seinen verlangenden
857 1518 3091 1692 Blick zum Fenster der Geliebten, wo er sie auch
866 1650 3136 1824 im selben Augenblicke sah. Als Amadeus ganz inn¬
476 1701 575 1899 10
866 1821 3088 2007 Betrachten ihrerwunderbaren Schönheit versunken
860 1959 3118 2171 war, schlug sie einen weissen Schleter vors Ant¬
872 2147 1683 2309 litz und sprach :
887 2273 3016 2441 "Weilst Du noch hier, Amadeus? Du sollst mein
881 2393 3160 2600 Gesicht nicht seben, bis Du von Detner Komöd tan-
887 2579 3136 2791 tenfahrt zurückgekehrt bist und meine Liebe ver-
875 2752 1459 2938 dient hast."
887 2785 3019 3079 "Lucia ich beschwöre Dich, lass mich so nicht
884 2971 3271 3199 ziehen. Einmal noch lass mich Dir die Hand drücken,
884 3190 3106 3384 lass Dich noch einmal umarmen und küssen, bevor
898 3348 1821 3543 ich fortwandere. “
887 3393 3253 3708 Sie streckte die Hand abwehrend aus und schüttelte
