3336 4184
2748 652 2916 814 117
910 798 2978 1047 heilt war wie ich weiter phantasiert hab auf
915 1005 3056 1212 der Getge und im Leben.... und wieder durch —
912 1173 2788 1352 gefallen bin...... aber spielen Sie uns!"
912 1318 3165 1497 "Ernst war zu den Mustkanten getreten und begann
918 1478 2941 1626 zu fiedeln. Es war ein wildes planloses hin
915 1609 3045 1816 und her streichen auf den Satten, aber es ge -
921 1797 2986 1968 fiel den Leuten und zum Schluss belohnte den
921 1906 3020 2121 Getger ein rasender Applaus. Ebenso erging es
912 2077 2891 2250 Elsa. Als auch sie geendet und sich so wie
918 2231 3017 2396 Ernst niedergesetzt hatte, trat ein schlanker
924 2376 1895 2561 junger Mann zu thnen.
932 2441 3025 2706 "Sehr gut, genial vortrefflicht Sie sind doch
924 2678 2930 2860 glücklich mit Ihrem Erfolg? Ich suche heute
912 2846 2886 3014 Glückliche, denn ich will es selber sein!"
915 2975 3087 3151 Er hatte sich nachlässig auf einem Sessel nie -
926 3140 3070 3286 dergelassen. Ein zierliches, schelmisch drein
915 3280 2983 3479 schauendes Mädchen hatte einen Arm um seinen
904 3431 1800 3627 Nacken geschlungen.
954 3535 3031 3773 „Sie machen ein erstauntes Gesichtf“ Jächelte
