3336 4184
2629 684 2822 849 116
769 832 2857 1028 teln liegt! Was das bedeutet! Aber es ist was
767 1036 2819 1217 ganz merkwürdiges ums Kopfschütteln. Es kann
767 1176 2728 1371 ein Verspotten, es kann ein Verwundern, es
775 1313 2728 1492 kann ein Seufzen, es kann etcßntsagen sein
769 1484 2715 1657 und ist doch nichts als ein Kopfschütteln.
767 1651 2863 1816 Aber wenn ich Ihnen noch so viel sag, am Ende
772 1778 2833 1984 verstehen Sie mich doch nicht. Also - nehmen
772 1923 2921 2102 Se meine Getge, treten Sie da hinauf und spie
778 2055 2786 2242 len Sie. Aber was wollen Sie denn spielen?"
2055 2234 2168 2366 G.F.P.
780 2242 1863 2407 Ich will phantasteren."
789 2388 2750 2552 "Phantasieren! - Schauen Sie dass es Ihnen
775 2511 2976 2698 nicht so geht wie mir, — ich bin durchgefallen
775 2687 1879 2874 mit meinem Phantasien."
794 2835 3000 3009 "Durchgefallen!" riefen Ernst und Elsa zugleich.
794 2970 2844 3143 "Im Leben- wie auch in der Musik allein. Ich
789 3124 2934 3311 kann mich noch erinnern, wie in meinem Konzert
772 3281 2791 3470 meine "Phantasten" gespielt und ausgeztscht
797 3434 2863 3635 woerden sind und wie ich dann doch nicht ge-
