3432 4200
2855 567 2977 716 51.
891 657 3005 908 Der Wirt war mit allen andern, die sich noch
910 888 2999 1091 in der Schenke befahden gleichfalls berausge-
913 1088 2979 1223 kommen und fragte nun den Direktor, warum er
913 1184 2387 1390 so eifrig nach Fidelto forsche.
925 1316 2977 1508 "Aus twet Gründen", entgegnete der Gefragte.
941 1454 3056 1703 "Erstens tst Fidelto schon xxxetmal in ###et Mo-
913 1683 3126 1838 naten meiner Bande entlaufen, der Mensch hat zu
919 1781 2982 1993 viel Ehrgetz und da tst Versteht von Nöten;
919 1931 3177 2165 und wettens wollte ich ihm einschärfen, dass er
922 2086 3185 2278 die Rolle des Tannhäuser für morgen noch tüchtig
922 2261 2985 2503 memortere, da er kein Freund vom Lernen ist.
922 2427 1801 2613 Fidelto/ Fidelto!"
919 2531 2300 2774 Aber Fidelto terschten nicht.
944 2683 3002 2909 "Er ist zum drittenmal durchgegangen", rief
941 2867 2963 3078 der ame Direktor verzweifelt. "Und wer soll
939 3030 2362 3211 morgen den Tannhäuser geben!"
925 3160 3112 3351 In diesem Augenblick trat Amadeus hervor, ver¬
939 3329 3039 3535 beugte sich vor dem Verzweifelten und sprach:
947 3492 2681 3693 "Ich bin dazu mit Vergnügen bereit. “
