3496 4248
2844 550 2997 740 35
855 674 3034 918 rin, weil ich stets liebe, und kein Augenblick
881 895 2349 1074 ist, in dem ich kein Herz habe.
890 1059 2847 1223 "Aphrodite, Du kennst mich?“ Amadeus wurde
890 1206 2962 1376 feuriger, er schlang den Arm um Ihren Nacken
872 1341 3040 1497 und sah ihr glühend in die Augen. Sie lächelt
872 1500 2412 1658 und sagte: "Ich kenne Dich nicht."
890 1635 3095 1825 “Aber toh kenne Dich”, rief Amadeus, "erinnerst
864 1793 2890 1935 Du Dich denn jener Nacht nicht, des Zimmers
869 1952 2723 2122 nicht, in dem Du versteinert standest?“
898 2099 3057 2248 "Ich verstehe Dich nicht", sagte die Spanierin
887 2266 2749 2430 und machte sich aus seiner Umarmung los.
890 2424 3008 2582 “Du erinnerst Dich nicht, wie Du plötzlich zu
881 2576 3051 2735 Fleisch und Blut wurdest und mich hüsstest und
881 2729 2905 2896 mich mit Dir zogst zum Fenster - unten aber
892 2853 3043 3063 rauschte der Fluss, der Kahn stand bereit....
869 3040 2533 3187 Du erinnerst Dich nicht Aphrodite?“
878 3167 2896 3313 Sie wurde bleich und sah furchtsam um sich.
864 3331 2925 3480 Er versuchte ihre Hand zu fassen. "der Kahn
892 3495 3201 3696 stand bereit, wir fuhren mit ihm auf den glitzern
895 3656 3141 3852 den Wellen, hinunter, den mondblassen Bergen zu,
