3320 4120
2756 587 2933 770 129
947 731 2834 895 "Ja das hat er getan und tst zum Einsehen
936 903 3014 1083 gekommen, dass auch die Poeste enden muss, ja
936 1019 3022 1230 dass der letchtsinnigste junge Mann einmal ge
925 1169 1615 1330 setzt und... „
945 1299 3097 1471 "Ein Philister werden muss", vollendete Amadeus
933 1457 2983 1692 wieder. "Also Du bist wirklich verheiratet!"
942 1662 2463 1845 "Und Aphrodite?" fragte Theobald.
950 1845 2144 1939 "Ich suche sie noch immer.
950 1903 2277 2122 "Also noch immer, Amadeus....
950 2066 3017 2258 "Noch immer bin ich ein Narr, wolltest Du sa
939 2244 3000 2479 gen, doch ich sehne mich noch nicht nach dem
925 2440 1532 2568 Hausrock — »
953 2559 3119 2701 "Aber Amadeus, die ersten Stunden des Beisammen
939 2728 3019 2836 seins auf solche Weise zu perbittern. Sprioh,
939 2820 3163 2994 wie ist es Dir gegangen! Wie geht es Dir jetztt "
950 3003 3102 3177 "Schlecht ist es mir gegangen, ich bin unglück
928 3152 3050 3296 lich geblieben, ich bin elend, - und kann sie
942 3277 2097 3429 noch immer nicht finden.“
956 3415 3089 3601 "Dein Wahnbild schwebt noch immer vor Dir her?
