3528 4264
2825 305 2951 537 47
825 607 1214 820 "Luota!"
831 671 2960 937 "Mein Freund!" Und das sagte sie mit der sanf-
814 876 2895 1130 testen Stimme, dem süssesten Lächeln auf den
822 1108 1186 1270 Lippen.
867 1172 2269 1418 "Lucia, — das tst Dein Ernst?"
862 1382 2190 1558 "Mein voller Ernst, Amadeus."
859 1502 3114 1715 Der Poet sah zur Erde und seine Augen verdüster-
876 1597 2943 1883 ten sich. "o dass ich so schwach bin", sagte
884 1802 3030 2034 er "und Dir jetzt nicht sagen kann: Fahre hin,
881 1900 3044 2176 mir ist an Detér Liebe nichts gelegen. - Aber
909 2104 3010 2344 ich kann Dich nicht lassen Luota, Du bist mir
901 2297 2283 2487 teurer, als alles auf Erden.“
906 2364 2954 2621 Sie trat näher zu ihm und mit einem seltsam
926 2529 3063 2784 freundlichen Blick schaute sie in seine Augen.
923 2672 3122 2923 Er schloss die Arme auf und wollte sie umarmen.
951 2825 3072 3072 "Hinweg", sagte sie sanft, aber bestimmt. "Du
948 3013 3066 3234 wetsst Amadeus, was ich gesagt- und das steht
962 3142 3105 3402 fest, unabänderlich, unwiderruflich." Mit die¬
968 3329 2428 3539 sen Worten entfernte sie sich.
960 3444 3186 3715 Amadeus blieb zurück und sprach zu sich sel bst.
