<?xml version="1.0" encoding="UTF-8" standalone="yes"?>
<PcGts xmlns="http://schema.primaresearch.org/PAGE/gts/pagecontent/2013-07-15" xmlns:xsi="http://www.w3.org/2001/XMLSchema-instance" xsi:schemaLocation="http://schema.primaresearch.org/PAGE/gts/pagecontent/2013-07-15 http://schema.primaresearch.org/PAGE/gts/pagecontent/2013-07-15/pagecontent.xsd">
    <Metadata>
        <Creator>prov=READ-COOP:name=TrHtr:version=2.1.0:model_id=51170:date=14_08_2023_17:25</Creator>
        <Created>2023-05-10T14:30:55.487+02:00</Created>
        <LastChange>2023-08-14T17:25:10.513+02:00</LastChange>
        <TranskribusMetadata docId="1428638" pageId="55421273" pageNr="81" tsid="132818434" status="IN_PROGRESS" userId="64420" imgUrl="https://files.transkribus.eu/Get?id=MKZPFLNKYFLYJHQUHAFPJAGO&amp;fileType=view" xmlUrl="https://files.transkribus.eu/Get?id=DKKXZEQSBCXDLVKMYANLKCGD" imageId="44695355"/>
    </Metadata>
    <Page imageFilename="1428638_0081.jpg" imageWidth="3448" imageHeight="4200">
        <ReadingOrder>
            <OrderedGroup id="ro_1711819406796" caption="Regions reading order">
                <RegionRefIndexed index="0" regionRef="tr_1"/>
                <RegionRefIndexed index="1" regionRef="tr_2"/>
            </OrderedGroup>
        </ReadingOrder>
        <TextRegion id="tr_1" custom="readingOrder {index:0;}">
            <Coords points="889,493 3149,493 3149,2768 889,2768"/>
            <TextLine id="tr_1_tl_1" custom="readingOrder {index:0;}">
                <Coords points="2770,584 2809,584 2826,567 2846,578 2860,570 2876,586 2893,584 2896,452 2882,452 2860,469 2826,461 2812,466 2795,461 2773,464"/>
                <Baseline points="2785,549 2811,546 2856,543 2901,546"/>
                <TextEquiv>
                    <Unicode>76</Unicode>
                </TextEquiv>
            </TextLine>
            <TextLine id="tr_1_tl_2" custom="readingOrder {index:1;}">
                <Coords points="874,810 3052,746 3108,639 2321,578 1756,693 1569,603 880,679"/>
                <Baseline points="889,794 919,788 964,785 1008,782 1053,782 1098,779 1143,776 1188,773 1232,773 1277,773 1322,770 1367,767 1411,764 1456,764 1501,764 1546,761 1591,758 1635,758 1680,758 1725,755 1770,752 1814,749 1859,749 1904,746 1949,746 1994,746 2038,746 2083,743 2128,740 2173,737 2217,734 2262,731 2307,731 2352,728 2397,725 2441,725 2486,725 2531,722 2576,722 2620,722 2665,719 2710,716 2755,716 2800,716 2844,713 2889,713 2934,710 2979,710 3023,704 3068,704 3113,707"/>
                <TextEquiv>
                    <Unicode>fangen und die nun den Tannhäuser suchen sollen,</Unicode>
                </TextEquiv>
            </TextLine>
            <TextLine id="tr_1_tl_3" custom="readingOrder {index:2;}">
                <Coords points="877,977 2890,902 2893,799 2078,762 1410,860 880,841"/>
                <Baseline points="892,925 931,928 976,925 1020,925 1065,922 1110,922 1155,922 1200,919 1244,916 1289,916 1334,916 1379,913 1423,913 1468,913 1513,910 1558,907 1602,907 1647,904 1692,901 1737,901 1782,898 1826,898 1871,895 1916,895 1961,892 2005,892 2050,889 2095,889 2140,886 2185,886 2229,883 2274,880 2319,880 2364,877 2408,877 2453,874 2498,871 2543,868 2588,865 2632,865 2677,865 2722,862 2767,862 2811,862 2856,859 2901,862"/>
                <TextEquiv>
                    <Unicode>der aus Rom verschwunden. Sie erblicen ihn,</Unicode>
                </TextEquiv>
            </TextLine>
            <TextLine id="tr_1_tl_4" custom="readingOrder {index:3;}">
                <Coords points="877,1114 3097,1067 3105,891 2011,997 1541,941 1220,1033 882,969"/>
                <Baseline points="895,1098 913,1095 958,1092 1002,1092 1047,1089 1092,1089 1137,1086 1182,1086 1226,1083 1271,1080 1316,1080 1361,1080 1405,1077 1450,1077 1495,1074 1540,1071 1585,1071 1629,1068 1674,1065 1719,1065 1764,1062 1808,1062 1853,1059 1898,1059 1943,1056 1988,1056 2032,1053 2077,1050 2122,1047 2167,1044 2211,1044 2256,1041 2301,1038 2346,1038 2391,1038 2435,1035 2480,1035 2525,1035 2570,1032 2614,1032 2659,1029 2704,1026 2749,1026 2794,1023 2838,1023 2883,1023 2928,1020 2973,1017 3017,1017 3062,1017 3107,1023"/>
                <TextEquiv>
                    <Unicode>als er sich eben vom Schlummer erhebt und woll</Unicode>
                </TextEquiv>
            </TextLine>
            <TextLine id="tr_1_tl_5" custom="readingOrder {index:4;}">
                <Coords points="891,1296 2809,1226 2879,1198 2882,1086 2214,1139 1932,1064 1575,1162 894,1167"/>
                <Baseline points="907,1244 916,1244 961,1247 1005,1244 1050,1244 1095,1244 1140,1238 1185,1238 1229,1235 1274,1235 1319,1235 1364,1232 1408,1229 1453,1229 1498,1226 1543,1226 1588,1223 1632,1220 1677,1220 1722,1217 1767,1217 1811,1214 1856,1211 1901,1211 1946,1208 1991,1208 2035,1205 2080,1205 2125,1205 2170,1202 2214,1202 2259,1200 2304,1197 2349,1197 2394,1191 2438,1191 2483,1191 2528,1188 2573,1188 2617,1182 2662,1182 2707,1179 2752,1176 2797,1176 2841,1176 2886,1173"/>
                <TextEquiv>
                    <Unicode>froh der glücklichen Begegnung auf ihn zu</Unicode>
                </TextEquiv>
            </TextLine>
            <TextLine id="tr_1_tl_6" custom="readingOrder {index:5;}">
                <Coords points="896,1419 2779,1363 2820,1226 2231,1223 1980,1310 1581,1268 1321,1338 902,1290"/>
                <Baseline points="913,1402 946,1397 991,1394 1035,1394 1080,1391 1125,1391 1170,1391 1214,1391 1259,1391 1304,1388 1349,1385 1394,1382 1438,1379 1483,1376 1528,1376 1573,1373 1617,1370 1662,1370 1707,1367 1752,1367 1797,1367 1841,1364 1886,1361 1931,1361 1976,1358 2020,1355 2065,1355 2110,1352 2155,1352 2200,1349 2244,1346 2289,1346 2334,1343 2379,1343 2423,1343 2468,1343 2513,1340 2558,1340 2602,1337 2647,1334 2692,1331 2737,1331 2782,1331 2826,1331"/>
                <TextEquiv>
                    <Unicode>da sehen sie wie sich der Felsen öffnet,</Unicode>
                </TextEquiv>
            </TextLine>
            <TextLine id="tr_1_tl_7" custom="readingOrder {index:6;}">
                <Coords points="902,1589 3122,1522 3144,1385 2047,1452 1620,1396 1204,1480 908,1430"/>
                <Baseline points="916,1549 955,1546 1000,1543 1044,1543 1089,1540 1134,1540 1179,1540 1223,1537 1268,1537 1313,1534 1358,1534 1402,1531 1447,1528 1492,1525 1537,1525 1582,1522 1626,1522 1671,1519 1716,1516 1761,1516 1805,1513 1850,1513 1895,1510 1940,1510 1985,1507 2029,1504 2074,1504 2119,1504 2164,1501 2208,1498 2253,1498 2298,1498 2343,1495 2388,1492 2432,1492 2477,1489 2522,1489 2567,1486 2611,1486 2656,1486 2701,1483 2746,1483 2791,1480 2835,1477 2880,1477 2925,1474 2970,1474 3014,1471 3059,1471 3104,1471 3149,1471"/>
                <TextEquiv>
                    <Unicode>Traumgestalten dem Tannhäuser entgegen schweben,</Unicode>
                </TextEquiv>
            </TextLine>
            <TextLine id="tr_1_tl_8" custom="readingOrder {index:7;}">
                <Coords points="908,1726 2759,1678 2932,1639 2938,1558 910,1617"/>
                <Baseline points="922,1698 925,1698 970,1695 1014,1692 1059,1692 1104,1689 1149,1689 1194,1686 1238,1686 1283,1683 1328,1683 1373,1680 1417,1680 1462,1677 1507,1677 1552,1674 1597,1671 1641,1671 1686,1668 1731,1668 1776,1665 1820,1662 1865,1662 1910,1659 1955,1659 2000,1656 2044,1656 2089,1656 2134,1653 2179,1650 2223,1647 2268,1647 2313,1644 2358,1644 2402,1641 2447,1638 2492,1638 2537,1635 2582,1635 2626,1632 2671,1632 2716,1629 2761,1629 2805,1626 2850,1623 2895,1620 2940,1623"/>
                <TextEquiv>
                    <Unicode>er stnkt thnen in die Arme.. und der Felsen</Unicode>
                </TextEquiv>
            </TextLine>
            <TextLine id="tr_1_tl_9" custom="readingOrder {index:8;}">
                <Coords points="910,1882 2915,1821 2941,1715 916,1754"/>
                <Baseline points="925,1853 928,1853 973,1847 1017,1844 1062,1844 1107,1844 1152,1844 1197,1841 1241,1838 1286,1835 1331,1835 1376,1832 1420,1832 1465,1829 1510,1826 1555,1826 1600,1823 1644,1823 1689,1820 1734,1820 1779,1817 1823,1817 1868,1817 1913,1814 1958,1811 2002,1811 2047,1808 2092,1808 2137,1805 2182,1802 2226,1800 2271,1800 2316,1800 2361,1800 2405,1797 2450,1797 2495,1797 2540,1794 2585,1791 2629,1788 2674,1785 2719,1785 2764,1785 2808,1779 2853,1779 2898,1776 2943,1773"/>
                <TextEquiv>
                    <Unicode>schliesst sich und steht ruhig da, als wäre</Unicode>
                </TextEquiv>
            </TextLine>
            <TextLine id="tr_1_tl_10" custom="readingOrder {index:9;}">
                <Coords points="910,2002 1042,2036 1128,1997 1285,2025 1840,1991 1899,1985 1902,1907 1824,1879 1673,1902 1606,1868 1452,1924 1204,1893 910,1935"/>
                <Baseline points="925,2002 967,2000 1011,1997 1056,1997 1101,1997 1146,1994 1191,1994 1235,1991 1280,1991 1325,1991 1370,1988 1414,1982 1459,1982 1504,1979 1549,1976 1594,1976 1638,1976 1683,1973 1728,1976 1773,1973 1817,1970 1862,1973 1907,1973"/>
                <TextEquiv>
                    <Unicode>nichts geschehen.</Unicode>
                </TextEquiv>
            </TextLine>
            <TextLine id="tr_1_tl_11" custom="readingOrder {index:10;}">
                <Coords points="894,2178 2530,2142 2896,2106 2952,2011 899,2041"/>
                <Baseline points="913,2152 940,2152 985,2152 1029,2149 1074,2149 1119,2146 1164,2146 1208,2143 1253,2143 1298,2140 1343,2137 1388,2137 1432,2134 1477,2131 1522,2131 1567,2131 1611,2128 1656,2125 1701,2125 1746,2125 1791,2122 1835,2122 1880,2119 1925,2116 1970,2116 2014,2113 2059,2113 2104,2110 2149,2107 2194,2104 2238,2104 2283,2101 2328,2098 2373,2095 2417,2092 2462,2092 2507,2092 2552,2089 2597,2089 2641,2086 2686,2083 2731,2083 2776,2083 2820,2080 2865,2077 2910,2077 2955,2077"/>
                <TextEquiv>
                    <Unicode>Die Komödie war zu Ende. Das Volk war voll</Unicode>
                </TextEquiv>
            </TextLine>
            <TextLine id="tr_1_tl_12" custom="readingOrder {index:11;}">
                <Coords points="908,2321 2499,2254 2871,2312 2988,2279 2994,2145 910,2231"/>
                <Baseline points="922,2307 934,2307 979,2304 1023,2304 1068,2301 1113,2301 1158,2298 1202,2298 1247,2295 1292,2295 1337,2292 1382,2289 1426,2286 1471,2286 1516,2283 1561,2280 1605,2277 1650,2277 1695,2277 1740,2277 1785,2274 1829,2274 1874,2274 1919,2274 1964,2271 2008,2268 2053,2265 2098,2262 2143,2262 2188,2259 2232,2256 2277,2256 2322,2253 2367,2253 2411,2253 2456,2250 2501,2250 2546,2247 2591,2247 2635,2244 2680,2241 2725,2241 2770,2238 2814,2238 2859,2235 2904,2235 2949,2232 2994,2229"/>
                <TextEquiv>
                    <Unicode>Entzücken über das Stück und Tannhäuser, der</Unicode>
                </TextEquiv>
            </TextLine>
            <TextLine id="tr_1_tl_13" custom="readingOrder {index:12;}">
                <Coords points="913,2480 3100,2418 3102,2295 916,2360"/>
                <Baseline points="928,2459 958,2459 1002,2456 1047,2456 1092,2456 1137,2453 1182,2450 1226,2447 1271,2447 1316,2447 1361,2444 1405,2441 1450,2441 1495,2438 1540,2438 1585,2435 1629,2435 1674,2432 1719,2429 1764,2429 1808,2429 1853,2426 1898,2426 1943,2423 1988,2420 2032,2420 2077,2417 2122,2417 2167,2417 2211,2414 2256,2411 2301,2411 2346,2408 2391,2405 2435,2405 2480,2402 2525,2402 2570,2400 2614,2397 2659,2397 2704,2397 2749,2394 2794,2394 2838,2394 2883,2391 2928,2388 2973,2388 3017,2385 3062,2382 3107,2382"/>
                <TextEquiv>
                    <Unicode>Papst und die genus mussten sich unzählige Mab</Unicode>
                </TextEquiv>
            </TextLine>
            <TextLine id="tr_1_tl_14" custom="readingOrder {index:13;}">
                <Coords points="930,2639 2982,2583 3044,2457 933,2505"/>
                <Baseline points="946,2617 985,2611 1029,2611 1074,2608 1119,2608 1164,2605 1208,2605 1253,2602 1298,2602 1343,2600 1388,2597 1432,2594 1477,2594 1522,2591 1567,2591 1611,2588 1656,2588 1701,2588 1746,2585 1791,2582 1835,2582 1880,2579 1925,2576 1970,2573 2014,2573 2059,2573 2104,2570 2149,2570 2194,2570 2238,2567 2283,2564 2328,2564 2373,2564 2417,2561 2462,2561 2507,2558 2552,2558 2597,2555 2641,2552 2686,2552 2731,2549 2776,2549 2820,2546 2865,2543 2910,2543 2955,2543 3000,2540 3044,2543"/>
                <TextEquiv>
                    <Unicode>verbeugen und den Leuten heldselig zulächeln.</Unicode>
                </TextEquiv>
            </TextLine>
            <TextLine id="tr_1_tl_15" custom="readingOrder {index:14;}">
                <Coords points="919,2762 1692,2798 1896,2723 2832,2728 2915,2720 2921,2633 2242,2597 1282,2706 924,2656"/>
                <Baseline points="934,2755 955,2758 1000,2755 1044,2755 1089,2752 1134,2749 1179,2749 1223,2749 1268,2746 1313,2746 1358,2743 1402,2740 1447,2740 1492,2734 1537,2734 1582,2734 1626,2731 1671,2731 1716,2731 1761,2728 1805,2725 1850,2722 1895,2722 1940,2719 1985,2716 2029,2716 2074,2716 2119,2713 2164,2713 2208,2710 2253,2710 2298,2707 2343,2707 2388,2704 2432,2704 2477,2701 2522,2698 2567,2698 2611,2692 2656,2692 2701,2692 2746,2692 2791,2689 2835,2686 2880,2686 2925,2683"/>
                <TextEquiv>
                    <Unicode>Es war spät am Abend und auf die Zuschauer</Unicode>
                </TextEquiv>
            </TextLine>
        </TextRegion>
        <TextRegion id="tr_2" custom="readingOrder {index:1;}">
            <Coords points="949,2800 3116,2800 3116,3711 949,3711"/>
            <TextLine id="tr_2_tl_1" custom="readingOrder {index:0;}">
                <Coords points="933,2932 2709,2868 3063,2921 3069,2742 935,2846"/>
                <Baseline points="949,2922 970,2919 1014,2919 1059,2916 1104,2913 1149,2910 1194,2910 1238,2907 1283,2904 1328,2904 1373,2904 1417,2904 1462,2901 1507,2898 1552,2898 1597,2898 1641,2895 1686,2895 1731,2892 1776,2889 1820,2889 1865,2886 1910,2883 1955,2883 2000,2880 2044,2880 2089,2880 2134,2877 2179,2877 2223,2877 2268,2874 2313,2871 2358,2871 2402,2868 2447,2865 2492,2862 2537,2862 2582,2859 2626,2856 2671,2859 2716,2859 2761,2856 2805,2856 2850,2853 2895,2853 2940,2850 2985,2850 3029,2850 3074,2850"/>
                <TextEquiv>
                    <Unicode>hatte die Soene einen tiefen Eindruck gemacht</Unicode>
                </TextEquiv>
            </TextLine>
            <TextLine id="tr_2_tl_2" custom="readingOrder {index:1;}">
                <Coords points="952,3075 2787,3049 3105,3019 3111,2910 955,2980"/>
                <Baseline points="967,3065 1011,3065 1056,3065 1101,3062 1146,3062 1191,3059 1235,3056 1280,3056 1325,3053 1370,3053 1414,3050 1459,3047 1504,3047 1549,3044 1594,3044 1638,3041 1683,3041 1728,3041 1773,3038 1817,3038 1862,3035 1907,3035 1952,3032 1997,3032 2041,3029 2086,3029 2131,3026 2176,3026 2220,3026 2265,3023 2310,3023 2355,3023 2400,3020 2444,3017 2489,3014 2534,3014 2579,3008 2623,3008 2668,3005 2713,3005 2758,3005 2802,3002 2847,3000 2892,3000 2937,2997 2982,2994 3026,2991 3071,2985 3116,2982"/>
                <TextEquiv>
                    <Unicode>da in Wirklichkeit schon tiefe Dämmerung herr-</Unicode>
                </TextEquiv>
            </TextLine>
            <TextLine id="tr_2_tl_3" custom="readingOrder {index:2;}">
                <Coords points="952,3267 3038,3197 3044,3058 1687,3077 1505,3144 958,3089"/>
                <Baseline points="967,3229 988,3232 1032,3229 1077,3226 1122,3223 1167,3220 1211,3220 1256,3217 1301,3214 1346,3214 1391,3214 1435,3211 1480,3211 1525,3211 1570,3208 1614,3208 1659,3205 1704,3205 1749,3200 1794,3197 1838,3197 1883,3194 1928,3194 1973,3191 2017,3191 2062,3188 2107,3188 2152,3185 2197,3185 2241,3185 2286,3185 2331,3182 2376,3179 2420,3179 2465,3176 2510,3173 2555,3170 2600,3170 2644,3170 2689,3167 2734,3164 2779,3164 2823,3161 2868,3161 2913,3158 2958,3155 3002,3155 3047,3149"/>
                <TextEquiv>
                    <Unicode>schte und das ganze Schauspiel mit geheimnis-</Unicode>
                </TextEquiv>
            </TextLine>
            <TextLine id="tr_2_tl_4" custom="readingOrder {index:3;}">
                <Coords points="961,3396 3024,3348 3105,3248 2977,3186 2287,3267 1935,3209 1715,3284 966,3270"/>
                <Baseline points="976,3388 1005,3385 1050,3382 1095,3382 1140,3382 1185,3379 1229,3376 1274,3376 1319,3373 1364,3373 1408,3370 1453,3370 1498,3367 1543,3364 1588,3364 1632,3361 1677,3358 1722,3358 1767,3355 1811,3355 1856,3352 1901,3352 1946,3349 1991,3349 2035,3346 2080,3343 2125,3343 2170,3340 2214,3337 2259,3337 2304,3331 2349,3331 2394,3328 2438,3325 2483,3325 2528,3325 2573,3322 2617,3319 2662,3319 2707,3316 2752,3316 2797,3313 2841,3313 2886,3310 2931,3310 2976,3307 3020,3304 3065,3304 3110,3301"/>
                <TextEquiv>
                    <Unicode>voller Dunkelheit umgab. Jetzt wurde die Lam-</Unicode>
                </TextEquiv>
            </TextLine>
            <TextLine id="tr_2_tl_5" custom="readingOrder {index:4;}">
                <Coords points="955,3586 2994,3519 3016,3398 1572,3379 961,3457"/>
                <Baseline points="973,3552 1005,3552 1050,3546 1095,3543 1140,3540 1185,3537 1229,3537 1274,3534 1319,3531 1364,3528 1408,3525 1453,3525 1498,3522 1543,3519 1588,3519 1632,3516 1677,3516 1722,3516 1767,3516 1811,3510 1856,3510 1901,3507 1946,3507 1991,3504 2035,3504 2080,3501 2125,3501 2170,3498 2214,3498 2259,3495 2304,3495 2349,3492 2394,3492 2438,3489 2483,3489 2528,3486 2573,3486 2617,3483 2662,3480 2707,3480 2752,3477 2797,3477 2841,3474 2886,3471 2931,3471 2976,3471 3020,3465"/>
                <TextEquiv>
                    <Unicode>pe angezündet und dto Produkttonen des Hans-</Unicode>
                </TextEquiv>
            </TextLine>
            <TextLine id="tr_2_tl_6" custom="readingOrder {index:5;}">
                <Coords points="963,3748 1500,3683 2466,3694 2667,3658 2670,3560 969,3577"/>
                <Baseline points="979,3701 1014,3701 1059,3698 1104,3695 1149,3695 1194,3695 1238,3692 1283,3689 1328,3689 1373,3686 1417,3686 1462,3683 1507,3680 1552,3677 1597,3677 1641,3677 1686,3677 1731,3674 1776,3671 1820,3671 1865,3668 1910,3665 1955,3665 2000,3662 2044,3662 2089,3662 2134,3659 2179,3659 2223,3659 2268,3656 2313,3653 2358,3653 2402,3650 2447,3647 2492,3647 2537,3644 2582,3641 2626,3644 2671,3647"/>
                <TextEquiv>
                    <Unicode>wursts und des Seiltänzers begannen.</Unicode>
                </TextEquiv>
            </TextLine>
        </TextRegion>
    </Page>
</PcGts>
