3480 4232
2745 544 2941 734 106
779 704 2899 964 Das hübsche Mädchen blieb stehen. "Es ist so,
790 884 2874 1146 mein Herr, ich habe keinen Preis!“ Dabet zog
798 1044 2794 1312 sie die Stirn in missmutige Falten. "Nicht
812 1234 2137 1444 wahr, Sie wunden sich auch!“
837 1336 2850 1590 "Ebenso wie ich mich wundere, selber keinen
834 1544 1994 1729 Preis bekommen zu haben",
862 1613 3035 1880 "Ich hoffte so sicher darauf", begann das jun -
859 1800 2839 2043 ge Mädchen. "So sicher, sag ich Ihnen, und
864 2018 1505 2195 jetzt.... 1"
886 2068 3024 2300 "Ist es denn bet mir anders!" versetzte der me
884 2228 3046 2485 lancholtsche Jüngling. "Ist meine symphonische
886 2411 3001 2645 Dichtung — man soll sich zwar nicht selbst lo
911 2546 2861 2792 ben — aber ist sie in ihrer Art nicht vor
906 2698 3021 2941 trefflich? Haben Sie vielleicht dieses Bass
917 2855 2938 3079 geigenmottv bemerkt, dass, sobald das Thema
919 2985 2990 3214 bet den Flöten letser auftrat, aus der Tiefe
942 3151 3090 3429 gleichsam hervortauchte und mit einem Fortisst
939 3297 3128 3570 mo die Töne der übrigen Instrumente verschlang.
936 3457 3162 3695 Dann wurde es Schwächer und schwächer und plötz
964 3689 1179 3822 1 toh
