<?xml version="1.0" encoding="UTF-8" standalone="yes"?>
<PcGts xmlns="http://schema.primaresearch.org/PAGE/gts/pagecontent/2013-07-15" xmlns:xsi="http://www.w3.org/2001/XMLSchema-instance" xsi:schemaLocation="http://schema.primaresearch.org/PAGE/gts/pagecontent/2013-07-15 http://schema.primaresearch.org/PAGE/gts/pagecontent/2013-07-15/pagecontent.xsd">
    <Metadata>
        <Creator>prov=READ-COOP:name=TrHtr:version=2.1.0:model_id=51170:date=14_08_2023_17:25</Creator>
        <Created>2023-05-10T14:30:58.898+02:00</Created>
        <LastChange>2023-08-14T17:25:16.244+02:00</LastChange>
        <TranskribusMetadata docId="1428638" pageId="55421407" pageNr="101" tsid="132818456" status="IN_PROGRESS" userId="64420" imgUrl="https://files.transkribus.eu/Get?id=XMYLYYIFEKTYBYXNVLKCMKKZ&amp;fileType=view" xmlUrl="https://files.transkribus.eu/Get?id=RSJJXRWZDTRCUCIKCKXTDDSB" imageId="44695489"/>
    </Metadata>
    <Page imageFilename="1428638_0101.jpg" imageWidth="3368" imageHeight="4168">
        <ReadingOrder>
            <OrderedGroup id="ro_1711819445689" caption="Regions reading order">
                <RegionRefIndexed index="0" regionRef="tr_2"/>
                <RegionRefIndexed index="1" regionRef="tr_1"/>
            </OrderedGroup>
        </ReadingOrder>
        <TextRegion id="tr_2" custom="readingOrder {index:0;}">
            <Coords points="853,699 3042,699 3042,1702 853,1702"/>
            <TextLine id="tr_2_tl_1" custom="readingOrder {index:0;}">
                <Coords points="2638,846 2655,849 2666,840 2685,851 2707,851 2738,835 2766,843 2771,648 2746,646 2716,659 2693,648 2674,665 2643,665"/>
                <Baseline points="2657,755 2687,749 2731,749 2776,749"/>
                <TextEquiv>
                    <Unicode>96</Unicode>
                </TextEquiv>
            </TextLine>
            <TextLine id="tr_2_tl_2" custom="readingOrder {index:1;}">
                <Coords points="838,985 2262,915 2696,977 2958,918 2961,782 2527,865 1358,799 840,874"/>
                <Baseline points="853,943 859,943 904,940 949,940 994,940 1039,937 1083,937 1128,934 1173,934 1218,931 1262,931 1307,928 1352,925 1397,925 1442,925 1486,925 1531,925 1576,922 1621,922 1666,922 1710,925 1755,925 1800,925 1845,922 1889,919 1934,916 1979,916 2024,913 2069,913 2113,913 2158,913 2203,910 2248,913 2292,913 2337,913 2382,910 2427,910 2472,907 2516,904 2561,907 2606,904 2651,904 2696,904 2740,904 2785,904 2830,901 2875,898 2919,898 2964,898"/>
                <TextEquiv>
                    <Unicode>warf das schwarze Kopftuch von stoh. Lang und</Unicode>
                </TextEquiv>
            </TextLine>
            <TextLine id="tr_2_tl_3" custom="readingOrder {index:2;}">
                <Coords points="849,1113 1914,1071 2262,1149 3036,1060 3036,988 2894,957 2585,996 2429,935 2131,1010 851,993"/>
                <Baseline points="865,1098 892,1095 937,1092 982,1092 1027,1089 1071,1092 1116,1089 1161,1086 1206,1083 1250,1083 1295,1080 1340,1083 1385,1080 1430,1080 1474,1083 1519,1080 1564,1077 1609,1077 1654,1077 1698,1074 1743,1071 1788,1071 1833,1068 1877,1068 1922,1068 1967,1068 2012,1065 2057,1065 2101,1065 2146,1065 2191,1062 2236,1065 2281,1062 2325,1062 2370,1062 2415,1062 2460,1059 2504,1056 2549,1056 2594,1056 2639,1056 2684,1053 2728,1053 2773,1053 2818,1053 2863,1047 2908,1047 2952,1044 2997,1044 3042,1039"/>
                <TextEquiv>
                    <Unicode>frei fiel das wallende Leckenhaar über die be-</Unicode>
                </TextEquiv>
            </TextLine>
            <TextLine id="tr_2_tl_4" custom="readingOrder {index:3;}">
                <Coords points="849,1263 2563,1230 3002,1294 3005,1119 851,1158"/>
                <Baseline points="865,1250 904,1245 949,1242 994,1242 1039,1239 1083,1239 1128,1236 1173,1236 1218,1233 1262,1233 1307,1233 1352,1233 1397,1230 1442,1233 1486,1230 1531,1230 1576,1230 1621,1230 1666,1227 1710,1227 1755,1224 1800,1221 1845,1221 1889,1221 1934,1224 1979,1221 2024,1221 2069,1218 2113,1218 2158,1218 2203,1215 2248,1215 2292,1215 2337,1212 2382,1209 2427,1209 2472,1212 2516,1209 2561,1206 2606,1206 2651,1206 2696,1206 2740,1206 2785,1206 2830,1206 2875,1203 2919,1206 2964,1206 3009,1206"/>
                <TextEquiv>
                    <Unicode>rückende Gestalt. " Ich muss wieder von Anfang</Unicode>
                </TextEquiv>
            </TextLine>
            <TextLine id="tr_2_tl_5" custom="readingOrder {index:4;}">
                <Coords points="857,1422 2746,1419 2816,1400 2819,1291 2390,1316 2173,1247 1917,1316 1653,1274 1341,1336 1096,1269 857,1330"/>
                <Baseline points="871,1397 895,1397 940,1397 985,1397 1030,1397 1074,1397 1119,1394 1164,1391 1209,1391 1253,1388 1298,1388 1343,1388 1388,1388 1433,1388 1477,1388 1522,1388 1567,1385 1612,1382 1657,1382 1701,1379 1746,1379 1791,1379 1836,1379 1880,1376 1925,1376 1970,1379 2015,1376 2060,1376 2104,1373 2149,1373 2194,1373 2239,1373 2284,1370 2328,1370 2373,1370 2418,1367 2463,1364 2507,1364 2552,1364 2597,1364 2642,1361 2687,1361 2731,1358 2776,1358 2821,1364"/>
                <TextEquiv>
                    <Unicode>an zu malen beginnen", spragh die Malerin.</Unicode>
                </TextEquiv>
            </TextLine>
            <TextLine id="tr_2_tl_6" custom="readingOrder {index:5;}">
                <Coords points="863,1578 2738,1564 2771,1427 865,1461"/>
                <Baseline points="880,1528 898,1528 943,1534 988,1540 1033,1540 1077,1540 1122,1540 1167,1540 1212,1537 1256,1537 1301,1537 1346,1537 1391,1537 1436,1537 1480,1537 1525,1534 1570,1531 1615,1528 1660,1531 1704,1528 1749,1525 1794,1525 1839,1525 1883,1525 1928,1525 1973,1525 2018,1525 2063,1525 2107,1525 2152,1522 2197,1519 2242,1522 2287,1522 2331,1519 2376,1519 2421,1516 2466,1513 2510,1513 2555,1510 2600,1510 2645,1507 2690,1504 2734,1498 2779,1489"/>
                <TextEquiv>
                    <Unicode>ich zeriss Euer Bild, es war schlecht.“</Unicode>
                </TextEquiv>
            </TextLine>
            <TextLine id="tr_2_tl_7" custom="readingOrder {index:6;}">
                <Coords points="868,1736 2899,1728 2955,1544 2518,1619 1976,1558 1569,1628 871,1603"/>
                <Baseline points="883,1677 898,1677 943,1683 988,1686 1033,1689 1077,1689 1122,1692 1167,1692 1212,1689 1256,1689 1301,1686 1346,1686 1391,1686 1436,1683 1480,1680 1525,1680 1570,1680 1615,1680 1660,1680 1704,1677 1749,1677 1794,1674 1839,1674 1883,1674 1928,1674 1973,1674 2018,1674 2063,1671 2107,1671 2152,1671 2197,1668 2242,1671 2287,1671 2331,1668 2376,1668 2421,1666 2466,1666 2510,1668 2555,1666 2600,1666 2645,1666 2690,1666 2734,1663 2779,1660 2824,1660 2869,1660 2914,1663 2958,1668"/>
                <TextEquiv>
                    <Unicode>„ Ach, doch Ihr habt recht sooft zu beginnen.</Unicode>
                </TextEquiv>
            </TextLine>
        </TextRegion>
        <TextRegion id="tr_1" custom="readingOrder {index:1;}">
            <Coords points="868,1753 3105,1753 3105,3676 868,3676"/>
            <TextLine id="tr_1_tl_1" custom="readingOrder {index:0;}">
                <Coords points="863,1900 2284,1867 2315,1753 2131,1711 1881,1772 1564,1714 1408,1781 1043,1786 865,1731"/>
                <Baseline points="877,1845 889,1842 934,1845 979,1845 1024,1845 1068,1845 1113,1842 1158,1842 1203,1842 1248,1839 1292,1839 1337,1836 1382,1836 1427,1836 1471,1833 1516,1830 1561,1833 1606,1830 1651,1830 1695,1830 1740,1827 1785,1827 1830,1827 1875,1827 1919,1824 1964,1824 2009,1824 2054,1821 2098,1821 2143,1818 2188,1818 2233,1818 2278,1815 2322,1803"/>
                <TextEquiv>
                    <Unicode>bis es Euch wirklich gefällt. “</Unicode>
                </TextEquiv>
            </TextLine>
            <TextLine id="tr_1_tl_2" custom="readingOrder {index:1;}">
                <Coords points="868,2020 2744,2037 2872,2003 2874,1856 1850,1934 871,1903"/>
                <Baseline points="886,1988 907,1985 952,1991 997,1994 1042,1997 1086,1994 1131,1997 1176,1997 1221,1997 1265,1997 1310,1997 1355,1991 1400,1991 1445,1991 1489,1991 1534,1991 1579,1988 1624,1988 1668,1988 1713,1985 1758,1985 1803,1985 1848,1985 1892,1985 1937,1982 1982,1982 2027,1979 2072,1979 2116,1979 2161,1979 2206,1979 2251,1976 2295,1976 2340,1976 2385,1976 2430,1976 2475,1976 2519,1973 2564,1970 2609,1970 2654,1967 2699,1967 2743,1964 2788,1961 2833,1958 2878,1958"/>
                <TextEquiv>
                    <Unicode>„ O wann were ich mir selbst genügt haben!"</Unicode>
                </TextEquiv>
            </TextLine>
            <TextLine id="tr_1_tl_3" custom="readingOrder {index:2;}">
                <Coords points="857,2184 2991,2126 2991,2023 860,2059"/>
                <Baseline points="871,2152 892,2152 937,2152 982,2152 1027,2152 1071,2155 1116,2152 1161,2149 1206,2146 1250,2146 1295,2146 1340,2143 1385,2143 1430,2140 1474,2143 1519,2140 1564,2140 1609,2140 1654,2137 1698,2134 1743,2134 1788,2131 1833,2134 1877,2134 1922,2131 1967,2131 2012,2131 2057,2128 2101,2131 2146,2131 2191,2128 2236,2128 2281,2128 2325,2128 2370,2125 2415,2125 2460,2122 2504,2122 2549,2119 2594,2119 2639,2116 2684,2119 2728,2119 2773,2119 2818,2116 2863,2116 2908,2113 2952,2116 2997,2119"/>
                <TextEquiv>
                    <Unicode>Ein paar Augenblicke sagte nun keine ein Wort.</Unicode>
                </TextEquiv>
            </TextLine>
            <TextLine id="tr_1_tl_4" custom="readingOrder {index:3;}">
                <Coords points="849,2360 3036,2296 2980,2181 2618,2223 2354,2145 2140,2220 851,2223"/>
                <Baseline points="868,2304 892,2301 937,2301 982,2301 1027,2301 1071,2301 1116,2301 1161,2301 1206,2298 1250,2298 1295,2298 1340,2298 1385,2298 1430,2298 1474,2295 1519,2295 1564,2292 1609,2290 1654,2290 1698,2287 1743,2290 1788,2287 1833,2287 1877,2287 1922,2287 1967,2287 2012,2287 2057,2287 2101,2287 2146,2284 2191,2281 2236,2281 2281,2281 2325,2281 2370,2278 2415,2278 2460,2278 2504,2275 2549,2275 2594,2272 2639,2272 2684,2272 2728,2272 2773,2272 2818,2272 2863,2272 2908,2269 2952,2269 2997,2263 3042,2266"/>
                <TextEquiv>
                    <Unicode>Endlich begann die Nonne, indem sie durchs Fen</Unicode>
                </TextEquiv>
            </TextLine>
            <TextLine id="tr_1_tl_5" custom="readingOrder {index:4;}">
                <Coords points="876,2482 2863,2490 2980,2457 2983,2365 876,2376"/>
                <Baseline points="892,2463 928,2457 973,2454 1018,2451 1062,2454 1107,2454 1152,2451 1197,2448 1242,2448 1286,2445 1331,2445 1376,2445 1421,2445 1465,2445 1510,2442 1555,2442 1600,2442 1645,2442 1689,2439 1734,2439 1779,2436 1824,2436 1869,2436 1913,2436 1958,2436 2003,2436 2048,2433 2092,2433 2137,2430 2182,2430 2227,2430 2272,2430 2316,2433 2361,2433 2406,2430 2451,2427 2496,2427 2540,2424 2585,2427 2630,2427 2675,2424 2719,2424 2764,2424 2809,2421 2854,2424 2899,2418 2943,2418 2988,2421"/>
                <TextEquiv>
                    <Unicode>ster ins Freie sah. "Es klingt heute eine ei</Unicode>
                </TextEquiv>
            </TextLine>
            <TextLine id="tr_1_tl_6" custom="readingOrder {index:5;}">
                <Coords points="868,2652 2891,2627 2969,2616 2972,2449 2360,2552 1706,2465 871,2552"/>
                <Baseline points="886,2615 913,2612 958,2606 1003,2603 1047,2600 1092,2600 1137,2597 1182,2597 1227,2594 1271,2594 1316,2594 1361,2594 1406,2594 1451,2591 1495,2591 1540,2591 1585,2591 1630,2591 1674,2588 1719,2588 1764,2588 1809,2585 1854,2582 1898,2582 1943,2582 1988,2582 2033,2582 2078,2582 2122,2582 2167,2579 2212,2576 2257,2576 2301,2579 2346,2579 2391,2579 2436,2579 2481,2579 2525,2576 2570,2576 2615,2576 2660,2570 2705,2573 2749,2570 2794,2570 2839,2570 2884,2567 2928,2567 2973,2564"/>
                <TextEquiv>
                    <Unicode>gentümliche Weise über der Erde, ich glaub es</Unicode>
                </TextEquiv>
            </TextLine>
            <TextLine id="tr_1_tl_7" custom="readingOrder {index:6;}">
                <Coords points="874,2796 3022,2771 3022,2668 2749,2621 876,2649"/>
                <Baseline points="889,2758 925,2755 970,2752 1015,2749 1059,2749 1104,2749 1149,2746 1194,2746 1239,2743 1283,2743 1328,2743 1373,2740 1418,2740 1462,2740 1507,2740 1552,2740 1597,2740 1642,2740 1686,2737 1731,2737 1776,2737 1821,2737 1866,2734 1910,2734 1955,2731 2000,2734 2045,2734 2089,2731 2134,2731 2179,2731 2224,2728 2269,2728 2313,2728 2358,2728 2403,2728 2448,2725 2493,2722 2537,2722 2582,2719 2627,2719 2672,2719 2716,2719 2761,2719 2806,2719 2851,2719 2896,2716 2940,2716 2985,2716 3030,2716"/>
                <TextEquiv>
                    <Unicode>wird Euch heute gelingen. Lasst mich Euch auch</Unicode>
                </TextEquiv>
            </TextLine>
            <TextLine id="tr_1_tl_8" custom="readingOrder {index:7;}">
                <Coords points="865,2944 2794,2941 3094,2894 3097,2755 2393,2838 2067,2774 1836,2858 868,2796"/>
                <Baseline points="880,2908 910,2905 955,2905 1000,2902 1044,2899 1089,2899 1134,2899 1179,2899 1224,2899 1268,2896 1313,2896 1358,2896 1403,2896 1448,2893 1492,2893 1537,2896 1582,2896 1627,2896 1671,2896 1716,2893 1761,2893 1806,2890 1851,2890 1895,2890 1940,2887 1985,2890 2030,2887 2075,2887 2119,2884 2164,2884 2209,2884 2254,2884 2298,2881 2343,2881 2388,2881 2433,2881 2478,2881 2522,2878 2567,2878 2612,2878 2657,2878 2702,2878 2746,2878 2791,2875 2836,2875 2881,2875 2925,2875 2970,2872 3015,2869 3060,2869 3105,2872"/>
                <TextEquiv>
                    <Unicode>heute endlich sagen, wer ich bin. Wozu soll ichs</Unicode>
                </TextEquiv>
            </TextLine>
            <TextLine id="tr_1_tl_9" custom="readingOrder {index:8;}">
                <Coords points="860,3116 2365,3050 2490,3108 2924,3022 3019,3080 3064,2949 863,2947"/>
                <Baseline points="874,3057 919,3051 964,3051 1009,3051 1053,3051 1098,3051 1143,3051 1188,3048 1233,3048 1277,3048 1322,3048 1367,3048 1412,3045 1457,3045 1501,3045 1546,3042 1591,3042 1636,3042 1680,3042 1725,3042 1770,3039 1815,3039 1860,3039 1904,3039 1949,3036 1994,3036 2039,3036 2084,3033 2128,3033 2173,3036 2218,3033 2263,3033 2307,3033 2352,3033 2397,3033 2442,3033 2487,3030 2531,3030 2576,3030 2621,3030 2666,3030 2710,3030 2755,3027 2800,3024 2845,3024 2890,3024 2934,3021 2979,3021 3024,3021 3069,3024"/>
                <TextEquiv>
                    <Unicode>Euch verheimlichen! Ich bin nicht die Schwester</Unicode>
                </TextEquiv>
            </TextLine>
            <TextLine id="tr_1_tl_10" custom="readingOrder {index:9;}">
                <Coords points="860,3267 1152,3219 1288,3278 1489,3256 1511,3250 1516,3108 1274,3136 1146,3105 1002,3147 865,3119"/>
                <Baseline points="874,3203 895,3200 940,3200 985,3200 1030,3200 1074,3200 1119,3197 1164,3197 1209,3197 1253,3194 1298,3194 1343,3191 1388,3188 1433,3179 1477,3176 1522,3173"/>
                <TextEquiv>
                    <Unicode>August ina — "</Unicode>
                </TextEquiv>
            </TextLine>
            <TextLine id="tr_1_tl_11" custom="readingOrder {index:10;}">
                <Coords points="896,3400 2268,3336 2813,3384 2883,3356 2885,3236 1984,3289 1775,3166 1536,3278 896,3292"/>
                <Baseline points="910,3337 919,3337 964,3352 1009,3352 1053,3352 1098,3352 1143,3352 1188,3352 1233,3349 1277,3349 1322,3349 1367,3352 1412,3349 1457,3346 1501,3346 1546,3349 1591,3349 1636,3346 1680,3349 1725,3349 1770,3346 1815,3343 1860,3343 1904,3343 1949,3340 1994,3340 2039,3337 2084,3337 2128,3337 2173,3334 2218,3332 2263,3329 2307,3329 2352,3334 2397,3334 2442,3334 2487,3334 2531,3337 2576,3337 2621,3334 2666,3334 2710,3332 2755,3332 2800,3332 2845,3329 2890,3326"/>
                <TextEquiv>
                    <Unicode>Ihr seid die Gräfin Lucta - " rief die Ma</Unicode>
                </TextEquiv>
            </TextLine>
            <TextLine id="tr_1_tl_12" custom="readingOrder {index:11;}">
                <Coords points="874,3534 943,3517 1127,3562 1202,3531 1263,3581 1380,3523 1464,3556 1466,3414 1425,3428 1333,3392 1302,3420 1244,3403 1105,3422 1063,3395 876,3406"/>
                <Baseline points="889,3508 934,3511 979,3511 1024,3511 1068,3508 1113,3508 1158,3508 1203,3505 1248,3505 1292,3502 1337,3505 1382,3502 1427,3490 1471,3490"/>
                <TextEquiv>
                    <Unicode>lerin aus. “</Unicode>
                </TextEquiv>
            </TextLine>
            <TextLine id="tr_1_tl_13" custom="readingOrder {index:12;}">
                <Coords points="863,3690 2165,3729 2938,3645 2938,3545 2844,3534 865,3584"/>
                <Baseline points="880,3666 886,3663 931,3663 976,3666 1021,3666 1065,3666 1110,3663 1155,3663 1200,3660 1245,3663 1289,3660 1334,3660 1379,3657 1424,3660 1468,3657 1513,3657 1558,3657 1603,3657 1648,3654 1692,3654 1737,3654 1782,3654 1827,3651 1872,3651 1916,3651 1961,3651 2006,3651 2051,3651 2095,3651 2140,3648 2185,3648 2230,3648 2275,3648 2319,3645 2364,3645 2409,3645 2454,3648 2499,3648 2543,3645 2588,3645 2633,3645 2678,3645 2722,3642 2767,3642 2812,3642 2857,3639 2902,3639 2946,3639"/>
                <TextEquiv>
                    <Unicode>Die vorschnell erkannte sah Blanka mit ihren</Unicode>
                </TextEquiv>
            </TextLine>
        </TextRegion>
    </Page>
</PcGts>
