3480 4232
2793 518 2927 703 30
925 609 1017 783 G.
886 763 3104 906 Sommerfest hergerichtet war und desse, geöffnete
883 908 3007 1051 Fenster die laue Luft der Sommernacht herein¬
891 1039 3050 1236 Jtessen. Feenhafte Pracht durchwogte den Saal;
894 1236 2987 1392 das seltene und neue an dem Feste hatte eine
903 1358 3109 1549 grosse Menschenmasse herbetgelöckt; denn es war
894 1515 2967 1689 so weit man sich erinnern konnte, das erste¬
891 1677 3067 1848 mal, dass im Sommer ein Maskenball veranstaltet
888 1825 3018 2027 wurde. Amadeus und Theobald waren als Pilger
900 1990 3035 2175 gekleidet, aber diese Kleidung wollte eher zu
894 2153 3161 2335 dem etwas schwärmerischen Antlitze Amadeus', als
886 2304 3175 2443 zu dem genusssüchtigen, frohblickenden Theobalds
900 2466 1267 2631 pas sen;
900 2568 3161 2751 "Un d wie geht es Dir mit jenem Mädchen, das da¬
886 2748 2272 2939 mals Minnas Begletterin war?"
900 2930 2990 3104 "Ich habe sie drei Tage lang geliebt und ste
888 3067 3109 3172 mich ebenso lange, vier Tage lang wandl ich um-
891 3181 2788 3314 her, ohn e tieferes Gefühl im Herzen...“
886 3380 2976 3571 Amadeus lächelte. "Aber ich darf ja wohl gar
891 3539 3166 3725 über Dein "tieferes Gefühl" nicht spotten, meine
1196 3685 1381 3861 nd.
