3512 4264
2735 497 2887 655 22
791 621 2973 929 und tanzten ärgerlich auf dm Boden hin und her
804 860 2849 1057 weil sie nicht gesehen, was sich denn jetzt
824 1032 1856 1204 im Dunkeln zugetragen.
810 1143 3043 1356 Das leichte Wölkchen aber oben, das den ernsten
810 1304 3015 1498 Mond nechend verhüllt, floh hinweg und schwamm
832 1473 2899 1642 sorglos froh umher im glitzernden Weltraume.
832 1600 3001 1797 bis es sich befor in der fernen Unendlichkeit.
