3320 4184
2805 578 2976 763 113
927 752 2965 979 sitionen, wie bei der Preisverteilung in der
921 916 1613 1101 Musikschule. »
946 1051 3059 1256 "Ernst, eines fürchte ich nur, dass mein Flö -
935 1220 3024 1425 tenmotiv in diesem Gelärm nicht recht zur Gel
941 1400 1773 1544 tung kommen wird."
938 1549 3065 1687 "Ja- wenn das der einzige Grund wäre - aber es
935 1685 2271 1845 ist keine einzige Flöte da! „
935 1842 1336 1989 "O weht"
938 1972 3026 2138 "Tröste Dich; ich meinesteils reflektiere gar
924 2130 2976 2324 nicht mehr darauf, dass mein Bassgetgenmott
927 2293 3012 2432 hier zur Geltung kommt, - ich phantasiere auf
935 2462 2263 2595 der Geige. Tu Du dasselbe. "
941 2595 1757 2769 "Du hast Recht. "
921 2747 3109 2913 Die melancholische italienische Arie endete mit
929 2885 2882 3087 einem rührenden Akkord. Der Kapellmeister,
924 3046 3051 3203 mit der Geige und dem Fiedelbogen in der Hand,
935 3206 3159 3358 schritt die paar Stufen von der Kapelle herunter
938 3378 2949 3527 indem er aus seiner Rocktasche das Schnupf -
929 3519 2827 3674 tuch nahm, und sich den Schweiss wischte.
