3512 4312
936 784 2937 928 Die Stadt lag vor den späten Wanderern,cite
939 936 3071 1081 Stadt mit ihren erleuchteten Strassen und th¬
953 1076 3079 1261 rem bewegten lebendigen Treiben. Eigentümlich
953 1242 3131 1381 mutete es die beiden Freunde an, als sie jetzt
966 1395 3161 1526 die Strassen durchschritten und sich nach ihrer
966 1545 3099 1676 einsamen Wanderung, auf der mondschimmernden
964 1687 3126 1829 Wiese und im mondhellen Wald in dem bunten Le¬
969 1807 3145 1982 ben der Stadt fanden. Es war thnen, als hätten
969 1985 3107 2151 sté eben etr) duftiges Märchen gelesen und sie
980 2143 3140 2320 sähen vom Buche auf und die ganze fremde selt¬
983 2301 2299 2446 same Welt wäre verschwunden.
986 2427 3120 2626 Theobald begann wieder zu reden. "Bts t Du nun
986 2580 3055 2749 erwacht?— Wenn Dus bist, se tu die Augen auf
991 2741 3164 2891 und steh um Dich und sieh dte hübschen Mädchen
991 2937 3167 3066 an, die allerliebsten und verliebe Dich in ei-
991 3060 3052 3205 ne und küsse ihren Mund und dichte an threm
996 3251 1417 3382 Busen. „
1043 3350 2984 3527 "Du bist schnell", sagte Amadeus lächelnd.
1026 3492 3104 3664 “Sieh einmal diese hier, mein Freund, diese
1010 3683 3194 3819 retzende Mund und diese Zöpfe? Nun gefällt sie
