3480 4168
2807 552 2951 745 88
851 704 2959 957 in ein paar Worten: Ich kann nicht lieben und
851 864 2840 1128 kann nicht dichten! Was ich schon alles zu
853 1003 3030 1294 lieben versucht! Aus meiner Vaterstadt bin ich
872 1185 2935 1435 ausgewandert, um Mädchen zu finden, an deren
870 1299 2940 1563 Busen neu mir Verse entströmen — denn einmal
891 1470 2905 1739 konnt ichs- denn ethmal konnet ich dichten!"
889 1639 2940 1856 Nach diesen Worten schritten beide eine Wei¬
891 1832 2397 2022 le schweigsam nebeneinander her.
927 1940 3103 2212 “Wohin wandert ihr!“ fragte endlich der Freude.
929 2136 2152 2342 “Ztellos umher — und ihrf ˮ
929 2242 3049 2527 „Auch ich habe kein Ziel, weil ich überall zu
916 2386 3068 2636 Hause bin. Doch seh ich von Ferne Türme leuch¬
940 2565 3057 2775 ten. Es sind die von der Kirche eines kleinen
951 2701 3003 2927 freundlichen Städtchens- ziehen wir dorthin,
951 2886 2715 3095 vielleicht lacht euch dort das Glück.“
959 2995 3144 3256 Wie es schon unbegreifliche Zufälligkeiten geh,
981 3174 3025 3383 se schwebte mit einem Male wieder unserm un-
965 3332 3114 3554 glücklichen Amadeus Lucas Bild in wellüstiger
976 3514 3022 3685 Glut vor den Augen. Die Ahnung stieg in ihm
