3448 4200
2922 537 3037 691 79
867 853 2450 1063 Kurze Biebes und Peetenseligkeit.
1068 1188 3045 1387 Es sind ein paar Monde vergangen, seit die
540 1169 660 1415 IX
892 1342 3084 1504 Begebenheiten, die man hier aufgeschrieben fin-
898 1465 3101 1644 det sich zugetragen haben: — Eines Abends, nach
900 1627 3067 1848 dem die Komödianten in einem Städchen den Tann
909 1792 3023 1988 häuser aufgeführt hatten, sass Amadeus, der
900 1955 3121 2139 Poet hinter den Coulissen, wo es schon ganz dun
906 2089 3040 2335 kel war, neben dem jungen Mädchen, das die Ve
920 2271 3042 2436 nus spielte und hatte den Arm um ihren Nacken
923 2382 3171 2628 geschlungen. Er erzählte ihr aufrichtig und wah r
920 2564 3135 2774 des ganze Geschichte seines Lebens. In der Zeit
928 2696 3118 2925 da sie von Ort zu Ort herumgezogen waren, hat
923 2863 3135 3037 stoh Amadeus und das Mädchen lieb gewonnen.
909 3040 3017 3210 Mehr und mehr entschwand Luotas Bild aus Am¬
931 3165 3109 3347 deus Seele; wenn der Hauch von des jungen Mäd¬
942 3339 3067 3512 chens Lippen auf seine Wange wehte, so dachte
942 3465 3067 3725 er nicht mehr an Luota — ör dachte nur an den
