3448 4184
2880 455 3024 591 54
935 633 2897 803 noch immer nicht glauben, dass der Herr..“
952 789 3225 967 "Mein Name ist Amadeus. Nennt mich jetzt schlecht
944 947 3168 1147 hin so, wie Ihr Euern Fidelio auch nicht anders
938 1111 1930 1261 nanntet als Fidelto.
964 1227 2979 1439 „Ich seh schon, der Herr — der Heir Amadeus
952 1405 3171 1602 machen Ernst, — kommt denn in meine Stube, Hehr
952 1549 3078 1744 Amadeus, - oder schlechtweg Amadens, toh will
975 1682 3225 1885 das Nähere mit Euch besprechen.“ Er wandte sich
2846 1769 3041 1882 salr
969 1857 3061 2052 zur Türe, dort aber drehte ersich um, fusste
981 2001 3225 2227 dem Poeten nochmals ins Auge. “Wahrhaftig es ist
972 2193 1857 2371 mir noch immer - "
995 2306 3134 2487 “Nichts weiter davon“, unterbrach ihn Amadeus.
989 2411 3151 2645 „Es ist einmal so, zerbrecht Euch nicht weiter
1000 2620 3018 2823 den Kopf darüber, warum es so ist. " Und mit
992 2790 3010 2959 diesen Worten folgte er ihm in die Schenke,
995 2922 2993 3131 während die Leute draussen den beiden kopf
1009 3089 2142 3304 schüttelnd nachschauten.
