3496 4168
2932 368 3056 562 81
946 556 2916 820 und uns des innern Glückes voll gentessen.
946 761 2881 943 Morgen früh, im ersten Morgengrauen aber,
959 930 2980 1105 will ich Dich zu einem Spaziergang vers Tor
976 1099 3101 1266 abholen und da sollst Du in schönen gereimten
970 1215 2776 1395 Zeilen hören, wie sehr ich Dich liebe.
973 1384 3134 1564 Sie nahmen Abschied und küssten sich noch ein-
981 1510 3142 1701 mal, im Innersten bewegt, und Amadeus war voll
994 1639 3126 1854 der frohen Gewissheit, dass er wieder dichten
992 1854 3093 2045 könne und eilte liebestrunken in sein Zimmer.
