3384 4168
2851 518 2984 694 73
864 837 1971 1026 Amadeus als Tannhäuser.
859 1137 2740 1304 Die Komödte hatte thren Anfang genommen.
861 1288 3008 1461 Das anmutig reizende Mädchen lag als wordes in
875 1444 2951 1615 leichter Bekleidung hingestreckt auf welchen
872 1569 3000 1758 Polstern. Amadeus als Ritterstand vor ihr und
875 1744 3002 1931 nahm Abschied von der untertrdtischen Welt, in
886 1855 3000 2084 der ### so lange gelebt. Sie wollte ihn nicht
878 1995 3005 2219 ziehen lassen; aber endlich, nachdem er lange
886 2203 2981 2381 gebeten und gefleht, öffnete sie ihm vermei¬
891 2284 2924 2519 flungsvoll die Schwelle zu der frühlingsgrü-
888 2511 2919 2705 nenden Erde und Tanhäuser zog glücklich und
883 2657 1812 2851 Ienzesfroh hanauf.
880 2822 2959 2967 Wir finden ihn auffreter Wiese wieder, wo er
888 2978 2986 3154 in vollen Zügen die frische Gottesluft einat-
886 3135 3056 3283 met. Er mächte die ganze Welt an setze glücks-
896 3270 2919 3467 trunkene Brust pressen, umarmen und an stch
886 3410 3010 3621 drücken dte strahlenglänkende Natur. Aber er
902 3588 2911 3715 steht, dass es ihm nicht wohl werden kann,
