3272 4152
2770 558 2942 786 123
797 811 1287 982 verstehen.
825 914 2944 1146 "Satzen Sie sich, wenn Ihnen der Fuss weh tut"
816 1108 2629 1265 sprach der Poet mit furchtbarer Stimme.
797 1233 2819 1407 Die lange Gestalt knackte zusammen und fiel
816 1420 2914 1603 auf den leerstehenden Stuhl. Setn Mund verzog
819 1535 2991 1712 sich zu einem gezwungenen Lächeln und in seiner
822 1725 2879 1897 Verlegenheit rückte der schüchterne Jüngling
825 1831 3012 2060 'auf sethen Sessel hin und her, immer die dicken
830 2003 2977 2218 Bilcher in der Hand, und mit den Beinen hin und
838 2182 1445 2357 her wackelnd.
857 2324 2999 2487 "Dürfen wir wissen, mit wem wir die Ehre haben
844 2471 1733 2650 fragte der Student.
830 2631 1935 2800 Der Unbekannte seufzte.
863 2754 1173 2917 „Nung"
865 2931 2697 3097 "Ach ich - bin ein — Lehramtskandidat.  "
874 3053 2982 3230 "Darum seufzen Sie sol " fragte die Soubrette.
879 3230 2825 3363 "Das an und für sich ist nicht so traurig.
857 3393 2558 3562 So?" sagte die Soubrette verwundert.
884 3532 2969 3744 "Aber bei mir kommt noch was dazu." Er machte
