3480 4216
2766 609 2905 716 65
924 741 2902 968 ruhe ihr Schatten oder ihr Bild darauf, er
943 874 3151 1142 stellte sich zum Fenster, wo sie vor wenigen Au
949 1073 3046 1303 genblicken gestanden, seg die Atmosphäre ein,
960 1245 3076 1436 in der sie eben noch geweilt. Glühendste Woll-
949 1405 2960 1555 lust erfasste ihn. "Venus, Venus", rief er,
963 1577 3187 1723 und wie rasend stürzte er aus dem Zimmer hinaus,
960 1687 2971 1887 raste durch die Gänge, die Treppe hinunter,
971 1856 3104 2033 bis erdraussen vor dem Tor Luft und Atem fand.
963 2019 3095 2183 Freilich Ruhe fand er keine. Es begann schon
974 2136 2943 2332 zu dämmern. Frühes Morgengrauen stieg auf,
567 2144 656 2288 11
988 2285 3024 2479 und leiser Wind strich über die XXII. Ebene.
979 2448 3142 2650 Da kehrte Amadeus in das Wirtshaus zurück ganz
976 2598 3018 2808 blass und milde aussehend. Der Direktor kam
996 2752 3010 2954 ihm entgegen und sprach in kaum verhaltener
988 2860 3165 3104 Angst: "Um Himmelswillen, wie verstört ihr aus
1010 3073 3068 3256 seht! Habt ihr jetzt an eurer Rolle so lange
1012 3220 3162 3414 studiert? So legt auch doch auf ein paar Stun¬
1010 3367 3187 3563 den schlafen, sonst könnt ihr heute Abend wahr
1021 3524 3032 3723 lich nicht spielen. Oder habt ihr gar noch
