3496 4232
2742 528 2892 640 29
838 660 3072 920 Amadeus wird für verrückt gehalten und verlässt
860 894 1329 1061 die Stadt.
468 1047 621 1239 27
1106 1143 2920 1334 "Und ich werde sie suchen, bis ich sie
877 1295 3143 1546 finde und müsste ich die weite Nelt durchwandern
875 1473 2328 1679 um sie noch einmal zu umarmen.'
886 1608 2914 1803 "So hast Du jenes Abenteuer mit Minnah ganz
886 1811 1439 1983 vergessent"
903 1856 2892 2124 "Oh ich will sie nicht wiedersehen. Lieben
900 2074 2982 2257 könnte ich sie nicht, ich müsste nur von ihr
894 2181 3050 2429 Abschted nehmen. Ich will sie lieber gar nie
900 2364 3165 2550 mehr sehen. Jener Abend war so duftig und schön;
906 2511 3177 2751 meine kurze Liebe hatte der süsse, mondhelle Au¬
934 2666 3055 2909 genblick geboren, in welchem ich sie küsste -
920 2841 3070 3010 und so lang ich noch glühte in der Erinnerung
925 2974 2793 3211 an jenen Kuss, solange liebte ich sie."
937 3132 3171 3318 Die Freunde verloren sich im dichten Gewühl der
934 3304 2926 3501 Masken. Sie befanden sich meinem weiten,
948 3414 3188 3642 fast taghell erleuchteten Saal, der eigens zum
