3448 4168
2835 491 3010 674 57
712 651 1914 848 Ihr überhaupt das Stück?“
729 793 2995 985 "Nein, ich will es mir jetzt durchsehen." Mit die
723 962 2905 1118 sen Worten rückte er einen Stuhl zum Tisch und
729 1107 2986 1330 faltete ein Manuskript, das er in der Hand hielt
720 1293 933 1467 auf.
735 1383 2957 1572 "Es beginnt", sagte der Schläfrige, "Mit dem Ab¬
732 1563 3068 1728 schied des Ritters von der liebretzenden, ihm aber
723 1694 2365 1891 doch schon langweiligen Aphrodite."
735 1871 2890 2028 "Aphrodite", wiederholte Amadeus vor sich hin,
729 2033 3027 2219 und dachte in diesem Augenblich an so manches. Er
729 2214 2992 2365 fasste sich aber sogleich wieder und begann laut
732 2341 2182 2524 den Anfang des Dramas zu lesen.
712 2504 2278 2658 Nicht länger stage mich zu halten.
718 2632 2646 2815 Ich fühl sohon längst mein Herz erhalten,
709 2795 2138 2960 Bin aller Liebe baar und leer,
700 2946 2318 3111 Du retzest meinen Sinn nicht mehr.
703 3239 2141 3434 An Detner weisse vollen Brust,
703 3431 2461 3605 Fühl ich nicht Freude mehr noch Lust,
