3416 4168
2854 394 2998 513 50
873 524 3134 861 Weg zur Schenke. Als er näher hin kam, bemerkte
895 697 3055 969 er, dass es in der hell erleuchteten Wirtsstu-
918 861 2992 1114 be sehr belebt auging, und dass sich vor dem
904 1014 3120 1335 Hause selbst eine ziemlich grosse Menschenmenge
927 1170 3089 1457 befand, in der auch einige Mitglieder der Setl.
938 1318 3046 1629 tänzerbande zu sehen waren. Als Amadeus noch
941 1493 3069 1797 nicht bemerkt von dem andern, doch schon ganz
955 1669 2924 1924 in die Nähe gekommen war, kam der Direktor
958 1794 2618 2103 heraus und rief:“Fidelio, Fidelio!"
963 1930 3080 2168 Der hanswurst sprang über einen Bauernjungen,
978 2100 3213 2392 der gerade vor ihm stand, dem Rufenden entgegen,
997 2264 3230 2471 und fragte, indem er denselben, zu allgemeinen
1000 2369 3250 2627 Geldchter in die Höhe hob, ob sich Fidelto nicht
1012 2548 3298 2783 drin befände. Hier heraussen sei er nämlich nicht
1026 2706 2800 2930 "Fidelto", rief der Direktor nochmals.
1017 2890 1712 3097 Ketne Antwort.
1046 3038 2550 3239 „Wo ist der Mensch hingekommen!“
1060 3168 3219 3389 "Fteilio", rief nun der Direktor im Verein mit
1057 3369 1754 3554 dem Hanswurst.
1063 3514 1930 3724 Alles blieb sttll.
