3416 4184
2734 557 2905 681 102
820 734 2916 882 - aber um Himmelswillen, Sie werden mich doch
801 871 2273 1059 nicht mehr für lyrisch halten!"
817 1053 1589 1206 “Und Ihre Frau?“
850 1139 2916 1337 "Ist - nun so eigentlich ist st eine Jugend-
825 1297 2881 1541 schriftstellerin. "Kennen Sie Herzblättchens
828 1479 2594 1640 Zeitvertreibt Das hat sie geschrieben.
839 1643 2463 1771 "O Gott", seufzte Amadeus für soch.
858 1750 2803 1940 "Kennen Ste - Mädchens Abedunterhaftung? -
842 1959 2996 2136 auch von meiner Frau. —twölf moralische Er -
844 2061 2951 2265 zählungen? auch x tou ihr. Sie schreibt viel -
860 2251 2940 2415 aber gedtegen. Das muss man ihr lassen. Alle
866 2393 2597 2541 ihre Schriften sind so recht ideal.  "
863 2565 1479 2718 „Und kerniger"
871 2680 2843 2833 „Ja, ja, und von echt christlicher Frömmig
871 2868 1589 3018 kett erfüllt. "
871 2964 2198 3165 „O die vortreffliche Frau! „
871 3111 2964 3321 "Ich gehe jetzt, wie gesagt, in einen Zirkel,
874 3296 2940 3471 den eine ihrer Freundinnen gegründet hat und
890 3463 2983 3607 in welchen jeder vernünftige Mensch, ohne Aus
