3512 4312
2393 198 2527 263 Monsieur
834 543 3035 650 Von einem Poeten, der weder lieben noch schrei¬
842 744 1372 834 ben konnte.
829 859 2711 974 Des Poeten Amadeus Liebesglück und Kuss.
834 1034 2195 1133 Amadeus küsst das Marmorbild.
834 1177 2856 1284 Amadeus wird für verrückt gehalten und ver¬
842 1333 1594 1427 lässt die Stadt.
837 1471 3032 1583 Amadeus wird der schönen Gräfin Lucia zu Liebe
840 1635 2066 1731 Komödtant und Seiltänzer.
848 1772 3048 1888 Amadeus versucht sich in seine Rolle zu finden.
848 1956 1918 2102 Amadeus als Tannhäuser.
848 2088 2393 2195 Kurze Liebes- und Poetenseligkeit.
870 2247 2598 2340 "Kein irdtsch Liebchen nenn ich mein,
853 2404 2280 2502 Mein ist die Welt die weite.!“
1506 2505 1772 2546 — —
1512 2639 1676 2703 -:-
