3336 4136
2679 558 2862 674 135
861 715 2819 920 „Ich danke, ich bitte Sie um die statue. “
863 890 2859 1101 Plötzlich vor der alte Herr wieder trocken.
879 1006 3002 1252 "Kathrin", sagte er dem Stubenmädchen, " sperr
874 1182 2835 1400 den Boden auf und führe den Herrn, wenn er
887 1327 2698 1546 die statue sehen will. Habe die Ehre!“
885 1430 2894 1683 In ein paar Minuten stand Amadeus oben. Das
898 1589 2851 1824 Balkenwerk machte ihn oft stolpern, bis er
912 1797 2212 1988 endlich fand, was er suchte.
912 1861 3000 2155 Sie lehnte in etner Ecke und durch das klei -
904 2045 2992 2285 ne Bodenfenster wurde sie schwach beleuchtet.
914 2180 3029 2441 Sie war es, es war Aphrodite und Amadeus sah
917 2333 3089 2560 Aphrodite wieder! Schon lag er an thren Lippen.
936 2519 2617 2722 "Werdet varm, werdet warm!" rief er,
931 2711 2069 2897 Es war dämmrig geworden.
960 2803 2913 3037 "Aphrodite", rief er, "es wird Nacht, der
947 2916 2946 3172 Mondschein kommt wieder wie damals, und wie
960 3072 2967 3337 damals küsse ich Dich wieder. Ich habe Dich
963 3218 3021 3509 gesucht, wie ich Dirs gelobt habe — ich habe
952 3383 3108 3625 Dich nicht gefunden.... sprich, werde ich Dich
