3464 4248
2884 480 3023 675 15
884 719 1113 906 tet"
884 845 3048 996 Wer hätte geglaubt, dass diese im Ton des lie¬
884 1021 2959 1157 benswürdigsten Weltmanns gesprochenen Worte,
887 1185 2817 1300 aus, dem Munde des Träumers Amadeus kamen!
867 1339 2914 1442 Das junge Määdchen drehte sich scheinbar er¬
878 1456 2906 1604 schrocken um und nichte letse mit dem Kopf.
892 1612 3082 1749 Theobald gewandt in solchen Dingen hatte schon
892 1740 2992 1888 ein Gespräch mit der gleichfalls hübschen Be¬
887 1891 2976 2050 gletterin des Fräuleins angehnüpft, das sich
895 2108 2928 2203 um den ausserordentlicht Besuch des Gartens
887 2200 3037 2418 drehte und darauf hinaus hielte die beiden Da¬
876 2398 3118 2521 men zu einem kleinen Souper einzuladen. Amadeus
895 2563 2981 2705 sprach einige Minuten gar nichts., er wurde
887 2702 3029 2858 nur abwechselnd rot und blass, bis er endlich
884 2825 2917 3020 einige Worte hervorbrachte. "Sie kommen oft
884 3012 2055 3201 hierher, mein Fräuleins!“
906 3168 2872 3285 "Nein, nicht oft. Heute nur ausnahmsweise.
878 3333 2875 3483 Die Eltern sind auf dem Lande für ein paar
895 3472 3121 3650 Tage eingeladen und da konnte ich heute das er¬
898 3609 2945 3821 stemal mit meiner Freundin allein spazteren
