3416 4168
2762 335 2914 515 89
767 571 2900 828 auf, dass er nur in ihrem Besitz süssesten Ge¬
781 720 2787 1008 nuss finden, dass er in ihren Armen dichten
820 989 2992 1310 „Wenns auch in der Stadt dort nicht gehen wird“
784 1003 1086 1172 könne.
812 1122 3041 1438 warf der Fremde scherzhaft fortfahrend hin,
828 1307 3005 1587 so versuchen wirs mit einer Komödiantenfahrt--"
848 1474 2922 1767 „Und ich werde wieder den Tannhäuser spielen“
853 1596 2994 1873 spach Amadeus, während seine Wangen fieberhaft
861 1870 1385 2041 glühten....“
873 1922 2396 2194 "Ihr spieltet je einen Tanhäuser"
892 2102 2501 2321 "Kennt ihr den!" fuhr Amadeus fort:
878 2235 2604 2485 Der Erde Schwellen schliesst mir auf,
884 2421 2346 2651 An ihren Busen will ich sinken,
906 2559 2632 2778 Und Lust in ihren Lüften trinken.....
939 2698 2983 2953 „Welch ein Zufall“, rief der Andre aus. Hat
922 2798 2947 3125 man euch etwa erzählt, wer diesen Tanhäuser
947 2928 3174 3277 gedichtet? Von jenem Menschen erzählt, der stets
953 3188 2399 3396 umherwandelt von Ort zu Ort—"
989 3277 2668 3535 „Wie, so wäret am Ende ihr selbst...“
