3480 4248
2802 451 2924 633 31
841 639 2885 855 Liebesabenteuer dauerte gar nur einen Abend
849 819 2241 1018 und sie fragte nicht um mich!"
869 952 2929 1167 "Ja einmal sage sie Minna hätte nach Dir ge¬
846 1101 2174 1320 fragt und ich antwortete...“
869 1275 1173 1419 "nung"
866 1402 2855 1627 "Nun, Du seist verreist. Was antwortet man
846 1585 1986 1757 wohl in solchen Fällen?"
846 1762 2119 1934 Beide schwiegen ei e Weile.
373 1856 490 2047 2
852 1876 2927 2083 „Venus, Venus, “ rief Amadeus plötzlich. “So
858 2006 3057 2221 schwebte sie dahin, so weiss und schmtegsam war
852 2160 3076 2382 ihr Nacken." Dabet wies erauf eine wunderschöne
844 2318 2849 2556 Frauengestalt, die einige Schritte vor ihm
852 2537 1084 2647 ging.
858 2639 2011 2833 "Träumst Du? tràumst Duf'
863 2728 2993 2957 "Lass much, Theobald, lass mich ihr nachgehen,
841 2929 2927 3162 vielleicht habe ich sie gefunden, die Göttin
841 3129 1798 3297 meines Traumes! ——»
838 3225 3043 3458 Theobald schüttelte den Kopf. "Du bist ein Narr
844 3383 2985 3621 geworden, Amadeus, ein grosser, grosser Narr.'
841 3580 3010 3712 Und er wandte sich weg von ihm, im Gewühl ver¬
833 3721 1364 3892 schwindend.
