3528 4328
832 755 2917 941 sucht nach dem Herzen ethes Wetbes, das Dich
815 936 2878 1088 Amadeus, L liebt, wahrhaftig liebt und ein
837 1082 2588 1249 solches hast Du noch nicht gefunden."
840 1221 2968 1373 "Ich kann nicht lieben", rief Amadeus aus und
843 1381 2960 1550 schaute mit schmerzlich stummem Aug zu Boden.
848 1522 3008 1686 "Er innerst Du Dich noch", fuhr er leiser fort,
851 1632 3025 1829 und wandelte langsam an der Sette des Freundes
851 1824 3118 1976 weiter, "erinnerst Du Dich, wie ich vor ein paar
846 1970 3033 2137 Jahren, ich war fast noch Knabe, verliebt war?
848 2120 2999 2297 Die Seligkeit jenes schönen Sommerabends wird
863 2314 3033 2441 mir nie, niemals aus dem Gedächtnis schwinden,
871 2441 2886 2593 denn ich war seither nie mehr so glücklich.
865 2621 3050 2748 Und damals glaubte ich noch an mich. Ich uetss
877 2762 2816 2957 Ja noch wie ich oft voll vom Eindruck der
879 2920 3013 3070 süssen Stunden, die ich mit ihr verlebt, nach
874 3058 3010 3199 Hause eilte und Gedichte, Lieder schrieb, die
879 3225 2954 3385 so schnell und letcht aus der Feder flossen,
891 3366 3016 3523 dass ich mich selbst für ein Gente hielt. Ich
891 3515 3143 3721 las vor, was mir begeisterte Minuten eingegeben,
894 3678 3078 3822 man lobte mich, pries mich. wünschte mir Glück
