3432 4184
2723 480 2850 651 52
910 665 3007 820 Die Menge wich scheu zurück und starrte ver¬
935 792 3181 991 wundert auf den Poeten, den man sogleich als den
935 963 3085 1154 schönen jungen Mann erkannte, der seit einiger
926 1103 3080 1283 Zeit der stete Begletter der Gräfin Lucta war.
952 1266 2939 1449 "Der Herr ist sehr gütig." sagte nach einer
935 1421 3001 1612 Pauss allgemeiner Betroffenhelt der Direktor
949 1581 3142 1746 verlegen. "Aber der Herr meint es nicht ernst."
1014 1704 3178 1940 der Direktor lächelte verständnisvoll - "Nein,
943 1887 2900 2052 nein, der Herr macht nur einen Witz, hihi,
957 1999 2695 2204 der Herr ist ein Spassvogel, hihihi!"
949 2207 2979 2353 Der Wirt begann nun auch mit einer gewissen
966 2341 3198 2521 Vornehmheit zu lachen, bis Amadeus mit Nachdruch
960 2501 3071 2659 sagte:“ Ich bin kein Spassvogel und ich na che
957 2639 3153 2813 keinen Witz. Im Gegenteil, ich würde es mir zur
957 2844 3195 3060 Ehre anrechnen, wenn ich von heute an eurer Ban¬
971 2951 2768 3105 de, Herr Direktor, angehören dürfte. "
969 3102 3229 3282 Lautlose Stille herrschte ringsum. Dem Hanswurst
983 3268 3231 3509 blieb ein Witz, den er soeben von Stappel lassen
980 3405 2948 3678 wollte, in der Kehle stecken und die Leute
