3320 4184
2679 692 2859 849 115
755 868 2899 1093 "Wenn Sie wollen — hier haben Sie meine Geige,
749 1031 2634 1236 ste tst aber ein bisschen vestimmt. "Er
760 1219 2042 1384 schüttelte wieder den Kopf.
775 1333 3016 1543 "Warum schütteln Sie denn immer den Kopf", fra -
772 1515 1261 1703 9te Ernst.
794 1643 2998 1811 "Ja, das ist eine lange Geschichte, weil es die
786 1791 2620 1990 Geschichte meines ganzen Lebens ist. "
800 1942 2998 2133 "Etne merkwürdige Geschichte muss das sein, die
786 2110 2961 2284 Sie dazu gebracht hat immer den Kopf zu schüt -
797 2261 1165 2446 teln. „
806 2435 3013 2574 "Gar nicht merkwürdig. Ganz gewöhnlich. Mir ist
809 2566 2924 2734 eben das Meiste was ich gesehen hab, sehr zum
792 2728 3024 2893 Kopfschütteln vorgekommen, wenigstens in meinem
809 2848 2964 3058 Leben hab ich noch über Alles den Kopf schüt —
823 3041 1466 3226 teln müssen."
837 3138 3127 3343 "Herr Kapellmeister ich versteh Sie nicht recht.2
851 3303 2981 3480 "Mein liebes junges Fräulen, Sie werden viel -
823 3494 2993 3645 leicht nie begretfen, was in diesem Kopfschüt.
