3304 4152
2651 701 2838 873 126
862 848 1331 1029 "Amadeus!"
854 986 1778 1164 "Ich bins Theobald."
834 1142 2925 1348 Er war es. Er sah ganz so aus, wie vor einem
839 1303 2928 1498 Jahr. Es waren dieselben in Sehnsucht vergeh
862 1489 3016 1639 enden Augen, dieselbe schlanke, schöne Gestalt
854 1611 2911 1806 "Ich bin es Theobald - Theopald" wiederholte
839 1781 1009 1877 er.
828 1891 2908 2097 Dieser lächlte. "Ja ich bin es, wenn auch im
825 2080 2855 2261 Hausroch, vehetratet, Zigarren rauchend und
831 2241 2852 2385 Zeitung lesend, — kein lhantast mehr - aber
839 2351 3112 2549 ich bin Theobald geblieben. Und wie geht es Dir?“
842 2518 2679 2716 "Also Du bist verheiratet, lange schon?"
839 2645 1351 2855 "Ein Jahr.“
817 2804 2021 3001 ALso Du bist verheiratet!
839 2948 2936 3126 „Du kannst Dich gar nicht fassen! Ja, ja, die
808 3089 2985 3270 Jugendzeit schwindet, die Phantasie weicht dem
811 3261 1693 3448 Realismus, und....
820 3400 2976 3635 "Theobald schlüpft in den Hausrock" vollendete
803 3578 1198 3719 Amadeus.
