3416 4168
2936 439 3067 568 94
909 568 3104 777 es ist sol Gerade euch will tohs gestehen, dem
892 713 3118 940 zwischen mir und euch besteht jede Wahlverwandt.
920 917 2919 1043 schaft des Zuetfels, der uns beide unglück-
909 1040 3157 1258 Iich macht. Ach, ich habe fast alle Hoffnung auf-
914 1180 3101 1379 gegeben. Noch diesen letzten Versuch. Ich will
912 1359 3012 1544 mich das nächste Mal, wenn sie kommt, verber-
926 1490 2967 1686 gen und ihre Züge „ thre Gestalt betrachten,
934 1655 2754 1857 Ihre Stimme, ihr Gespräch belauschen.
945 1834 2925 1997 "Ich verstehe euch", erwiderte die Malerin,
931 1952 3132 2148 mit einer etwas zaghaften Stimme, "und deswegen
942 2122 3048 2301 trate ich einer Begegnung nicht entgegen, die
940 2296 2900 2477 die euch vielleicht glücklich machen kann.
928 2422 2956 2623 „Lebt wohl“, sagte sie plötzlich, und wandte
942 2564 3188 2757 sich zu ihrer Staffelet. Sie legte eine neue Lin
940 2735 3000 2925 wand vor sich hin und führte die ersten Pin-
951 2886 3020 3101 selstriche. Amadeus reichte ihr die Hand und
968 3056 1653 3230 entfernte sich.
