3464 4216
2743 303 2871 465 42
847 479 2919 714 edler Mann." Die Leute waren bei der Schenke
850 640 3021 878 angelangt und xxx Hanswurst introduzierte sich
861 776 2890 1006 indem er mit einem Purzelbaum durchs offene
861 935 2899 1142 Fenster in die Wirtsstube sprang, wo einige
867 1068 2995 1281 biedere alte Bauern sehr erschreckt von ihren
876 1199 3134 1440 Sesseln aufsprangen. Aber schon öffnete sich die
881 1397 3060 1627 Türe und der Wirt gefolgt von der ganzen Bande
890 1556 3151 1734 die etwa aus sechs bis acht Köpfen bestand, trat
893 1697 3111 1927 ein. Er liess Wein auf die Tische geben und war
910 1842 3092 2057 so liebenswürdig, selbst dem Künstlervolk zuzu-
921 1975 2984 2222 trinken und sie zu reichlichem Genuss aufzu-
912 2171 3137 2395 fordern. Er setzte sich endlich zu dem Direktor
924 2307 2295 2522 und kam mit ihm ins Gespräch.
944 2451 2947 2647 "So ein Mensch, wie ich hat doch nie Ruhe!"
927 2616 3117 2817 sagte der Direktor und streckte sich behaglich
944 2732 3026 2981 indem er einen tüchtigen Zug aus der Flasche
946 2992 1301 3148 machte.
963 2992 3245 3273 "S ist aber doch ein recht lustiges Leben", mein-
966 3287 1533 3477 te der Wirt.
972 3330 2854 3613 "Ja lustig, lustig - aber beschwerlich!"
