3512 4184
2804 454 2942 607 64
780 565 3125 807 den Kopf. "Heute in einem Jahr, um dieselbe Nacht-
780 777 2901 934 zeit, werde ich hier an diesem Fenster stehen
777 922 3131 1110 und Dich freudig erwarten. Dann will ich mich ganz
786 1075 3016 1246 und gar Detner unendlichen Liebe hingeben, Ama¬
786 1231 2948 1384 deus und Dich in Gluten umarmen, wie Du sie so
780 1372 2948 1543 heiss noch niemals gefühlt, dann will ich ganz
772 1546 2810 1711 Dein sein..... aber bis dahin - lebe wohl!"
777 1679 3110 1852 Sie wandte sich um und verschwand in ihrem Zimmer.
775 1832 3001 2011 Des Amadeus verlangende Liebe war nun durch die
795 1994 2904 2168 süssen Versprechungen des schönen Weibes aufs
777 2138 3139 2306 höchste gestiegen. Er wollte zu ihr hinauf und sie
801 2297 2848 2474 gegen ihrem Willen mit starker Hand umarmen.
777 2447 3004 2630 Er flog beinahe die Treppe hinan, und 1 tef fast
789 2597 2986 2774 durch die Gänge, die zu Luotens Zimmer führten.
775 2745 3045 2939 Er riss die Tür auf - das Zimmer war leer. Lucia
777 2892 3116 3092 hatte wohl geshnt, was Amadeus nun im Sinne hatte-
783 3066 3045 3260 drum hatte sie ihre Kammer verlassen und sich in
792 3213 2960 3387 eine andre geflüchtet. Unser Poet fühlte sich
789 3384 3098 3555 dennoch von einer eigentümlichen, atembenehmenden
772 3507 2954 3725 Luft umscht, es presste ihn auf die Brust, als
