3496 4248
2936 449 3083 582 25
961 598 3080 839 ich stehe, da und starre hinaus ins Leere — —“
953 776 3000 970 Er wandte sich um und sah auf die Wand, auf
972 903 2856 1116 ders vom Kerzenlicht unsicher flimmerte.
992 1044 3058 1296 "Muss ich vielleicht Dich selbst noch lieben
975 1258 3047 1440 Göttlin der Liebe, um wieder Poet zu werden,
961 1360 2908 1582 Dich selbst schöne, wollüstatmende venus!
972 1501 3205 1734 Und er trat vor die stille, marmorweisse Statue
986 1654 3102 1906 Aphroditens, die im Mondlichte ruhig das tand,
997 1825 3033 2050 bläulich schimmernd, bewegungslos. "Du bist
1003 1978 3091 2202 kalt und steinern und stumm; Dein Busen hebt
1006 2158 3191 2352 sich nicht und Deine Lippen bewegen steh nicht
1014 2299 3105 2496 und Du hast kein Herz, das lieben könnte. Oh
1008 2385 3233 2651 könntest Du erwarmen an metner Brust und könnte
997 2634 2634 2831 Dein Mund erglühen an dem meinen!"
1011 2781 3066 2975 Und Amadeus, schlang die Arme um den weissen
1019 2931 3202 3122 Nacken der steinernen Göttin und lehnte seine
1028 3061 2499 3271 Wange an ihre kalte bieiche....
1025 3205 3125 3426 Da war es o ihm plötzlich, als wehte ihm aus
1036 3341 3127 3562 den halbgeschlossenen Lippen Aphroditens ein
1047 3526 3194 3753 warmer Hauch entgegen; ihr Nacken wurde weich
