3448 4152
2909 357 3038 502 82
378 491 547 706 24
891 692 2609 931 „Kein irdtsch Liebchen nenn ich mein,
867 880 2276 1095 Mein ist die Welt, die weite!
1041 1108 2995 1366 Ganz verstört, die Augen trübe und einsam
910 1286 2890 1540 dahinwandelnd, schritt Amadeus am nächsten
896 1438 2896 1704 Morgen, betm ersten Erglänzen des Frührot
912 1597 3046 1841 zum Tore hinaus. Verdüstert und missmutig sah
931 1766 2949 2007 er zu Boden. Sein Blick richtete sich nicht
942 1892 2995 2155 in die jungfräulich rührende Ferne, die noch
953 2056 2885 2308 in der stillen Umarmung des Morgengrauens
953 2244 3017 2431 schlummerte. Aber der Tag nahte heran. Alles
953 2362 2931 2582 schien sich neu zu beleben und das Morgen-
961 2531 3121 2743 grauen floh, in einer letzten Umarmung die er
963 2662 2960 2869 wachende Ferne an sich pressend. — Amadeus
980 2826 3089 3038 schritt seine Strasse wetter; die Miene stets
982 3003 3062 3212 gleich unverändert. ; vielleicht einige Stun-
985 3100 3025 3360 den lang, bis er endlich müde ward und sich
993 3274 3051 3537 auf einer Wiese unter einem Baume niederwarf.
