3528 4328
2901 525 3032 676 11
893 702 2907 867 Zeiten jetzt anders geworden sind? Wetl Du
910 859 2984 1067 jetzt von keiner Lilly an diesem Tor zum Ab¬
916 1030 2673 1198 schied geküsst wirst, ueil."
910 1158 3092 1349 Er hielt plötzlich inne und sah einer Mädchen¬
930 1321 3092 1503 gestalt nach, die an dem Arm etnes Jungen Man¬
916 1449 3081 1660 nes eben an den Freunden vorübergewandelt war,
930 1683 1920 1789 ohne sie zu bemerken.
941 1797 2804 1980 "Hast Du sie gesehen!" fragte Amadeus!“
938 1954 3038 2108 Theobald zwang sich zu einem scherzenden Ton
930 2119 2787 2251 und sagte!"Sie tst gescheidter als Du."
947 2282 2975 2413 "Ich liebe sie nicht mehr, Theobald, gewiss
938 2396 3129 2570 nicht“, erwiderte der andre, indem er die Hand
964 2573 3092 2693 des Freundes fasste und mit ihm in den Garten
961 2698 3109 2884 trat, aber ich habe es doch gefühlt: die Erin¬
956 2827 3143 3061 nerung an diese Liebe lebt in mir und sie lebt
958 3021 3046 3186 unvergänglich und glüht fort und fort, keine
961 3183 2473 3357 Liebe mehr aber eine Einnerung.“
3258 3246 3386 3417 le
973 3340 3095 3494 "Das ist Dein Fehler Amadeus, dass Du zu sehr
973 3452 3201 3645 fühlst. Jeder Mensch muss Gefühl haben und Herz
978 3657 3106 3817 sonst verdient er nicht den Namen eines Men¬
984 3800 3275 3962 shen. Aber er darf nicht ganz in Fühlen, aufgehen.
