3496 4248
2752 418 2880 549 37
816 599 1897 852 Aphrodtte, Achrodttol“
833 710 3075 989 Theobald stand neben ihm. "Amadeus bist Du wirk-
847 911 2885 1156 lich ein Narr geworden? O der unglückselige
861 1072 2966 1298 Traum; ein Schwärmer warst Du schon, steh zu,
855 1228 2891 1443 Amadeus, dass Dir nichts ärgeres geschieht.
874 1387 2941 1587 Mit diesen Worten führte er ihn weg, und ver
891 1504 3002 1735 lassen wie früher, wardte einsame Stelle. Die
891 1682 3102 1941 Blumen schliefen wieder ein und ruhig schlummer
913 1824 2938 2058 te die Luft über thnen. Nur von fern drang
922 2005 3083 2206 das Gelärm des Maskenballs her, aber auch das
925 2150 3105 2370 verstummte bald, es wurde stiller und stiller.
930 2273 3133 2545 Es war am nächsten Morgen, als über die Brücke,
955 2429 3100 2693 die von der Stadt ins weite Land hinausführte,
952 2576 3102 2807 unse Freund Amadeus schritt, der Sonne entge-
964 2713 3100 2969 gen,, die am Himmel heraufzog und über die Häu¬
972 2902 3189 3130 ser strahlte, die Amadeus für wer weiss wie lan¬
991 3038 3108 3278 ge verlassen. Er dachte Achredite draussen zu
997 3197 3036 3428 finden und wanderts in die endlose Welt und
1000 3361 3144 3604 fühlte seine Brust jetzt so froh und frei, ge-
1005 3520 3011 3751 schwellt von den schönsten Hoffnungen, die
