3464 4184
357 381 484 538 t
2728 619 2912 773 109
900 886 1448 1075 Blick traf.
921 916 3101 1207 "Sie haben mich also auch bemerkt, Fräulein...“
932 1213 1759 1375 "Ich heisse Elsa."
940 1337 2099 1534 "Elsa! Ich hetsse Ernst.
954 1564 1351 1680 "Ernst!"
975 1578 3069 1823 "Ach wie schön Sie den Namen aussprechen, das
970 1791 2066 1980 wissen Sie gar nicht. "
978 1937 2207 2123 Beide schwiegn eine Weile.
994 2099 2763 2266 "Haben Sie Mut, Elsa?" fragte er dann.
1008 2250 1956 2431 "Wehalb fragen Sie?“
1026 2339 3155 2580 "Nein, Sept, tch will Sie nicht fragen, ich war
1029 2437 3052 2742 im Begriffe einen Unsinn zu reden! Freilich
1024 2626 3147 2871 bei mir selbst steht der Entschluss unabänder
1040 2869 1583 3036 I toh fest."
1048 3023 1732 3193 „Welcher?"
1083 3115 3074 3347 "Nun Elsa, hören Sie, aber wundern Sie sich
1059 3306 2717 3495 nicht — der Entschluss zu fliehen.“
1078 3468 2574 3671 Sie machte eine erstaunte Miene.
