3416 4232
2856 312 2991 549 46
914 560 3185 906 hett. Sie selbst aber sass mit dem Poeten Amade¬
934 661 3188 1080 us im grossen Ahnensail des Schlosses und blick-
962 990 2032 1168 te ihn eigentümlich an.
974 1041 3165 1269 "Du bist mir heute unbegreiflich, Lueta", sagte
965 1182 3123 1446 Amadeus. "Du warst nte so kalt, se etstg kalt.
982 1351 2977 1598 Kein Wort der Liebe, kein Händedruck -kaum
2181 1511 2316 1612 D
1005 1517 2060 1745 ein sanftes Lächeln. "
1021 1604 2994 1882 "Warum soll ich meine Launen nicht haben?"
1035 1778 3222 2060 fragte Lucia. "Ich bin fest entschlossen, so zu
1047 1919 3165 2206 bleiben bis Du wieder mein Lächeln und meinen
2214 2088 2594 2214 G.F.S.
1041 2206 2096 2369 Kuss errungen hast. “
1080 2274 3028 2600 "So sprich doch, wie ist mir das möglich?"
1064 2380 3143 2735 Sie schwieg einen Augenblick, dann stand sie
1075 2510 3244 2904 schnell auf. und sprach: "Amadeus höre mich an!“
1120 2800 2234 2963 "Du hast Dich besonnen!"
1117 2805 3275 3194 "Javohl - und erfahre denn, dass ich Dein sein
1131 2997 3149 3346 will, sobald — sobald Du ein Jahr mit jener
1128 3129 3241 3509 Seiltänzerbande, die heute ins Dorf gekommen.
1142 3329 3312 3655 umhergezogen bist, und unter thnen, ihre Kilnst
1151 3483 2259 3770 und ihr Spiel erlernt###
