3352 4136
2618 555 2797 754 132
787 726 1546 886 Amadeus schwieg.
795 875 2673 1049 „Willst Du noch immer Aphrodite suchen?"
795 1035 2786 1220 Lilly trat in diesem Augenblick ins Zimmer.
784 1149 2952 1353 Sie wurde bleich, als sie den Fremden und doch
804 1309 3026 1502 so Bekannten wiedersah, fasste sich aber schnell
804 1447 2861 1651 und fragte im liebenswürdigsten Ton der Haus
817 1618 2855 1809 frau: "Ah - Herr Amadeus... Sie bleiben wohl
806 1759 1486 1927 zu Tische da?“
795 1878 2891 2107 Da faltete sich det Stinre des Herrn Amadeus.
804 2065 2775 2264 Er blieb nicht zu Tische da und stürzte in
809 2198 2858 2391 hellem Zorn zur Türe hinaus. Als er auf der
801 2350 2866 2554 Srasse war, dachte er: "Und so empfängt mich
817 2518 2866 2695 die Jugendgeliebte! Frägt mich, ob ich zu Ti
809 2643 2825 2858 sche dableiben will! Und kein Wort der Er -
817 2794 2968 3004 innerung... und jehe Spanterln... kauft Gemüse
862 2968 3018 3153 ... und das hübsche braunäugige Mädohen ist Ban
820 3106 2767 3322 quiersfrau... und mein Freund Theobald.....
817 3275 1720 3471 Himmel „ Himmel!“
804 3402 2874 3598 Seine Gedanken waren mit einemmal lauter und
