3528 4328
887 752 3060 873 zu meinen Talenten— o wie viele Küsse erhielt
887 946 3049 1058 Ich von ihr für jeden gelungenen Vers, der th-
884 1064 2906 1199 ren blauen Augen, threm blinden Haar galt."
876 1196 2824 1331 Er schwieg eine Weile. "Und jetzt, jetzt",
2586 1320 2844 1429 nach
887 1373 3091 1516 fuhr erlangsam fort,- "wenn ich mich einsam¬
896 1508 2866 1673 en Spaztergängen zurückkehre, mich an den
876 1665 3007 1808 Schreibtisch setze, in dichtertsdher Stimmung
882 1856 2962 1965 und der Abendwird, zum Fenster, hereinweht, da
882 2005 3139 2151 glaub ich: jetzt gelingt mir ein Sted, jetz t wil
884 2137 3085 2294 ich schreiben was ich fühle und denke- und The¬
887 2297 2872 2440 obald, Theobald- es gelingt mir nicht, die
893 2451 2914 2586 Quelle der Poeste ist vestegt, ich bin hetn
865 2586 1654 2740 Dichter mehr — 1"
873 2712 3060 2875 Und in diesem Augenblich war die Wolke vor dem
859 2869 3080 3057 Mond verschwunden, seine weissen Strahlen küss¬
873 3060 2979 3164 ten die schlafenden Bäume und die ganze Land¬
870 3220 3085 3403 schaft lag in träumerisch blauem Lichte zauber¬
865 3352 1555 3521 haft da
430 3369 738 3560 10 1879
868 3476 2858 3678 „Und weil Du keine Verse schreibst bist Du
865 3627 2799 3815 kein Dichter,- Amadeus?“ spragh Theobald.
870 3770 1370 3914 „Dion htor
