3352 4136
2667 421 2818 597 68
728 597 2724 825 Amadeus schüttelte den Kopf, und lächelte.
762 774 2972 930 "So meint ihr wirklich, dass der Volksgeist, der
759 887 2969 1106 die Sage geschaffen daran dachte eine Moral hin
762 1049 2858 1274 einzulegend Glaubt mir, ungesucht und frisch,
762 1189 2875 1416 wie der Quell aus dem Fels sprudelte die Sage
774 1376 3057 1547 aus dem Herzen der Natten. Und der als der erste
774 1530 2881 1729 die Geschichte vom Tannhäuser aufschrieb, der
788 1689 2989 1834 dachte gewiss nur an die Schicksale des unglück¬
779 1843 2955 2036 lichen Ritters, an seine Liebe, an soin Sehnen.
782 1991 2889 2141 an seinen Abschied, an seine Verzweiflung, er
793 2116 2960 2338 dachte an die Liebreize der genus, an ihre ver¬
796 2264 2932 2437 füherische Schönheit, an die Glut ihrer
796 2451 2932 2596 Umarmungen. Für ihn war Tannhäuser der Mensch,
802 2608 3074 2764 der ebenso seine Schicksale hat, wie jeder andre,
793 2716 3000 2923 nur dass sie sich bei ihm abenteuerlicher, mär¬
802 2892 2980 3100 chenhafter gestalteten. Venus war für ihn, de
805 3046 2869 3222 verführerische, wunderbar schöne Göttin. Er
802 3145 3023 3390 wollte Tannhäusers Geschicke nicht ins Allgemei¬
813 3322 2983 3572 ne ziehen, Moral aus ihnen herauspressen.,
799 3518 2963 3720 es seine Nachkommen versucht. Und wenn in phi¬
