3512 4344
2830 613 2928 744 8
842 778 2833 978 dass das einsam wandelnde Menschenkind wie
833 938 3067 1120 verzaubert stehen blieb ;- und das holde Antlitz
836 1076 2937 1273 war das Antlitz einer Waldnympfe und ste nahm
848 1236 2894 1438 das Menschenkind mit in ihr unbeschreiblich
848 1406 3030 1577 Schönes Betch; da waren sie beide so glücklich
848 1545 2685 1771 und seltg. kennst Du das Märchen?..
851 1699 3140 1864 Und das glückliche Menschenkind vor ein Peet und
865 1866 2995 2040 es hat hell und schön gesungen an dem welchen
865 2008 3093 2167 schuellenden Busen der Nympfe.... Amadeus, sie
877 2182 2920 2329 erscheint nicht, kein holdes Augs schtmmert
871 2338 3091 2483 hervor zwischen dem grünen Gezweig, einsam ists
865 2451 3073 2642 hier und nur der Wind raschelt leise durch die
883 2645 3206 2810 bewegten Wipfel. Ketne Nympfe erscheint und liebt
865 2749 3119 2966 Dich, das glückliche selige Menschenkind, armer
874 2917 2989 3102 Amadeus!" Er sah denselben einen Augenblich
900 3064 3030 3267 still an. "Wach auf", rief er dann. "Du musst
883 3250 2911 3438 Dir Deine Nympfe suchen in der prosatschen
891 3371 3064 3551 Welt, die da vor uns liegt, hell und glänzend,
894 3562 2998 3713 schöner und leuchtender als diese nächtliche
888 3692 1568 3959 Einsamkeit. „
