3432 4200
2759 395 2893 558 77
830 580 2849 779 Tanhäuser oder Amdeus kleidete sich um und
844 732 3101 973 ging dann in der grossen Strasse des Dorfes lust
844 889 2759 1091 wandeln. Es war ihm ganz sohwill ums Herz.
836 1007 3008 1262 Er hatte heute oft den warmen Hauch des jungen
838 1189 2846 1458 Mädchens, das dte worden spielte, an seinen
861 1337 2975 1548 Wangen gefühlt und hatte sich in den Gedanken
861 1494 2989 1736 hineingelebt, es set der Hauch von Luotas Lip-
869 1685 2893 1879 pen. Mehr und mehr liess er sich von dieser
878 1792 3070 2024 süssen Einbildung umgaukeln und auch jetzt, als
886 1974 2882 2162 er sich in der freien frischen Luft befand,
886 2139 3067 2324 verliess ihn die Bilder seiner aufgeregten Pha¬
1222 2148 1332 2243 en
892 2296 3034 2467 taste nicht. Glühender und glühnder fühlte er
897 2431 3093 2602 sich von unendlicher Sehnsucht nach Luota durch
894 2557 3146 2756 drungen, er hätte alles hergegeben, um sie jetzt
906 2742 3067 2944 an stch zu pressen und mit ihr zu verschmelzen
911 2877 3135 3081 in einem einzigen heissen, liebes durstigen Kuss.
900 3050 3084 3258 Er warf stch auf einer Wiese nieder, als er das
897 3191 3067 3376 Dorf verlassen und sah in den blaudunkeln Him-
914 3362 3008 3558 mel hinauf, wo sich sein Blick schier verlor,
917 3530 2893 3676 th den fernen Höhen. Bald schtens ihm, als
