3320 4168
750 459 1442 711 0
2809 603 2986 736 124
883 761 2469 933 ein unendlich trübseliges Gesicht.
894 927 2992 1046 "Ah gewiss eine unglückliche Liebt", vermutete
886 1035 1550 1226 die Soubrette
891 1196 1514 1381 "Nein, nein!"
897 1303 3122 1616 „Nun, was könnte denn sonst dazu kommen12 fragte
899 1514 1458 1688 das Mädchen.
908 1633 2435 1832 "Ach - ich - bin — durchgefallen.
886 1771 3113 1984 Während ein allgemeines Gelächter erscholl, sah
899 1990 3113 2178 der Lehramtshandidat trüb auf seine Fussspitzen
886 2112 1223 2291 nieder.
905 2231 2474 2449 "Also auch Siell rief der Student.
899 2408 3017 2593 "Wir alle, wir allen, sind durchgefallen", rie
886 2549 3100 2756 fen die um den Tisch Sitzenden. Sie standen auf
891 2751 2997 2906 und reichten sich die Hände, während der Stu
894 2853 2917 3097 dent der Soubrette einen ganz unmotovierten
880 3022 1320 3205 Kuss gab.
891 3169 2715 3338 "Und was jetzt anfangen? Ernst.
908 3293 2862 3473 "In die Ferne", erwiderte der Student. Wir
883 3462 2997 3733 versuchen unser G lück draussen in der weiten
