3368 4152
2875 359 3000 516 91
443 505 768 784 24/V
1167 643 3073 870 Das schöne Antlitz hoch gerötet stand d###
897 830 3032 1022 Malerin in ihrem Atelter; die blinkende Augen
919 962 3092 1170 starr auf das Gemälde gerichtet, das zerrissen
919 1111 2959 1411 zu thren Füssen lag. Amadeus trat in diesem
930 1265 3097 1486 Augenblicke ein und blieb erstaunt an der Türe
949 1411 3105 1711 stehen. Sie bemerkte ihn, trat ihm schnell und
957 1546 3100 1846 so unbefangen als möglich entgegen und reichte
967 1821 1586 1997 ihm die Hand.
976 1867 3038 2151 “Gerade heute“, sagte er darauf, “wo ich das
976 2011 3089 2292 erste Mal eure Wohnung besuche, muss ich euch
989 2189 2575 2457 in Aufregung und verstört finden!"
997 2338 3148 2603 "Ach es war nichts!" sagte sie und atmete tief
997 2603 1195 2762 auf.
1008 2627 2797 2927 "Wart Ihrs, die dieses Bild zerrisset?"
1030 2773 3140 2994 "Ja ich - es geftel mtrnicht., Es war ein Per¬
1024 2932 3097 3151 trait, das ich nun schon sum dritten Male zu
1011 3075 3184 3292 malen angefangen hatte und das Original ist so
1027 3213 3132 3446 schön, das es mir bis jetzt nicht gelang, die
1024 3400 3116 3638 wunderbare Schönhett auch in das Bild hinein
