3400 4136
917 379 2955 662 „Ja ich selbst schrieb jene Verse vom Tanhäu¬
904 647 1805 851 ser und der genus!“
909 678 2976 1023 „Und ich“, erwiderte Amadeus, “Ich habe sie
930 816 3034 1161 erlebt. — Ich bitte euch, nehmen wir den Weg
954 951 3095 1306 dort hin zu — ich will euch erklären, was mich
949 1132 2878 1465 nach jener Richtung zieht — der Venusberg
970 1261 3063 1619 lecht gewaltig; und der arme Rittersmann Tan-
967 1553 2131 1831 häuser ist schwach.....
