3288 4152
2706 666 2890 870 125
830 798 1116 1057 Welt."
822 974 2599 1175 Der Kapellmeister schüttelte den Kopf.
838 1167 2861 1314 "Scuauen Sie, dass Sie draussen in der Welt
824 1274 2941 1469 nicht durchfallen - jetzt leben Sie wohl. Der
843 1461 2941 1630 alte Mann reichte allen die Hände, nahm Geige
848 1614 2960 1793 und Fiedelbogen zur Hand und trat zu den Must
848 1718 2997 1930 kanten. Während die zu spielen begannen, zogen
851 1900 2861 2069 die Durchgefallenen fort. Durch die matter
854 2066 2963 2256 hellten Stussen zogen sie, es war so still da
859 2170 2941 2382 und der Mond schten herab vom tiefblauen Him
859 2401 1057 2542 mel.
848 2462 2914 2668 Ernst hatte Elsa umschlungen und küsste sie.
867 2663 2922 2810 Von fern trug ein leiser Wind die Klänge der
854 2797 2987 3054 Musikkapelle zu thnen, durch die schweigenden
872 3008 1311 3161 Strassen.
867 3126 3011 3249 Amadeus ersachte. Der Kapellmeister ging eben,
872 3241 2976 3423 mit allen Mitgliedern seiner Bande an ihm vor
878 3407 2904 3573 über und sah ganz gleichgiltig drein. Noch
870 3522 2901 3763 halb vom Traum befangen rief Amadeus den Ka
