3432 4248
2768 511 2901 650 16
780 627 1122 791 gehen.“
797 766 2944 952 "Liessen Sie denn Ihre Eltern ganz allein hier
768 972 1910 1113 zärück!“ fragte Amadeus.
763 1096 2842 1235 Das junge Mädchen lächelte verschämt. "Nein,
783 1280 2859 1410 das Stubenmädchen ist auch xxxer und dte darf
766 1404 2907 1554 mich nicht aus dem Haus lassen; aber.. aber
819 1607 2836 1712 ste ist heute selbst spazieren gegangen.
768 1718 2791 1910 mit.... mit jemanden und da bin ich auch...
788 1896 2819 2009 spazieren gegangen.“ Sie sah ihn verstohlen
783 2037 3040 2204 an, mit einem so rührenden Kinderblick, dass man
783 2198 2958 2339 ganz gut denken konnte, es sei der Blick einer
780 2328 1294 2472 Waldnympfe.
1288 2463 2890 2641 "Da sind Sie auch spazieren gegan¬
336 2424 449 2670 2
780 2647 2768 2802 gen", wiederholte Amadeus und wusste nicht
771 2788 2944 2907 was wetter erwidern. Und wieder vergingen ein
766 2932 2856 3071 paar Minuten, in denen sie nichts sprach und
783 3085 2805 3260 er nichts sa9teJetzt nahm Theobald das Wort
768 3249 2235 3441 zu dem jungen Mädchen gewendet.
788 3393 2946 3596 "Ich hoffe mein Fräulein, Sie werden auch Ihre
766 3560 3037 3749 Zustimmung geben zu dem Vorschlag, den ich Ihrer
