3352 4120
2661 530 2800 698 67
775 709 2826 900 wozu sie schwängern mit dem Staub einer her¬
781 857 2105 983 beigezenten Gelehrsamkeit!!“
763 974 2846 1182 Der Direktor schüttelte überlegen den Kopf.
783 1159 3014 1319 "Mein lieber Herr, ihr sprecht nie ein Menschen-
786 1299 2951 1456 kind, das in den Tag hineinlebt, ohne sich wei
789 1444 2906 1587 tere Gedanken zu machen, über das Weshalb und
786 1592 2900 1729 Warum! worde ist die Kunst, das Gezierte, dat
789 1772 2900 1923 Unnatürliche, das Gemachte,xx das Affektterte,
789 1937 1273 2045 das “
818 2062 2914 2251 "Ich weiss schon, was Ihr meint, guter Mann!"
806 2205 2872 2325 unterbrach ihn Amadeus. "Und Tannhäuser ist
806 2373 2872 2547 das Menschengeschlecht selbst, das wohl ein
792 2484 3085 2695 Zeit lang an der Kunst Gefallen findet, dann aber
792 2666 3020 2894 wieder zurückkehrt in die Arme der freien, wer
798 2843 1396 2943 ten Natur. “
818 2980 2997 3125 “Sehr recht“, sagte der Direktor. “Ihr versteht
800 3102 3082 3310 mich recht.. Das ist es, was in der Sage liegt,
792 3285 2960 3456 Und die Moral ist: die Natur ist erhabener als
815 3464 1310 3575 dte Kunst.
