3304 4120
2777 627 2947 786 130
887 834 2923 998 Noch immer denkst Du an jenen Traum von Aph
903 977 1306 1158 roditer“
905 1057 2881 1298 "Immer, unaufhörlich und ich will sie noch
913 1277 3045 1439 immer suchen, an allen Enden der Welt, bis ans
903 1418 2920 1590 Ende meines Lebens. Und wie geht es hier in
921 1527 3011 1731 der Stadt — wie geht es jenem hübschen jungen
905 1712 2979 1872 Mädchen, dass ich nur einmal gesehen mit den
916 1874 2881 2055 braunen Augen - sie war ganz reizend, eine
916 2018 1779 2198 duftige Gestalt. “
929 2180 2413 2355 „Sie ist jetzt Banquiersfrau...
916 2297 3005 2488 Amadeus starrte ihn an.... wer ist Banquiers-
932 2480 1235 2655 fraur"
937 2628 3008 2806 "Die durftige Gestalt mit den braunen Augen."
953 2772 1928 2952 "Ist Banqatersfrauß?"
958 2931 1880 3098 "Ist Banquiersfrau."
950 3056 3000 3210 "Und jeje schöne Spantereln!" fragte Amadeus
945 3239 1776 3404 beinahe furchtsam.
958 3401 2583 3574 "Die sah ich zwei Tage später...  "
624 3574 733 3757 e
