3416 4168
2790 365 2987 576 84
826 519 3115 772 während er den Knotenstock leicht neben sich hin
824 732 2830 918 warf, "freilich darf man das wissen. Hört,
829 884 3004 1072 mein bedauernswerter trauriger Patron, ich bin
835 1043 2844 1265 lustig, wie ihr bemerken werdet, und swar-
841 1168 1927 1351 weil ich verliebt bin."
866 1243 2870 1573 „Ach Gott, der Liebe wegen glücklich!“ seuf
855 1482 1431 1682 z###e Amadeus.
875 1528 2839 1793 „O wenn ihr sie kenntet, meine Geliebte- e
869 1741 2856 1984 ihr kennt sie wohl — aber ihr versteht, ihr
872 1918 1824 2120 begreift sie nicht!"
892 1998 2984 2266 „Wie soll ich das verstehen!“ fragte Amadeus.
1117 2217 2950 2388 "Mein Teurer, ich bth auch Poet, - auch
895 2346 2625 2565 ein Grund weshalb ich glücklich bin.“
906 2536 2995 2710 „Glücklich der Poesie wegen? Glückich in der
892 2679 2494 2870 Poessel" seufzte Amadeus nochmals.
929 2822 2861 3018 “Und meine Lieder“, fuhr der Lustige fert,
915 2975 2876 3155 „dicht ich eben meiner Geliebten zu Ehren,
906 3121 2907 3349 die ihr nicht versteht und nicht begreift.
923 3295 2970 3534 "Frehe Leute sprechen sonst nicht so geheim¬
