3384 4152
2764 646 2932 792 131
888 850 1477 1059 “Nun, Nun, „
888 984 2742 1210 "Auf den Markt gehen und Gemilse kaufen."
880 1136 2346 1358 Amadeus schrak zurück..... Werg"
913 1328 1947 1488 "Die schöne Spanterin.
908 1468 2712 1636 "Gieng auf den Markt Gemüse kaufen...."
910 1612 2599 1798 „Ging auf dem Markt Gemüse kaufen. “
916 1760 2458 1944 „Gemüse kaufen", seufzte Amadeus.
918 1870 2964 2104 “Sie war nämlich die gehorsame Tochter einer
473 1983 578 2164 15
916 2068 2981 2255 ehrsamen Bürgersfamilie, die im gewöhnlichen
616 1969 781 2200 XII
902 2244 1411 2412 Leben....“
935 2362 2989 2568 "Ich bitte Dich, sage mirs lieber nicht! Und
932 2511 2423 2717 hast Du was von Lilly erfahren?"
935 2665 1842 2835 "Sie istverhetraet.
949 2808 3157 2986 “Auch, o Himmel! Und Du bist auch verheiratet.!"
949 2959 2954 3132 "Ja wir sind sogar mitemander verheiratet.
918 3096 3025 3297 Amadeus machte ein höchst erstauntes Gesicht.
952 3292 2228 3457 "Was sagtest Du, Theobald?"
968 3418 2632 3602 "Ioh sagte: Lilly ist meine Frau....
