3416 4184
2817 626 2947 794 53
923 744 2385 982 sahen sich immer verdutzter an.
904 932 3137 1097 Amadeus fuär fort: “Gebt mir meine Rolle, damit
915 1089 2944 1240 Ihr seht, ich mache Ernst. Die heutige Acht
920 1224 3177 1426 und den Tag von morgen, will ich dazu verwenden
918 1381 3005 1555 den Tannhäuser zu memorieren und morgen Abnd
915 1557 2941 1745 spiel ich ihn vor der versammelten Menge. „
904 1661 3121 1863 Es ist eine Eigenschaft von Charakteren, in der
898 1863 3076 2020 Art unseres Amadeus, dass sie, sobald sie ein-
904 2004 2927 2206 mal eine Sache begonnen, alle Befangenheit
895 2180 3073 2363 mit der sie auch ans Werk gegangen sind, able-
918 2312 3067 2470 gen und frisch der Vollendung des Angefangenen
901 2475 1580 2669 sich hingeben.
904 2571 3014 2812 "Ihr wollt morgen".... sagte der Direktor und
901 2795 1296 2952 stockte.
906 2888 3045 3090 „Ihr hörtet was ich gesagt. Macht wetter keine
892 3078 3014 3272 Umstände: nehmt mich an StIle des entlaufenen
873 3244 2955 3398 Fidelto, Ihr werdet mit mir zufrieden sein."
904 3376 3078 3547 „Oh — da bin ich keinen Augenblick im Zuetfel
890 3536 3025 3724 sagte der Andre, vor Höflichkeit übertriefend.
909 3696 1580 3847 „Aber ich kann
