3544 4312
2983 572 3119 735 13
966 680 2880 896 Des Poeten Amadeus Liebesglück und Kuss
1490 1007 3019 1188 Gefällt Dir keines von allen den
982 1188 3208 1379 hübschen, jungen Mädchen?" fragte Theobald nach
982 1326 1548 1474 einigerZeit.
996 1476 3025 1662 "Keine so sehr", war die Antwort, "dass ich
974 1634 3108 1804 wünschen möchte: diese soll es sein und keine
982 1784 3094 1981 andre, Diese Lippen will ich' küssen und nur
988 1948 1657 2103 diese alletn!"
985 2067 3094 2281 "Du bist eben eine Natur, Amadeus, die entwe¬
980 2273 3052 2428 der tief oder gar nicht liebt, nicht wie ich
974 2386 3011 2542 oder andre meinesgleichen, dte jedes ###ette
955 2559 3005 2725 Mädchen glühend lieben, keine einzige Liebe
966 2692 3147 2853 und ein Dutzend Liebschaften haben.- Aber sieh
963 2875 3008 3064 einmal dieses reizende Kind. A Sie hat auch
960 2994 3030 3200 uns bemerkt. Schon einige Male geht sie hier
957 3139 3025 3319 vorüber und wirft jedesmal einen sehnsüchti¬
960 3299 3033 3477 gen Blick nach Dir; ein hübsches unschuldiges
949 3480 2961 3644 Ding offenbar, das hier mit ihrer Freundin
963 3608 3147 3791 spazieren geht und gern, ach so gern mit einem
957 3777 2997 3949 jungen Mann sprechen wollte, wozu heute das
3272 3064 3380 3263 e.
3225 3277 3452 3422 Net
