3368 4152
2826 521 2958 659 70
883 645 3070 796 fasst sagte erdann laut. "Ihr. spielt die Venus
894 785 2902 973 im Tanhäuser!" Und als sie bejahend nickte,
875 973 3118 1161 fragte er weiter. "So wart ihr es auch die heute
864 1113 2403 1273 Nacht jene Worte deklamterte.?“
880 1270 1522 1416 "Ich war es,
883 1374 3025 1559 "Und ihr werdet mit mir heute Abend das Stück
872 1579 1312 1738 spielen?"
886 1750 3093 1893 "So sagte man... Und thr, der ihr doch den Tan¬
872 1884 3036 2036 häuser spielt, ihr haltet die Geschichte nicht
872 2033 1363 2201 für wahrt?"
883 2193 2100 2352 "Ihr glaubt sie ist wahr?"
880 2338 2989 2507 "Ja", sagte sie in lebhaftem Ton. "Ich glaube
864 2470 2885 2658 alles was man vom Rittersmann Tannhäuser er-
855 2661 3073 2795 zählt. Er stieg in den genusberg hinab und mein
861 2762 3109 2969 te, als er das schöne Weth erblickte, er könnte
852 2933 3104 3090 es ewig lieben.. er müsse es ewig lieben. Ach es
838 3073 3025 3275 war aber nicht so, und seine Liebe erlösch und
847 3264 3098 3421 starb hin. Drum wollte ernach wenig Jahren wieder
847 3401 3062 3583 hinauf ziehen in die Oberwelt- während die ar-
847 3566 2868 3735 me genus unten schter verzweifeln woll te. "
