3352 4152
2839 600 2970 751 71
885 811 3061 984 Amadeus unterbrach das Mädchen. “Ihr meint st###
901 964 2926 1129 verzweifelte wirklich!! Oh nein! Sie hatte
907 1107 3099 1302 bald einen andern schönen Mann in ihre Netze
904 1277 2998 1400 verstrickt, wie sie den armen Tannhäuser ver-
899 1433 3096 1578 führt.. ihr lag nichts, gar nichte an dem Glück
901 1578 2085 1734 oder Unglück des Ritters.
912 1723 3104 1891 „Wie sagt ihr!“ fragte das Mädchen ganz erschre
907 1888 2798 2025 cken. "Also genus liebte Tanhäuser nicht
899 2058 2926 2165 wahr und innig? Sie stellte sich nur so und
899 2208 3055 2354 wollte ihn unglücklich machen! Aber warum! War
901 2334 2970 2499 denn Tannhäuser bös gegen stel Tat er thr je
904 2491 1715 2636 etwas schlimmes?“
921 2655 3058 2778 "Das nicht", sprach Amdeus düster und sah zur
893 2756 2893 2937 Erde. "Aber es var der genus ein Vergnügen
896 2943 2504 3121 Tannhäuser unglücklich zu machen"!
915 3104 2940 3225 "Ach das kann ich mir nicht denken,-" sagte
915 3233 2822 3441 das Mädchen. "Sie hat ihn nicht geliebt,
904 3414 1444 3578 gar nicht?"
893 3532 2978 3735 Amadeus lachte bitter. "Ob sie ihn einmal ge¬
