3464 4200
2799 407 2933 639 41
860 605 2856 877 bietig. Eine Seiltänzebande ham gerade den
869 814 2885 986 beiden entgegen. Jubelnd folgten die Kinder
869 912 2908 1153 hinter ihr her, die Landleute versammelten
886 1124 2876 1308 sich um sie und umringten die phantastisch
895 1244 2865 1462 aufgeputzten, aber gar ermüdeten Künstler.
892 1399 3197 1623 Da schritt vorn der "Direktor", ein mittelgrosser
915 1540 2939 1809 gemütlich dreinschauender mensch, an seiner
920 1700 3111 1898 Seiten der geschminkte Hanswurst, der trotzdem
929 1870 2976 2079 er ziemlich ermattet aussah, sich in tollen
932 2030 3114 2222 Sprüngen selber zu überbieten suchte, dann kam
943 2142 3137 2366 der Liebhaber, ein sehr verwendbarer Schauspie¬
952 2328 3131 2538 ler für die Theateraufführungen, neben ihm ein
955 2483 3062 2695 junges hübsches Mädchen— aber von der später.
955 2644 2951 2824 Der Wirt der Dorfschenke ging dienstfertig
978 2773 3111 2988 dem Direktor entgegen und lud ihn ein het ihm
972 2954 2976 3146 Absteigquartier zu nehmen. Der freundliche
978 3071 3154 3306 Mann fühlte sich sehr geschmeichelt und dankte
995 3235 3011 3452 dem Wirt in den verbindlichsten Ausdrücken.
981 3389 3057 3630 Er klopfte thil auf die Schulter und sprach.:
1027 3559 2954 3765 "Ihr liebt die Kust, ihrliebt die Kunst
