<?xml version="1.0" encoding="UTF-8" standalone="yes"?>
<PcGts xmlns="http://schema.primaresearch.org/PAGE/gts/pagecontent/2013-07-15" xmlns:xsi="http://www.w3.org/2001/XMLSchema-instance" xsi:schemaLocation="http://schema.primaresearch.org/PAGE/gts/pagecontent/2013-07-15 http://schema.primaresearch.org/PAGE/gts/pagecontent/2013-07-15/pagecontent.xsd">
    <Metadata>
        <Creator>prov=READ-COOP:name=TrHtr:version=2.1.0:model_id=51170:date=14_08_2023_17:25</Creator>
        <Created>2023-05-10T14:31:03.720+02:00</Created>
        <LastChange>2023-08-14T17:25:24.476+02:00</LastChange>
        <TranskribusMetadata docId="1428638" pageId="55421627" pageNr="132" tsid="132818487" status="IN_PROGRESS" userId="64420" imgUrl="https://files.transkribus.eu/Get?id=MEHJCWSIZYLDVPJTYUCFMFIV&amp;fileType=view" xmlUrl="https://files.transkribus.eu/Get?id=DXOLQVWSCVKFIMVDADDEKYSK" imageId="44695709"/>
    </Metadata>
    <Page imageFilename="1428638_0132.jpg" imageWidth="3288" imageHeight="4152">
        <ReadingOrder>
            <OrderedGroup id="ro_1711819503117" caption="Regions reading order">
                <RegionRefIndexed index="0" regionRef="tr_1"/>
                <RegionRefIndexed index="1" regionRef="tr_2"/>
            </OrderedGroup>
        </ReadingOrder>
        <TextRegion id="tr_1" custom="readingOrder {index:0;}">
            <Coords points="423,729 2966,729 2966,1866 423,1866"/>
            <TextLine id="tr_1_tl_1" custom="readingOrder {index:0;}">
                <Coords points="2716,839 2752,836 2776,822 2798,839 2845,831 2861,842 2894,842 2896,705 2869,702 2861,710 2853,702 2842,713 2809,694 2795,705 2771,700 2760,710 2738,697 2719,702"/>
                <Baseline points="2731,785 2767,782 2811,782 2856,782 2901,779"/>
                <TextEquiv>
                    <Unicode>127</Unicode>
                </TextEquiv>
            </TextLine>
            <TextLine id="tr_1_tl_2" custom="readingOrder {index:1;}">
                <Coords points="880,1118 2025,1153 2536,1079 2866,1145 2869,976 2279,1030 883,978"/>
                <Baseline points="895,1095 907,1095 952,1092 996,1092 1041,1095 1086,1092 1131,1092 1176,1092 1220,1092 1265,1089 1310,1089 1355,1092 1399,1092 1444,1092 1489,1089 1534,1086 1579,1086 1623,1086 1668,1083 1713,1083 1758,1083 1802,1083 1847,1083 1892,1083 1937,1083 1981,1080 2026,1080 2071,1080 2116,1077 2161,1077 2205,1077 2250,1077 2295,1077 2340,1074 2384,1074 2429,1074 2474,1074 2519,1071 2564,1071 2608,1071 2653,1071 2698,1071 2743,1071 2787,1068 2832,1068 2877,1065"/>
                <TextEquiv>
                    <Unicode>Fortsetzung der Geschichte von Amadeus dem</Unicode>
                </TextEquiv>
            </TextLine>
            <TextLine id="tr_1_tl_3" custom="readingOrder {index:2;}">
                <Coords points="877,1262 899,1254 962,1284 1082,1279 1131,1295 1232,1279 1232,1178 1180,1180 1153,1159 1098,1175 995,1178 959,1145 924,1172 877,1170"/>
                <Baseline points="892,1247 937,1247 982,1247 1026,1250 1071,1250 1116,1250 1161,1250 1205,1250 1238,1250"/>
                <TextEquiv>
                    <Unicode>Poeten.</Unicode>
                </TextEquiv>
            </TextLine>
            <TextLine id="tr_1_tl_4" custom="readingOrder {index:3;}">
                <Coords points="413,1314 462,1301 497,1328 522,1331 503,1156 475,1164 465,1159 432,1191 399,1191"/>
                <Baseline points="423,1268 468,1271 513,1277 522,1280"/>
                <TextEquiv>
                    <Unicode>13</Unicode>
                </TextEquiv>
            </TextLine>
            <TextLine id="tr_1_tl_5" custom="readingOrder {index:4;}">
                <Coords points="593,1435 615,1424 631,1432 667,1399 727,1415 705,1153 689,1153 667,1134 656,1142 612,1131 587,1139 568,1134"/>
                <Baseline points="599,1310 644,1322 689,1325 722,1319"/>
                <TextEquiv>
                    <Unicode>XII</Unicode>
                </TextEquiv>
            </TextLine>
            <TextLine id="tr_1_tl_6" custom="readingOrder {index:5;}">
                <Coords points="885,1601 1022,1555 1413,1623 1806,1549 2913,1612 2962,1454 888,1462"/>
                <Baseline points="901,1549 907,1549 952,1549 996,1552 1041,1549 1086,1549 1131,1546 1176,1546 1220,1543 1265,1543 1310,1543 1355,1543 1399,1543 1444,1543 1489,1540 1534,1543 1579,1543 1623,1540 1668,1540 1713,1540 1758,1540 1802,1537 1847,1537 1892,1537 1937,1537 1981,1537 2026,1534 2071,1534 2116,1537 2161,1534 2205,1534 2250,1534 2295,1531 2340,1534 2384,1534 2429,1534 2474,1534 2519,1534 2564,1531 2608,1531 2653,1531 2698,1528 2743,1528 2787,1525 2832,1522 2877,1522 2922,1522 2966,1525"/>
                <TextEquiv>
                    <Unicode>Es ist ein volles Jahr veflossen, seit jenem</Unicode>
                </TextEquiv>
            </TextLine>
            <TextLine id="tr_1_tl_7" custom="readingOrder {index:6;}">
                <Coords points="904,1735 1260,1790 1604,1719 2825,1760 2880,1582 2697,1640 904,1601"/>
                <Baseline points="919,1701 958,1701 1002,1701 1047,1701 1092,1701 1137,1701 1182,1701 1226,1701 1271,1698 1316,1698 1361,1698 1405,1698 1450,1698 1495,1698 1540,1698 1584,1698 1629,1698 1674,1695 1719,1695 1764,1695 1808,1692 1853,1692 1898,1689 1943,1689 1987,1689 2032,1689 2077,1689 2122,1686 2167,1686 2211,1686 2256,1686 2301,1683 2346,1683 2390,1686 2435,1683 2480,1686 2525,1686 2570,1686 2614,1686 2659,1683 2704,1680 2749,1677 2793,1677 2838,1677 2883,1677"/>
                <TextEquiv>
                    <Unicode>tauperlenden, sonigfrischem Morgen, an dem</Unicode>
                </TextEquiv>
            </TextLine>
            <TextLine id="tr_1_tl_8" custom="readingOrder {index:7;}">
                <Coords points="888,1874 2421,1880 2943,1842 2943,1757 888,1782"/>
                <Baseline points="904,1853 934,1856 979,1853 1023,1853 1068,1850 1113,1850 1158,1850 1202,1850 1247,1850 1292,1850 1337,1847 1382,1847 1426,1847 1471,1847 1516,1847 1561,1847 1605,1847 1650,1847 1695,1847 1740,1847 1784,1844 1829,1844 1874,1841 1919,1841 1964,1841 2008,1838 2053,1838 2098,1838 2143,1838 2187,1838 2232,1838 2277,1838 2322,1838 2367,1838 2411,1838 2456,1838 2501,1838 2546,1838 2590,1835 2635,1835 2680,1832 2725,1832 2769,1832 2814,1829 2859,1829 2904,1826 2949,1826"/>
                <TextEquiv>
                    <Unicode>Amadeus in die Welt hinaus gezogen, um Venus</Unicode>
                </TextEquiv>
            </TextLine>
        </TextRegion>
        <TextRegion id="tr_2" custom="readingOrder {index:1;}">
            <Coords points="904,1923 3098,1923 3098,3675 904,3675"/>
            <TextLine id="tr_2_tl_1" custom="readingOrder {index:0;}">
                <Coords points="888,2044 1593,1997 2325,2079 3019,1989 3019,1907 2836,1874 891,1918"/>
                <Baseline points="904,2002 922,2005 967,2002 1011,2002 1056,2002 1101,2002 1146,2002 1190,1999 1235,1999 1280,1999 1325,1999 1370,1999 1414,1999 1459,1999 1504,1996 1549,1996 1593,1996 1638,1993 1683,1993 1728,1993 1773,1993 1817,1990 1862,1990 1907,1990 1952,1990 1996,1987 2041,1987 2086,1987 2131,1987 2175,1987 2220,1987 2265,1987 2310,1987 2355,1987 2399,1984 2444,1987 2489,1984 2534,1984 2578,1984 2623,1984 2668,1984 2713,1981 2758,1981 2802,1978 2847,1978 2892,1978 2937,1976 2981,1973 3026,1973"/>
                <TextEquiv>
                    <Unicode>zu finden, die anmutsstrahlende, retzende Lie-</Unicode>
                </TextEquiv>
            </TextLine>
            <TextLine id="tr_2_tl_2" custom="readingOrder {index:1;}">
                <Coords points="904,2189 970,2211 997,2189 1030,2194 1104,2232 1210,2194 1265,2211 1380,2197 1380,2090 1328,2071 1249,2096 1137,2060 1096,2096 1047,2101 986,2088 959,2060 904,2079"/>
                <Baseline points="919,2149 964,2152 1008,2152 1053,2152 1098,2152 1143,2152 1187,2149 1232,2149 1277,2146 1322,2146 1367,2149 1384,2149"/>
                <TextEquiv>
                    <Unicode>besgöttin.</Unicode>
                </TextEquiv>
            </TextLine>
            <TextLine id="tr_2_tl_3" custom="readingOrder {index:2;}">
                <Coords points="888,2314 2683,2353 2970,2312 2973,2183 891,2246"/>
                <Baseline points="904,2304 919,2301 964,2301 1008,2301 1053,2298 1098,2298 1143,2298 1187,2298 1232,2295 1277,2295 1322,2295 1367,2295 1411,2292 1456,2292 1501,2292 1546,2292 1590,2292 1635,2292 1680,2289 1725,2289 1770,2289 1814,2289 1859,2289 1904,2289 1949,2286 1993,2286 2038,2289 2083,2286 2128,2286 2173,2286 2217,2289 2262,2286 2307,2286 2352,2286 2396,2283 2441,2280 2486,2280 2531,2280 2575,2277 2620,2280 2665,2280 2710,2277 2755,2280 2799,2277 2844,2274 2889,2274 2934,2271 2978,2274"/>
                <TextEquiv>
                    <Unicode>Da sitzt eines Tages ein noch junger Mann im</Unicode>
                </TextEquiv>
            </TextLine>
            <TextLine id="tr_2_tl_4" custom="readingOrder {index:3;}">
                <Coords points="904,2506 2845,2522 2951,2500 2951,2339 1014,2399 904,2344"/>
                <Baseline points="919,2450 943,2450 988,2450 1032,2447 1077,2447 1122,2447 1167,2447 1211,2444 1256,2444 1301,2441 1346,2441 1390,2441 1435,2441 1480,2438 1525,2441 1570,2441 1614,2441 1659,2441 1704,2441 1749,2438 1793,2438 1838,2438 1883,2435 1928,2435 1973,2435 2017,2435 2062,2435 2107,2432 2152,2432 2196,2432 2241,2432 2286,2432 2331,2435 2375,2432 2420,2432 2465,2432 2510,2429 2555,2429 2599,2429 2644,2432 2689,2429 2734,2426 2778,2426 2823,2426 2868,2426 2913,2426 2958,2426"/>
                <TextEquiv>
                    <Unicode>behaglichem Hausrock am Tische, eine Zigarre</Unicode>
                </TextEquiv>
            </TextLine>
            <TextLine id="tr_2_tl_5" custom="readingOrder {index:4;}">
                <Coords points="902,2629 1134,2620 1309,2681 1593,2620 1820,2670 1948,2629 2391,2659 2375,2500 902,2530"/>
                <Baseline points="916,2599 922,2599 967,2599 1011,2596 1056,2596 1101,2596 1146,2599 1190,2596 1235,2596 1280,2596 1325,2593 1370,2593 1414,2590 1459,2590 1504,2587 1549,2590 1593,2587 1638,2587 1683,2587 1728,2587 1773,2587 1817,2587 1862,2587 1907,2587 1952,2587 1996,2587 2041,2584 2086,2584 2131,2584 2175,2584 2220,2584 2265,2584 2310,2581 2355,2581 2399,2584"/>
                <TextEquiv>
                    <Unicode>rauchend und die Zettung lesend.</Unicode>
                </TextEquiv>
            </TextLine>
            <TextLine id="tr_2_tl_6" custom="readingOrder {index:5;}">
                <Coords points="902,2768 3082,2735 3082,2634 904,2661"/>
                <Baseline points="916,2749 940,2749 985,2749 1029,2749 1074,2749 1119,2746 1164,2746 1208,2746 1253,2746 1298,2746 1343,2746 1387,2743 1432,2743 1477,2743 1522,2743 1567,2743 1611,2743 1656,2740 1701,2737 1746,2737 1790,2737 1835,2737 1880,2737 1925,2737 1970,2737 2014,2734 2059,2734 2104,2731 2149,2731 2193,2728 2238,2731 2283,2731 2328,2731 2372,2731 2417,2731 2462,2728 2507,2728 2552,2728 2596,2728 2641,2728 2686,2728 2731,2725 2775,2728 2820,2725 2865,2728 2910,2725 2955,2725 2999,2725 3044,2725 3089,2728"/>
                <TextEquiv>
                    <Unicode>Wir erkennen in dem Gesichte alte bekannte Züge,</Unicode>
                </TextEquiv>
            </TextLine>
            <TextLine id="tr_2_tl_7" custom="readingOrder {index:6;}">
                <Coords points="896,2918 2910,2907 2910,2814 2749,2793 2317,2855 2191,2787 1355,2850 899,2804"/>
                <Baseline points="913,2898 946,2901 990,2898 1035,2901 1080,2901 1125,2901 1170,2898 1214,2898 1259,2898 1304,2898 1349,2898 1393,2898 1438,2898 1483,2895 1528,2895 1573,2895 1617,2892 1662,2892 1707,2892 1752,2892 1796,2892 1841,2889 1886,2889 1931,2889 1976,2889 2020,2886 2065,2886 2110,2886 2155,2886 2199,2886 2244,2886 2289,2886 2334,2886 2378,2886 2423,2886 2468,2883 2513,2886 2558,2883 2602,2883 2647,2880 2692,2880 2737,2880 2781,2880 2826,2880 2871,2877 2916,2880"/>
                <TextEquiv>
                    <Unicode>Sie haben sich kaum verändert, sie sind nur</Unicode>
                </TextEquiv>
            </TextLine>
            <TextLine id="tr_2_tl_8" custom="readingOrder {index:7;}">
                <Coords points="904,3099 2864,3090 2864,2970 1536,3006 904,2946"/>
                <Baseline points="919,3062 946,3062 990,3056 1035,3056 1080,3053 1125,3053 1170,3050 1214,3050 1259,3050 1304,3047 1349,3047 1393,3047 1438,3050 1483,3047 1528,3047 1573,3047 1617,3044 1662,3044 1707,3044 1752,3044 1796,3044 1841,3044 1886,3044 1931,3044 1976,3041 2020,3041 2065,3041 2110,3038 2155,3038 2199,3038 2244,3038 2289,3038 2334,3038 2378,3038 2423,3035 2468,3038 2513,3035 2558,3035 2602,3032 2647,3032 2692,3032 2737,3029 2781,3029 2826,3029 2871,3029"/>
                <TextEquiv>
                    <Unicode>gemütlicher geworden. Die Türe des Zimmers</Unicode>
                </TextEquiv>
            </TextLine>
            <TextLine id="tr_2_tl_9" custom="readingOrder {index:8;}">
                <Coords points="907,3230 3066,3222 3033,3069 2675,3134 2549,3074 2140,3142 2041,3074 910,3131"/>
                <Baseline points="925,3205 970,3208 1014,3208 1059,3208 1104,3205 1149,3202 1193,3202 1238,3202 1283,3202 1328,3199 1373,3202 1417,3202 1462,3199 1507,3199 1552,3199 1596,3196 1641,3196 1686,3193 1731,3193 1776,3193 1820,3193 1865,3193 1910,3193 1955,3193 1999,3193 2044,3193 2089,3193 2134,3190 2178,3190 2223,3190 2268,3190 2313,3190 2358,3190 2402,3187 2447,3187 2492,3184 2537,3187 2581,3184 2626,3187 2671,3184 2716,3184 2761,3184 2805,3184 2850,3187 2895,3181 2940,3181 2984,3181 3029,3181 3074,3178"/>
                <TextEquiv>
                    <Unicode>öffnet sich, der Zettungsleser blichte auf, dem</Unicode>
                </TextEquiv>
            </TextLine>
            <TextLine id="tr_2_tl_10" custom="readingOrder {index:9;}">
                <Coords points="899,3375 1415,3435 1680,3356 2877,3380 3090,3353 3093,3263 902,3279"/>
                <Baseline points="913,3358 949,3361 993,3358 1038,3358 1083,3358 1128,3355 1173,3355 1217,3355 1262,3355 1307,3355 1352,3355 1396,3355 1441,3355 1486,3355 1531,3352 1576,3352 1620,3352 1665,3352 1710,3349 1755,3349 1799,3349 1844,3349 1889,3346 1934,3349 1978,3349 2023,3349 2068,3346 2113,3346 2158,3343 2202,3346 2247,3346 2292,3343 2337,3343 2381,3343 2426,3340 2471,3340 2516,3340 2561,3340 2605,3337 2650,3337 2695,3337 2740,3337 2784,3337 2829,3340 2874,3337 2919,3337 2964,3337 3008,3340 3053,3340 3098,3337"/>
                <TextEquiv>
                    <Unicode>Eintretenden ins Gesicht. Er stand schnell auf,</Unicode>
                </TextEquiv>
            </TextLine>
            <TextLine id="tr_2_tl_11" custom="readingOrder {index:10;}">
                <Coords points="907,3533 2984,3588 3025,3372 2555,3440 910,3432"/>
                <Baseline points="922,3519 928,3519 973,3513 1017,3513 1062,3513 1107,3513 1152,3513 1196,3510 1241,3510 1286,3507 1331,3507 1376,3507 1420,3504 1465,3507 1510,3504 1555,3504 1599,3501 1644,3501 1689,3501 1734,3501 1779,3501 1823,3501 1868,3498 1913,3498 1958,3498 2002,3495 2047,3495 2092,3498 2137,3498 2181,3498 2226,3495 2271,3495 2316,3495 2361,3492 2405,3492 2450,3492 2495,3492 2540,3489 2584,3489 2629,3489 2674,3489 2719,3486 2764,3486 2808,3486 2853,3486 2898,3486 2943,3486 2987,3486 3032,3483"/>
                <TextEquiv>
                    <Unicode>streckte die beiden Hände froh verwundert dem</Unicode>
                </TextEquiv>
            </TextLine>
            <TextLine id="tr_2_tl_12" custom="readingOrder {index:11;}">
                <Coords points="902,3683 2301,3716 2593,3653 2776,3705 2776,3591 2528,3550 1353,3626 902,3571"/>
                <Baseline points="916,3662 949,3665 993,3665 1038,3665 1083,3662 1128,3665 1173,3665 1217,3662 1262,3662 1307,3662 1352,3662 1396,3659 1441,3659 1486,3662 1531,3662 1576,3662 1620,3659 1665,3659 1710,3659 1755,3659 1799,3656 1844,3656 1889,3653 1934,3653 1978,3653 2023,3653 2068,3653 2113,3656 2158,3656 2202,3653 2247,3653 2292,3650 2337,3650 2381,3650 2426,3650 2471,3650 2516,3650 2561,3647 2605,3647 2650,3644 2695,3644 2740,3644 2784,3647"/>
                <TextEquiv>
                    <Unicode>Kommenden entgegen und rief endlich aus:</Unicode>
                </TextEquiv>
            </TextLine>
        </TextRegion>
    </Page>
</PcGts>
