3496 4328
2886 568 2986 715 3
897 745 3019 886 hinaus gerufen, aber augenblickIich waren sie
914 928 2969 1091 In dem tiefen Schwetgen der Natur hingestor¬
903 1097 3017 1235 ben und der Wind wehte sie ohne das leiseste
895 1235 1435 1399 Echo davon.
895 1407 3033 1543 Ein nächtlicher Spaziergänger stand plötzlich
900 1537 2352 1706 hinter dem Jüngling und lachte.
897 1665 2975 1814 Der andre drehte steh um und stand auf. "Du,
914 1803 3116 1981 Theobald!" rief er, indem er den Freund verwun¬
914 1992 2604 2136 dert ansah und ihm die Hand reichte.
920 2161 3014 2271 "Ich bins", erwiderte dieser. "Ich wusste ja,
911 2296 3086 2490 wo Dit zu finden wärst, „Amadeus, und ich wollte
903 2465 1637 2618 Dich sprechen.”
914 2579 3086 2764 Sie schritten beide langsam über die mondhelle
909 2762 2125 2922 Wiese und sprachen nichts.
897 2925 3017 3111 Endlich sagte Amadeus:“Ich hörte Dich lachen,
909 3102 3072 3213 als Du hinter mir standest. Du hast wohl meine
914 3194 3011 3368 Worte gehört, die unwillkürlich meinem Munde
903 3357 3130 3526 lauter entflohen, als ich wollte.... und diese
914 3515 2244 3690 schienen Dir so lächerlich!"
900 3645 2895 3886 Dann verstehst Du mich nicht und toh nenne
2280 4030 2632 4158 ne sont pas
