3304 4184
2672 719 2846 853 120
788 847 2878 1077 streckte ihm beide Hände entgegen. Der Fremde
788 1042 1590 1149 nahm sie langsam.
796 1179 2838 1355 "Ich seh Dirs an, Unglückseliger", sagte der
775 1342 2884 1489 Student, "das Schicksal Deiner Tragödie steht
772 1483 2213 1665 Dir auf der Stirn geschrieben.
799 1636 2870 1817 "Gib mir etwas zu zeureissen oder zu zerbre -
788 1801 2830 1983 chen", schrie der Tragödtendichter, indem er
791 1932 2822 2127 einen Handschuh hoch in die Luft warf — ich
780 2106 2870 2256 ich muss etwas vernichten - - - oh - ooooch!"
783 2264 2876 2435 "Was ist denn mit demß2 fragte Elsa leise den
772 2397 1267 2496 Studenten.
788 2456 2777 2654 "Fräulein", antwortete dieser, " er ist - -
778 2646 2870 2870 "Durchgefalien, durchgefallen, durehgefallem"
775 2771 2921 3009 schrie der Tragödiendichter, nahm einen Sessel
764 2924 2878 3108 und schüttelte ihn in der Luft, bis er ihn wil
770 3095 2865 3333 tend zur Erde warf, wo er nach einigem Schwan
759 3252 2713 3480 ken stehen blieb. Der Dichter setzte sich.
767 3402 2876 3632 „Ich schreibe nichts mehr“, sprach er mehr zu
759 3538 2908 3742 sich selbst. "Und da sollen die Leute über die
