3400 4200
2848 450 2975 624 92
909 638 2848 881 zu legen. Ich bin jetzt ganz unzufrieden
912 848 1356 1017 mit mir.“
914 942 3064 1163 Amadeus sah die zerrissenen Stücke auf dem Be¬
934 1122 3053 1301 den genauer an und rief dann aus: "Diese Augen
934 1265 3108 1478 berühren mich mit behannten Glanze. Es gibt nur
939 1390 3017 1586 zwet solche Augen auf der Welt!... Wenn ich
953 1506 3171 1754 sie jetzt gefunden hätte, nach monatelangem,
2776 1660 3127 1837 an Jahr.
956 1691 2713 1890 geblichem Suchen! doch in Kurzem wir###
961 1848 2644 2086 und dann muss sie ihr Wort lösen - a
967 2044 1588 2227 ichs gelöst!"
2964 2047 3102 2365 a.
975 2180 2796 2362 “Ihr glaubt am E nde, es sei die Gräfin
967 2268 2837 2547 dte ich male! Glaubt mir, sie ist es nte
972 2497 2207 2663 denn ich male eine Nonne!"
986 2649 3019 2796 "Etne Nonne?.. Blacca, ihr macht mich stau¬
978 2762 3083 2986 nen! Eine Nonne, die vielleicht allabendlich
983 2917 3083 3146 in euer Atelier kommt, verschletert und sich
983 3111 3022 3274 vor euch allein enthüllt, und nicht sagt wo¬
981 3263 3105 3426 her, woh in? Selbst einen Poeten klingt das zu
997 3401 2390 3583 romantisch und geheimnisvoll.“
