3416 4168
2950 532 3128 666 108
825 614 2854 896 herunter, die mit ihrem Quintett den ersten
825 863 2939 1036 Preis gednnen hat. Ich bitte Sie, schauen wir
839 1014 1856 1225 lieber gar nicht hin.
844 1116 2950 1368 Beide wandten sich weg. Als die Preisgekrönte
844 1305 2810 1478 verschwunden war, sagte das junge Mädchen:
872 1483 2958 1623 "Mein Herr, wir kennen uns gar nicht! Wie kom
844 1576 2972 1793 men wir denn dazu miteinander xo - so - so zu
866 1793 1587 1916 conversieren!"
844 1900 2969 2103 Ah, Fräulein - ich keme Sie schon " erwiderte
872 2072 2936 2229 galant lächelnd der junge Mann. "Wie oft sah
874 2240 2961 2410 ich Sie die Stiege hinauf und hinunter gehen,
874 2314 3084 2599 die Mappe mit dem goldgedruckten "Musth" unterm
883 2462 3032 2714 Arm - wie oft hatte ich das Glück, Ihnen nach
880 2632 2955 2881 der Musikstunde auf der Srasse zu begegnen -
877 2796 2950 3018 oh wie oft, wrie oft, hab ich Sie gesehen - "
902 2972 3062 3191 "Ich Sie auch!“ sagte sie leise und blickte zur
883 3125 2993 3342 Erde. Der junge Mann antwortete eine Zeitlang
885 3246 2996 3476 nichts, er sah sie nur glückselig an, bis sie
891 3438 3029 3610 die Augen wieder erhob und ihn ein liebevoller
