3352 4168
2737 744 2909 863 110
770 837 2720 1071 "Ja zu fliehe, " wiederhote er. Ich pochte
764 1046 2971 1212 so sicher auf meinen Erfolg - ich würde zum Ge -
755 1201 2830 1359 spötte werden, zeigte ich mich jetzt vor mei
750 1361 2726 1531 nen Verwandten. Und das vertrag ich nicht."
724 1480 2917 1669 Er entfernte sich mit einigen schnellen Schrit
736 1632 1821 1804 ten etwas vom Gebäude.
736 1798 2867 1982 "Nein, ich beftrag das nicht, " wiederholte er
722 1951 1756 2103 vor sich hin murmeind.
722 2094 2768 2266 "Ich vertrags auch nicht," sagte das Mädchen
716 2258 2932 2402 rasch. "Wenn ich jetzt nach Hause zu meinem On -
710 2393 2912 2568 kel gehe und ihm erzähle: Ich habe keinen Preis-
716 2579 2977 2717 oh ich wille gar nicht dencken. Kurz, ich vertrag
696 2695 1559 2867 es nicht, Ernst. “
702 2853 2737 3033 "Elsa, ich auch nicht! Ich entfliehe, Elsa!
671 2974 1717 3168 Elsa, leben Sie wohl!"
682 3126 2294 3318 „Ich fltehe mit Ihnen, Herr Ernst!“
662 3315 2822 3492 Oh, Elsa, bedenken Sie, dass ich erst zurück -
645 3419 2850 3616 kehre, wenn meine Kompositionen Anerkennung ge
648 3597 1345 3800 funden haben!"
