3512 4328
907 678 2446 910 Dich mit Unrecht meinen Freund!"
915 876 3184 1057 Er war stehen geblieben und starrte gedankenvoll
918 1040 2921 1251 Augs in die Landschaft, die mit einem Male
927 1192 3009 1362 wieder dunkel und unheimlich da lag... eine
929 1314 3156 1500 Wolke 'zog vor dem Monde hin. Und Amadeus sprach
938 1475 3105 1698 wieder.”Es wurde mir sehrweh tun, wenn keiner,
944 1638 3043 1814 keiner verstünde- und ich wollte so gern ein
949 1811 3201 1961 Gemüt, ein Freundesherz, welches das meine ver¬
955 1918 3153 2133 steht. Und ich weiss es, Theobald, keiner könn¬
975 2105 3091 2257 te mich besser begreifen als Du, wenn-Dus nur
966 2300 1469 2441 wolltest!"
977 2384 3195 2571 Theobald nar ernst geworden und fasste die Hand
980 2562 3068 2704 des Freundes. "Ich habe Dich von jeher ver-
980 2689 3209 2870 standen", sprach er. "Ich kenne Deine Schmerzen
986 2853 3158 3026 und weiss, was Dich nicht ruhen lässt und Dich
997 3014 3122 3189 in stillen Nächten hinaus treibt in die träu-
997 3170 3074 3373 mende Einsamkeit. Nicht allein das tats, was
992 3328 3218 3503 Du eben riefst, als ich Dich am Baum des Waldes
1017 3461 3099 3647 J tegend antraf; dass Du den Glauben an Dich
1014 3644 3178 3896 selbst verloren; Du empfindest auch eine Sehn¬
