3480 4248
2806 433 2930 573 32
896 573 2944 832 Die weite Türe des Salds stand geöffnet und
915 725 2993 1006 offen war der Blick in einen von tausend und
929 901 2974 1169 abertausend Lichter erleuchteten Garten, we
923 1025 3126 1351 Masken hin und her wandelten, zwischen Bäumen
945 1238 3024 1464 und Blumen und verwundert die wegende Pracht
956 1348 3126 1629 betrachteten, die sie in lauer Sommernacht aus
976 1505 3137 1756 dem Schlafe gestört. Es war eben noch so ruhig
981 1684 3059 1935 gewesen in den Alleen, und dunkel betnah und
984 1833 2988 2095 träumerisch still, bis es mit einemmal den
984 2007 3192 2213 schlummernden Blumen in die schlaftrunkenen Au¬
1003 2120 3087 2376 gen geglitzert, unzählig flimmernde Lichter.
1009 2282 3225 2547 leuchteten und schimmerten, die wette Tür hatte
1028 2431 3170 2685 sich geöffnet und Maske an Maske drängte sich
1034 2696 2751 2825 in den Garten.
1069 2715 3247 2996 "bleib stehen, schöne Spanterein, bletb stehen"
1053 2900 3087 3148 flüsterte es im Schatten eines Baumes; aber
1053 3021 3272 3310 plötzlich blickte neugterig ein Lichtstrahl auf
1067 3228 3214 3448 den, der die Worte gesprochen, es war ein Pil¬
1072 3346 3073 3630 ger und retzende Augen weilten auf ihm...
