3496 4248
2968 493 3105 627 34
986 619 3172 846 dem meinen gehalten; diese Wärme fliesst so be-
980 846 3046 1036 kannt durch meine Adern - Sprech, Du Schöne.
977 997 2226 1173 wie soll ich Dich nennen!"
1002 1142 2036 1336 "Kennst Du mich nicht!
1008 1260 3072 1467 "Ich kenne Dich; ich k=nne Dich, wie Du mich
986 1420 3214 1632 kennst, ich will dich Aphrodite nennen." Er sch
991 1599 3153 1775 sie an, sie lüftete einwenig die Maske! hinter
1005 1739 3083 1915 der ein reizendes Antlitz hervorblickte, ein
1000 1890 3209 2078 lebhaftes, bewegliches Antlitz, das von unruhtig
1002 2050 3133 2223 herabwallenden Locken dunkel umrahmt war, aus
1000 2187 3032 2366 dem schwarzeugen keck in die Welt bläcken.
1016 2355 3192 2551 "Pilger erzähl mir wer Du bist und warum Du ge¬
1008 2514 2019 2713 worden, was Du bist!"
1025 2654 3184 2867 “Ich war einmal ein Poet, denn ich habe einmahl
1028 2825 3273 3021 geliebt, jetzt bin ich nichts, als ein Erdensohn
1019 2920 3206 3181 der dichten und lieben will, und nicht dichten
1016 3122 3161 3310 kann, weil er nicht lieben kann. Und wer bist
1008 3279 1663 3478 Du Aphrodi te?
1047 3441 3164 3623 “Ich war einmal eine Dichterin, denn ich habe
1047 3525 3296 3800 geliebt und ich bin immer und immer eine Dichter
