3464 4184
2888 553 3032 691 62
834 726 2739 925 Von Grenz zu Grenz,, von Saum zu Saum...
816 1018 2101 1255 Ein Wandrer aber ohne Ziel,
837 1159 2332 1381 Verlierst Du Dich im Weltgewühl,
831 1323 2563 1522 Ein Mann, des Leid kein Herz betrübt,
831 1469 2838 1718 Den ntemand kennt und niemand liebt......
837 1820 3146 1972 Die Stimme schwieg. Amadeus hatte in tiefster Er-
857 1908 3043 2160 regung gelauscht. Jetzt verliess er das Zimmer,
852 2086 3005 2282 um die freie, kühlende Nachtluft zu gentessen.
846 2233 3198 2455 Als er unter dem Sternenhtmel stand rief er aus:
872 2405 3119 2584 "Ich muss Lucia noch einmal sehen. Es kann nicht
866 2543 3020 2751 ihr Ernst sein! Ein Jahr lang sie nicht sehen.
869 2692 2994 2900 und umher wandern mit fremden, gleichgültigen
857 2900 1364 3070 Menschen!“
860 3002 3116 3207 Er kam in die Nähe des Schlosses. In dem Zimmer,
512 2926 609 3137 8
869 3143 3157 3362 in welchem Luota gewöhnlich schlief, war das Fen-
881 3298 3152 3529 ster geöffnet. Gerade unter diesem Fenster stand
875 3471 3105 3702 jetzt Amadeus. Er war den Hügel hinaufgest tegen
