3416 4216
2927 519 3058 695 45
927 642 2924 855 "Ihr dürfts ja sagen, ihr därfts ja Sagen -
922 810 2173 1030 was für Metnung habt ihr?“
949 975 2488 1178 "S ist ein seltsamer Gedanke...."
944 1106 2268 1315 "Heraus damit, heraus damit."
947 1259 3094 1469 "Nun ich denke,- das Menschenkind, von dem wir
938 1435 3102 1614 spreghen — habt ihr nur recht gesehen, was für
935 1586 3153 1776 schönes Antlitz es hat! ist von der heidnischen
935 1743 2362 1916 Göttin Venus vezaubert worden.
944 1871 3027 2086 "Was? Glaubt ihr, dass er, wie jener Ritters-
922 2039 3013 2248 mann Tannhäuser mit Namen im Venusberg viele
922 2231 3041 2385 Jahre lang gewetlt und dann zur Erde emporge-
938 2368 3183 2524 stiegen?“ Unsere Bande führt hier die Geschichte
935 2538 3114 2712 von Venus und Tannhäuser auf; ich wundere mich
933 2664 2457 2854 schter über das Zusammentreffen.
944 2812 3091 3049 "Ihr habt recht, Direktor, es trifft sich son¬
924 2952 1391 3189 derbar. “
924 3125 3161 3295 In diesen Gesprächen sassen die beiden zusammen
935 3239 3125 3440 und redeten noch weiter über den neuen Tannhäu-
933 3385 3005 3588 ser und dann auch über die Gräfin, die weit-
935 3577 3156 3781 hin berühmt war, wegen ihrer wundersamen Schön-
