3400 4168
2838 514 2988 713 74
868 738 2896 860 ganz wohl und selig, ehe er sich mit seinem
865 837 3040 1034 Gotte versöhnt und Verzethung erhalten von sei-
879 1023 2935 1155 nem irdischen Stellvertreter. Er nimmt einen
857 1180 3024 1313 Stock vom Boden auf und macht sich auf den Weg
876 1324 3076 1454 nach Rom. Er kommt an einem schwülen Abend hin
862 1479 2924 1650 und wandelt nun in den Strassen hin und her.
865 1603 3029 1772 Schöne Mädchen gehen an ihm vorüber, aber sein
865 1780 2938 1926 Sinn ist schlaff geworden für die sinnlichen
848 1924 3012 2087 Reize des Wetbes— seine Seele muss ihren Frie-
879 2092 3021 2236 den wieder haben und ermuss gereinigt das tehen
879 2247 3032 2391 vor Gott und den Menschen. Der Papst empfängt
882 2388 3043 2534 ihn in seinem Garten. Ruhig beichtet Tannhäuser
876 2515 2974 2678 seine schwere Schuld Aber er will jetzt ganz
876 2678 2949 2847 und gar der Kirche gehören und sich abwenden
876 2838 2825 3037 von dem irdischen und hetdnischen Tretben.
860 2990 2841 3178 Entsetzt fährt der Papst zurück. lässt vor
865 3104 3087 3333 Schrecken seinen weissen Stub fallen, den er in
879 3286 2363 3504 der Hand trägt. Und er ruft aus:
862 3466 2324 3659 Hinweg von mir verruchter Mann,
