3304 4136
2609 602 2793 757 138
857 786 2861 962 Dinge anstrebt, dte ihm versagtstnd,. Nein,
880 920 2843 1114 Ich finde keine Aphrodite und ich bin kein
859 1104 2922 1232 Dichter. Ich will vernünftig werden, wie die
857 1248 2748 1382 Andern, die Narrheit werfe ich weg, weit
870 1372 1440 1524 weg von mir.
862 1516 2754 1682 Sei gegrüsst Du süsse, phlegmattsche All
870 1666 1448 1805 täglichkeit“
859 1784 2735 1944 Amadeus war auf die Strasse gekommen und
872 1981 2775 2147 schritt in die froh belebte Stadt hinein.
880 2113 2783 2270 “Willkommen Alltäglichkeit!“ Sei Du meine
859 2281 2893 2409 Aphrodite, Du ewig gleiche, lass Du Dich um
862 2383 2830 2580 armen und lasse Dich hüssen, auf Deine nie
864 2559 2966 2733 kalten, nie heissen Lippen... doch nein, Dich
857 2698 2407 2856 Du Ehrsame darf man nicht küssen!
864 2861 2740 3024 Und ich will fein züchtiglich Deine Hand
859 3016 1314 3153 nehmen.!
846 3137 2756 3295 Noch ein letztes Lebewohl rüf ich Dir zu,
859 3305 2691 3466 süsse Narrhett der Dichtkunst und Liebe
854 3455 2961 3663 und jetzt führe mich Du, teure Alltäglichkett
