3480 4216
2611 508 2773 785 66
865 774 2736 980 nicht studiert, da soll d’Øch gleich....“
860 917 3010 1160 Amadeus lächelte. “Seid unbesorgt. Heut Abend
877 1091 2999 1277 agter ich den Rittersmann Tannhäuser, so wahr
891 1220 2759 1454 ich in diesem Augenblick vor Euch steh!“
903 1391 3093 1582 "Aber versteht ihr auch die Rolle ganz und gar?
885 1571 2919 1728 Wisst ihr wie sie zu deuten, wte sie aufzu-
905 1719 3096 1914 fassen ist? Ich wollte euch genr einiges erklä-
908 1819 3093 2031 ren. - Da wäre gleich die erste Scene... Wisst
914 2008 3210 2216 ihr was das verstnnlichen soll? Was das bedeutet?
911 2185 3048 2331 Was Tannhäuser vorstellen soll und was Venus?
923 2322 3008 2516 Von der ersten Soene sprech ich.... versteht
937 2479 2533 2688 ihr micht Hört ihr nur auf micht
934 2642 3090 2862 "Was die Abschtedsscene vorstellen soll, frag¬
940 2776 3159 2951 tet ihr? So ists doch?.. Nun ich denke sie soll
934 2922 2931 3153 nichts andres vorstellen, als was sie ist.
937 3056 3225 3273 Ein Märchen hervorgegangen aus dem frei schaffen-
948 3219 3173 3467 den Volksgetöst, das nicht zu deuten und nicht
960 3408 2999 3556 zu kommentieren ist. Die Luft einer schönen
963 3527 3025 3785 Vergangenheit weht uns daraus ergutchend an,
