3448 4200
2721 415 2870 575 78
848 507 3019 818 senkte sich die Luft zu ihm herab, bald schien
848 734 3022 924 ste Höher und höher zu steigen um sich wettaus¬
851 854 2409 1092 zubretten ohne Saum und Grenzen.
854 1049 3030 1241 Und wie sein Blick so verdoren sich auch seine
862 1192 2946 1396 Gedanken in Unklarheit und Träumeret, bis er
881 1336 2962 1545 endlich ermüdet und angegriffen von den Aben-
894 1480 2992 1667 teuern der letzten Tage in tiefen, ergutohen-
889 1672 1930 1870 den Schlummer versank.
