3384 4136
2770 569 2934 719 107
796 643 2770 884 wie aus weiter Ferne, aber immer näher und
799 906 2906 1025 näher, raste das Fortissimo der Geigen heran;
802 1054 3042 1158 von Neuem trat das Bassgetgenmotiv rrrummmrumm
802 1212 2810 1357 auf, doch mit einem Male mit dem grossartig
802 1368 3045 1481 majestätischen Akkord, den Sie wohl bemerkt haen
804 1524 2954 1629 endete der Kampf der Streichinstrumente, und
807 1663 2816 1776 Frieden verkündend das stürmische Motiv der
810 1773 2782 1926 Bassgeigen vergessend. — Nicht wahr, mein
802 1960 1960 2076 Fräulein? Wars nicht so?
821 2020 2917 2221 "Gapz so. — und dann meine Phantaste! Bei mir
816 2207 2994 2391 hatten die Flöten das Hauptmotiv. Haben Sie das
810 2362 2889 2535 immer schuldcher werdende LiliIililili gehört.
802 2586 3079 2665 wie dann die Geigen das Motiv stärker, die Bass -
816 2733 2770 2841 geigen aber in einem brausenden Fortissimo
804 2889 3002 3008 wartierten? — Nicht wahr, mein Herr? Wars nicht
813 3039 1088 3141 so? "
816 3079 2988 3300 „Ganz so. Und doch haben wir beide keinen Preis
804 3348 1895 3439 beim Conkurs erhalten!"
776 3498 2708 3651 "Sehen Sie, da kommt gerade Helene Flink,
