3432 4200
2763 460 2899 582 80
838 599 2910 807 süssen, roten Muld, der neben ihm atmete, und
852 763 3054 943 an den weissen Busen, der neben ihm sich schwel¬
849 938 1975 1154 lend hob und senkte. —
874 1065 2965 1281 "Und das, Flidia, " sagte er, als er mit sei¬
877 1234 3107 1426 ner Erzählung zu Ende war, das ist die Geschthoh
890 1359 2896 1573 te meines Lebens. Nun aber ist es mir ganz
882 1503 3021 1739 klar und es steht wunderhell und leuchtend vor
890 1667 2907 1861 meinen Augen, dass ich gefunden, was ich so
896 1820 2912 2014 lang gesucht, und nicht mehr herumscheet fen
888 1983 2921 2183 muss auf der weiten Erde, eine Achredite zu
907 2116 2962 2347 finden- ich halte sie ja schon in meinen Ar¬
918 2288 3018 2463 men und fühle ihren Kuss auf meinen Lippen. "
910 2441 2985 2652 Als sie stch aus seiner Umarmung losge macht
918 2610 2896 2785 hatte, fragte sie ihn holdselig: “Und jetzt
938 2732 3004 2918 bist Du auch wieder Dichter? Nicht wahr? Ich
935 2876 2818 3112 bin se eftel Amadeus, sage doch ein paar
954 3084 2355 3262 schöne Verse auf unsre Liebe!"
943 3193 2732 3431 Sie standen hinter dem Theatergebäude.
968 3362 2807 3545 "Nicht jetzt, geliebtes Kind", sagte er
974 3523 3010 3695 “lass uns den seligen Augenblick schweigend,
949 3678 1553 3831 und uns das
