3464 4184
2788 582 2929 758 60
758 749 1496 959 vor sich hin.
764 926 2926 1064 "Der Dichter dieser Verse", sprach der Schläf¬
749 1058 3015 1232 rige, "soll ein Mensch gewesen sein, der niemals
743 1241 3069 1403 Ruhe hatte, ewig wanderte von Ort zu Ort. Dieses
749 1364 3162 1541 Stück übergab er unserm Direktor, als er mit diesem
728 1508 2893 1682 der damals noch ein Geiger war, ein paar Tage
773 1673 3069 1840 zusammen verbracht hatte. Er zog aber bald wieder
776 1801 2890 2008 fort ohne sein Werk zurück verlangt zu haben.
773 1966 3162 2134 So ist s bei uns geblieben und wir führen es schon
776 2173 2125 2329 zu wiederholten Malen auf. "
2269 2134 2377 2329 V:S:
785 2269 3174 2434 "Lass uns nun sehen, was die genus erwidert", sagte
761 2440 3042 2617 Amadeus und wollte weiter lesen. Da hörte er aus
785 2617 3186 2752 dem neben gelegenen Zimmer eine angenehme weibliche
773 2749 2488 2932 Stimme die folgenden Worte sprechen.
779 3030 2179 3261 O wilsstest Du, geliebter Mann
785 3228 2119 3417 Wie innig genus lieben kann,
776 3378 2500 3555 Du sehntest nach der Welt Dich nicht
788 3489 2398 3717 Und nach dem blauen Himmels Licht.
