3528 4248
2895 370 3028 550 48
902 489 3228 758 "Mit welcher Gewalt ihre Gegenwart auf mich wirkt.
897 694 3046 926 Jetzt wo ich sie nicht mehr ### vor meinen
900 830 3057 1073 Augen sehe, fühl ich erst, wie sie mich ernie
934 969 3008 1197 drigt! Um ihrer Liebe willen - es klingt ko¬
937 1166 3104 1403 misch - ich soll um ihrer Liebe willen - Setl-
963 1316 3107 1516 tänzer werden! Ich soll um einen Kuss von ihr,
949 1475 2968 1672 mit der Bande herumstehen, Komödte spielen,
960 1614 3040 1840 ein ganzes Jahr unter diesen Vagabunden ver-
963 1788 2956 1978 bringen!" Nein, nein! Aber auf andre Weise
978 1903 3104 2135 kann ich sie nicht erringen - und meine Liebe
981 2048 3309 2300 zu ihr - das fühl ich - ist unendlich. Jetzt schon
986 2247 3167 2464 wieder, wo sie mich kaum verlassen, lechze ich
1001 2372 3170 2621 nach ihrem Anlitz. Es ist Aphrodite! Ich habe
1009 2528 3089 2765 die Göttin meines Traums gefunden - ich will
1009 2684 3049 2910 ste besitzen, koste es was es wolle. Und so
1027 2846 3208 3054 set es denn! Was ist es am Ende für etne Schan-
1036 2988 3112 3205 de unstät umher zu ziehen von Ort zu Ort mit
1021 3138 3205 3376 etner Seiltänzerbande.- Ich will Lucas Wunsch
1050 3271 3173 3514 erfüllen — augenblicklich etle ich zu ihr und
1053 3428 3205 3682 sage ihr Lebewohlt!" Er folgte ihr in ihr Zim-
