3400 4184
2758 656 2933 859 101
859 837 3002 1059 gesagt, roher Mensch, wie einst, wo ich förm -
851 987 3086 1201 lich, mit dem Knittel so zu sagen, meine Strasse
870 1223 1587 1382 gewandert bin. „
867 1332 2950 1501 "Aber was hat Euch nun" — entgegenete Amadeus,
873 1407 3030 1632 "Was mich so verwandelt hat?.. Die Stadt. Ich
887 1612 3064 1813 bin fertig mit allem Vagabundieren und Vagieren
887 1760 2980 1949 in der Welt, mit allen sogenannten poetischen
892 1921 3030 2091 Wanderschaften, mit aller albernen Naturschwär
892 2129 1437 2271 merei und —
901 2199 2827 2391 „Und aller Jugend ", setzte Amadeus fort
890 2366 3025 2546 Der Andre sah ihn betroffen an und sagte nur :
915 2510 2955 2697 "hm". Nach einer Weile fuhr er fort. "Es tst
909 2677 2930 2891 wah in den dret Monaten bin toh, was man so
920 2830 2972 3022 sagt, gesetzt gevorden. Ich bin verheiratet.
937 3005 1774 3169 "Ach verheiratet!"
940 3136 2836 3305 "Eine Schriftstellerin ist meine Gattin."
940 3286 2344 3464 „Und Ihr schreibt nicht mehr?“
945 3417 3108 3608 "Ach doch. Theaterkrittiken, kleine Feutlletons,
