3336 4184
2709 739 2865 919 118
810 878 2824 1073 der Fremde, "erfahren Sie denn vorallen wer
807 1048 2843 1242 und was ich bin. Ich bin - ein durchgefalle
802 1185 1494 1363 ner Student.
824 1357 2963 1530 "Durchgefallen!" riefen Ernst, Elsa und der Ka
807 1499 1573 1677 pellmets ter aus!
818 1653 2829 1839 "S ist nicht so zu verwundern, wenn man nur
818 1787 2958 1989 recht bedenktwas für leichtsinniger Mensch ich
807 1965 2996 2110 bin. Wenn man bedenkt, dass ich meine Zeit lie¬
807 2085 2873 2285 ber mit diesem reizenden Geschöpfe", er warf
799 2260 2914 2400 dem Mädchen, das ihn umschlungen hatte, einen
807 2408 2952 2578 leuchtenden Blick zu, "als hinter den Büchern
799 2561 2909 2755 verbracht habe. Und alle Wetter! ich weiss es
794 2701 2818 2909 dass ichs im Leben doch viel weiter bringen
791 2851 2750 3010 werde, als manche meiner Kollegen, die die
780 3004 2816 3177 Prüfung mit glänzendem Erfolg bestanden. In
785 3166 2758 3322 der Prüfung vor dem gewaltigen Lehrmeister
774 3314 2164 3494 Schicksal werd ich bestehen!"
769 3481 2969 3639 Der Kapellmeister schüttelte den Kopf und sagte
774 3617 1259 3784 kein Wort.
