3464 4200
2787 533 2925 659 75
842 755 2471 941 Kein Mensch dir je verzethen kann.
859 910 2555 1054 Wie in dem Stub der vor dir ltegt,
851 1071 2198 1214 Jedwedes Leben ist verstegt.
871 1206 2561 1347 Wenn er noch jemals blüht und grünt,
868 1375 2440 1527 Dann hast Du Gnade erst verdient,
876 1505 2305 1660 Sonst aber fluchbeladner Mann,
888 1637 2491 1817 Kein Mensch Dir je verzethen kann.
888 1803 2454 1944 Heb Dich hinweg von meinem Blick.
902 1950 2288 2158 Und kehre hierher nie zurück.
907 2093 2756 2336 Dein Herz kann tief die Schuld bereuen,
907 2262 2485 2485 Nur eines hoffe nicht, Verzethn!"
921 2401 3099 2615 Der Papst wendet dem Verzweifelnden den Rücken
935 2541 3144 2772 und Tannhäuser wankt gebrochen fort. Er wandert
935 2679 3203 2936 wieder dem Berge zu, den er verlassen, und steht
947 2868 3063 3080 nach dreitägiger Wanderschaft vor dem Felsen,
966 3001 3173 3184 in dem genus haust. Er legt sich auf die Wiese
958 3173 2987 3322 nieder und wollüstige Träume umgaukeln ihn.
961 3308 3136 3471 Da ziehen von der Ferne Abgesandte des Papstes
975 3401 3026 3643 heran, dessen Stub plötzlich zu grünen ange-
