3528 4248
2820 474 2963 591 23
948 586 2441 781 Amadeus kilsst das Marmorbild.
1180 884 3058 1042 Noch in derselben Nacht säss Amadeus an
927 1085 3138 1269 seinem Schreibtischin dem nur durch ein Kerzen¬
913 1255 2969 1378 lich erleuchteten Zimmer. Ein Bücherschrank
916 1401 3104 1507 stand an der einen Wand, während in einer Ecke
919 1539 3064 1714 die Bildsäule der Venus, der Göttin der Liebe
922 1683 3110 1849 aufgestellt war. Das Fenster war offen und man
913 1889 3144 2024 hörte in der nächtlichen Stille, wie der Fluss
910 2024 3052 2165 mit den träumerischen Wellen langsam vorüber¬
913 2165 1344 2283 rauschte.
411 2191 692 2420 12 / X
922 2314 3009 2489 "Sitz ich doch da, wie der Poet im Lustspiel",
916 2452 3095 2598 sagte Amadeus zu sich selbst und lachte ärger¬
913 2601 3193 2774 lich. "Ich kam an der Feder und die Verse wollen
907 2776 3044 2891 nicht gehen." Er trat zum offenen Fenster und
907 2891 3089 3072 sah in den unruhigen Fluss kinab und über ihn
907 3072 3052 3253 weg in die nächtliche, stille Gegend bis zu
916 3219 2980 3414 den fernen mondblassen Gebirge. Und wieder
902 3402 3156 3557 höher schweiften seine Augen, bis hinauf zu dem
896 3520 3204 3741 silbergestirnten, tiefblauen, glitzernden Himmel.
