3480 4232
2889 486 3024 694 43
927 778 2551 1009 "Ihr milssts ja schon gewöhnt sein!"
936 849 3080 1158 "Ach Gott gewohnt! S sind noch keine zwet Mo¬
919 1076 2903 1298 nate, dass ich in der Stadt wohlbestallter
933 1205 3060 1447 Geiger im Cirkus war, alle Tage nichts zu tun
944 1366 2875 1610 hatte, als in der Kapelle mitsusptelen -"
967 1489 3116 1753 „Wie seid ihr denn plötzlich dazugekommen euch
1020 1619 2931 1908 an die Spitze der Seiltänzer zu stellen!"
992 1776 3060 2079 "Ehrgetz", sagte der Dtrektor. "Jeder Mensch
587 1841 762 2043 28
984 1894 3046 2186 hat Ehrgetz — und da will er eben hoch hin¬
998 2110 3170 2397 aus. Höher als es gut tät für thn! So hatt ich
998 2206 3198 2515 mirs in den Kopf gesetzt selbstständig zu sein.
1017 2442 3049 2678 das war m e t n Ehrgeiz und so bin ich denn
1028 2526 3094 2818 jetzt ein selbststündiger Mensch — Du lieber
1026 2675 3144 2981 Gott! Ich wills nicht gerade leugnen, dass es
1040 2832 3161 3133 seine lustigen Seiten hat, das selbstständige
1051 2998 3043 3324 Leben, wie tohs führe, aber — wie ich Euch
1062 3209 3099 3437 sagte, s ist so recht beschwerlich! doch um
1076 3279 3276 3586 davon abzukommen, — wer war denn die feine Dame
1071 3439 3338 3799 mit dem hübschen jungen Mann, ihr und alle Leute
