3464 4184
2699 551 2829 792 61
405 614 511 757 3
535 612 622 810 V
659 753 1924 916 An meinem Busen findest Du
659 947 1906 1071 Die einzge ewig süsse Ruh,
675 1058 2261 1254 Und findest unbeschreiblich Glück,
670 1234 2141 1395 In metnem Kuss und Liebesblick.
655 1517 1974 1665 Nie liebte ich so inniglich
668 1695 2244 1819 Ein schönes Henschenkind wie Dich
662 1837 2309 2015 Drum zieh nicht in die Welt hinauf,
675 1993 2050 2161 In den gewohnten Alltagslauf,
670 2135 2422 2298 Und schleiche nicht im selben Schritt
679 2296 1822 2466 Wie alle Erdensöhne mit.
666 2568 2100 2766 Dort oben wartet niemand Dein,
666 2733 2302 2918 Dem Du noch kannst willkommen sein,
675 2899 2222 3088 Dort oben kennt Dich keiner mehr,
668 3060 2181 3240 Du wirst genusslos, freudenleer,
668 3208 2222 3351 Nicht Ruhe finden und nicht Rast,
668 3364 2353 3515 Die Welt umwandern, stets ein Gast..
662 3504 2265 3706 Ein Fremdling sein im weiten Raum,
