3416 4184
2878 642 3032 859 99
952 798 2982 1059 " Erwartet Ihr etwa eten Mann? Ach steh, da
966 996 3111 1276 kann ich mich ja hinter diesem Vorhang verber
974 1229 1287 1358 gen. „
969 1243 3144 1578 „ Nicht, nicht - verlasst das Zimmer, verlässt
963 1547 1276 1671 es ”.
977 1567 3051 1789 " Ihr spielt Eure Rolle schlecht, Blanka -
974 1748 3029 1940 Ihr wisst euch nicht zu verstellen, wie ich.
982 1967 3144 2187 Ich weiss es - Amadeus befindet stch in diesem
988 2104 3158 2247 Zimmer. Gebt mir den Mantel. " Sie nahm ihn der
988 2258 3057 2472 bleichen Blanka aus der Hand indem sie tri -
1001 2340 3147 2557 umpfterend zum Vorhang sah, der sich regte und
993 2497 3158 2697 rauschte. Amadeus stürzte hervor und wollte Lu
1010 2716 3125 2862 ola von heissetser Sinnenleidenschaft erfasst,
1015 2878 3144 2999 umarmen. Sie aber stiess ihn zurück und rief :
1018 3037 2982 3139 "Es ist noch kein Jahr. " Sie verliess das
1007 3106 3095 3298 Zimmer. EinWeilchen stand Amadeus wie besinn¬
1012 3243 3216 3479 nungslos. Dann floh er ihr nach, die Stiege hin
1023 3408 3125 3641 unter zum Haustor hinaus - zu spät. Luota var
