3336 4184
2652 694 2801 860 97
832 760 1902 993 dunkeln Augen lange an.
827 984 2779 1161 "Ich bins", sagte sie dann und ein halbes
818 1098 3022 1300 Lächenl spielte plötzlich wie zufällig über ihr
813 1244 2903 1463 Antlitz. Sie warf die Nonnenkleidung ab und
838 1421 2967 1601 stand nun in prächtigem Glanze da. Ein goldge-
841 1540 3033 1745 sticktes dunkelblaues Kleid fiel von den Hüften
841 1712 2942 1872 zu Boden herab und den Busen umfing ein kur -
838 1900 2992 2099 zuer, silberdurchwirkter nur durch eine Spange
843 2010 2054 2218 zusammengehaltener Mantel.
852 2179 3008 2378 "Ich hatte eben einen Gedanken", sprach Luota
838 2317 3061 2502 lebhaft. " Malt nicht meinen Koff allein. Glaubt
841 2469 2983 2688 Ihr nicht es hätte mehr Wirkung, wenn Ihr auch
830 2624 3047 2820 meine Büste multet!" und sie griff mit der Hand
841 2779 2914 2959 an die Spange. Blanka riss den Arm derGräfin
849 2942 2865 3127 schnell weg und rief ganz bleich im Antlitz
843 3111 1853 3268 aus. " Lasst, Lasst!"
857 3235 1700 3420 "Was habt Ihr - "
846 3332 2245 3567 " Ich bitt Euch, nicht heute.“
857 3525 2088 3736 "Warum, erklärt mir doch?"
