3848 4248
3364 351 3450 494 4
946 658 3273 855 beschäftigt, Papa spielt, Führen Sie mich hin. Ich
972 804 3444 1029 möchte die Frauen sehen, wegen den man sich umbringt.
968 953 3494 1124 - Nun, wir stiegen in einen Wagen. Sehr interessant, so
994 1190 1662 1355 ein Abenteuer
953 1244 3425 1538 Mir fährt durch den Kopf: Wenn ich jetzt einen Andern
950 1491 1750 1620 bei ihr fände...
950 1614 2127 1798 Aber es war niemand dort.
962 1782 1690 1937 Sie war allein.
968 1826 3513 2076 Was für ein Vorwand? Ich sage ihr: ein junges Geschöpf,
978 2089 1738 2244 das Sie verehrt.
965 2155 3412 2399 Nun, ich will Ihnen die Wahrheit sagen: Ich habe ihm
984 2399 1386 2576 geliebt.
978 2466 2994 2709 Sie plaudert mit ihr über die letzte Rolle.
987 2636 2595 2839 Im Wagen: Nicht wahr, Sie sind es?
997 2836 1725 2997 Ja, ich bin es.
997 2969 2051 3133 Und da küsst sie mich.
1016 3111 2190 3292 Was war das für ein Kuss?
1013 3257 2567 3421 Verstehen Sie das, lieber Doktor?
