3848 4248
294 364 427 529 9
950 832 2086 1022 Sie tanzt mit irgendwem.
940 991 2051 1181 Es war ja gleichgiltig.
943 1124 2367 1304 Da sieht sie ihn; etwas blass,
965 1279 2557 1497 Warum ist er da? Er muss ja nicht,
994 1484 2133 1617 Er ist etwas geckenhaft.
962 1589 3301 1747 Wie sie mich ansieht... nein, die Frauen-
1000 1744 2852 1915 Sie wird sich wundern, dass ich da bin.
965 1880 2510 2051 Ja, die hätte er heiraten sollen.
965 2048 3076 2212 Sie lächelt ihn an, während sie vorübertanzt.
975 2187 3516 2367 Wie lang ist’s her? Noch keine vierzehn Tage...? Ist as
984 2336 3418 2529 wahr, dass sich ihr Freund wegen unglücklicher Liebe
984 2538 1719 2697 umgebracht hat!
984 2665 1174 2877 Ja.
984 2754 3431 3019 Man hört, es soll eine so nichtswürdige Person sein.
991 2956 1510 3143 Es heisst,
997 3045 3165 3333 Er hat irgenawen bei ihr getroffen. Ist es so?
1006 3254 1200 3469 Ja.
994 3393 2250 3618 Nun, ich möchte sie sehen.
1019 3608 1282 3751 Wann?
1016 3735 2557 3963 Jetzt. Eine Stunde haben wir Zeit
2674 3782 3124 3966 Mams 1: 34
