2872 3432
452 439 2445 591 Oberst: Doch kennst du den Jammer des Solcatenle-
479 603 926 695 bens nicht.
477 727 1705 871 Erasmus: Alles besser als Ruhe.
479 814 2257 978 Pfarrer: (kommt) Herr Oberst, lasst mir den, der
472 991 891 1087 blieb mir.
469 1063 1981 1221 Erasmus: Will Euch aber nicht bleiben.
489 1229 2371 1395 Pfarrer: Eine Krankheit, die ihn überiiel, seit im
472 1350 2207 1480 vorigen Jahr der Hauptmann Friesen hier war.
459 1450 2264 1606 Oberst: Den werdef töh ja heut noch sehen. Ein-
464 1636 1748 1720 Kriegsmann, wie wir ihn brauchen.
469 1693 2294 1849 Pfarrer: Ein Freund, ein Jugenogenosse. Auf der
564 1867 2497 1988 li vere itat zusamnen. Auch er Theologe. Doch gleich-
472 2006 1939 2137 wie der Krieg begann Soldat geworden.
1425 2080 1914 2192 an inner de
474 2128 2276 2259 Oberst: Und kämpft jetzt mit uns Katholischen.
469 2274 1931 2396 Pfarrer: Glaub ich nicht. Verwirrung.
494 2401 1661 2525 berst: Macht das aus mit ihm.
472 2512 2321 2689 Pfarrer: Ich halte den Gottesdienst,wie es sich
467 2664 1353 2783 trifit, auch im Freien.
464 2768 2386 2927 oberst: Ich ratckuch, flieht diese Gegend,es wird
474 2927 797 3083 Schlimm.
