3075 3512
807 513 2622 646 Landgraf Philipp von Hessen: Eiubarnherzi-
800 628 2542 775 ger soldat und ein gottesfürchtiger Buh-
784 757 2246 915 ler kommen schwerlich zum Ziele..
780 893 2341 1040 Welcher Geld hat kummt davon, welcher
782 963 2454 1103 nicht muss henken oder sunst zu Tid ge-
773 1031 1478 1155 schlagen werden.
759 1135 2570 1299 Luther-Tenn weil das Schwert ist von Cott
764 1252 2576 1435 eingesetzt die Bösen zu strafen,die Fromren
753 1390 2427 1521 zu schützen und rriede zu handhaben,so
744 1514 2493 1677 ist es nun gewaltliglich genug bewieser,
744 1654 2533 1797 dass Krieg und Würgen von Cott eingesetzt
737 1790 2529 1923 Ist und was vriegslauf und recht mitbrin-
723 1907 2344 2061 get.Was ist Krieg anders,denn Unrecht
719 2045 2484 2206 und böses Strafen? Warum kriegt man, dein
710 2154 2463 2312 dass man Friede und Gehorsam haben will.
1876 2321 2233 2463 Ff. S. 56.
678 2400 1926 2549 Musketier und Pikenier S. 59.
