3272 3784
603 1008 822 1117 Ben
583 1087 859 1179 ein kun
576 1162 938 1266 sctosli kin
573 1229 933 1380 nu bricht
559 1584 876 1708 Ich hatt et
576 1676 876 1760 colles h. v
596 1735 869 1857 win.
948 670 1907 807 Andere Offiziere kommen.
956 827 2661 968 Oberst: Wo bleibt der Dietrich von Friesen?
953 943 2813 1097 Der Auszug der Schweden geschah nur zum Schein.
956 1063 2887 1199 Sie halten sich nah. Sie wollen uns hier überfal-
963 1229 2813 1353 len, ehe unsere Hauptmacht zu uns gestossen ist.
961 1343 2870 1502 Der Tilly aber muss-morgen da sein. Also wüchtig
958 1455 2813 1614 den Schweden zuvorzukommen. Eine Vorhut vor die
958 1596 2823 1743 Stadt, um die Schweden aufzuhalten. Ein Ausfall.
953 1730 2778 1884 Dazu habe ich den Friesen bestimmt. Wo ist er?
963 1857 2818 2021 Ad jutant: Sollte nicht lieber das Los entschei-
956 2011 2597 2152 den? Oder Exxxk freiwillige Meldung?
958 2118 2900 2281 Oberst: Ich kenn Euch ja,jeder würde sich melden.
971 2264 2324 2433 Und Ihr seid mir Alle gleich wert.
971 2391 2907 2532 (Dietrich hält den Oberst für seinen Feind,könnte
968 2527 2736 2701 glauben, dass er ihn in den Tod schicken will.
1961 2766 2147 2847 berst
961 2790 2947 2947 16. Erasmus vem wird vem Exxk gebracht, weil er mit
963 2917 2962 3078 dem Schwert betroffen wurde. Er soll gehängt wer-
968 3056 1144 3183 den.
958 3155 2875 3334 Oberet: Der Bub. Unsinnl Wirf dein Schwert hin.
