3288 3912
923 824 2639 1017 Erasmus: (aufs Schwert deutend) Das ist mein
928 995 1215 1138 Glaube.
921 1070 2670 1276 Dietrich: Ist dir’é gleich,wofür du kämpfst?
935 1259 1926 1353 Erasmus: Eyr meinen Ruhm.
928 1351 2660 1525 Exxxx Dietrich: Fraglich, ob du ihn erlebst.
930 1508 2552 1672 Erasmus: Das weiss keiner. Wusstet Ihris?
938 1742 2793 1916 Der Pfarrer: Was machst du da, Frasmus, ich suche
940 1858 2803 2083 dich. Wir fahren noch heute ab. Warte daheim auf
938 2068 1167 2194 mich.
954 2158 2375 2327 Zietrich: Du;erkennst du mich nicht?
991 2298 2404 2479 rasmue: Es ist Dietrich von Friesen.
957 2404 2902 2626 Ffarrer: Also wirklich - dass ich dir noch einmal
954 2559 2187 2738 wiederbegegne - siebzehn Jahre!
962 2699 2411 2854 Dietrich: Dein Sohn erzählt mir eben.
962 2829 1486 2984 Pfarrer: Was?
962 2950 2240 3071 ietrich: Deine Frau ist tot. -
957 3088 1684 3262 Pfarrer: Wohl ihr.
964 3192 2866 3388 Dirstrich: Vor zwei Jahren seh ich sie wieder in
