3288 3944
1084 584 2954 695 Oberst: Verlasst diese Stadt. Ee kann übel wer-
1087 717 2913 900 den. Wo predigt Ihrf, da Ihr keine Kirche mehr
1094 866 1318 994 habt?
1079 975 2990 1172 Pfarrer: Im Wald, auf dem Friedhof. Aber ich ver-
1099 1138 1928 1298 lassse den Ort nicht.
1096 1264 2203 1362 Cberst: Macht was Ihr wollt.
1087 1393 2001 1558 Pfarrer: Und mein Sohn?
1094 1503 1926 1634 berst: Der ist frei.
1092 1653 2208 1763 Erasmns: Darf ich nicht mit?
1087 1760 2908 1935 Ad jutant: Morgen Früh ertönt die Werbetrommel.
1092 1916 2674 2018 Ich kann keinen hindern sich zu melden.
1096 2035 2893 2220 Erasmus: Ihr mich auch nicht, Vater. Ihr wisst,
1084 2181 2898 2346 dass der Vietrich von Friesen schon bereit war
1092 2319 2896 2485 vor drei Jahren -"Wenn du gross und stark bist
1084 2448 1874 2570 nehme ich dich mit.
1099 2533 2866 2747 Werst: Der Dietrich von kriesen? Mein Haupt-
1072 2711 1296 2794 mann.
1084 2803 2769 2973 krasmus: Ich hab ex doch geahnt, dass er da
1075 2969 3032 3114 ist. Ich such ihn. Er soll mich in sein Regiment
1079 3105 1916 3253 nehmen. Istürzt davon)
