3272 3592
896 557 2733 714 Behaltet das Amulette. Ich will nichts von Euch
896 714 2614 839 wissen. Mit jedem Andern zieh ich lieber ins
896 831 2691 996 Feld als mit Euch. x Ihr bildet Euch ein,dass
899 971 2801 1141 sie Euer Weib war. Ich bin Euer Sohn nicht. Ich-
899 1103 2863 1286 bleibe- bei meinem Vater. In seiner Hut, in seinem
899 1203 2791 1415 Haus bin ich aufgewachsen. Auch meine Mutter hat
904 1393 2052 1508 nur ihn geliebt. Lasst mich.
916 1470 2708 1705 Lietrich: Verbise nicht, du biet in alter Forn
919 1692 1296 1810 geworben.
914 1737 2916 1922 Erasmus: Und w채r es zehnmal getan,soverl채r es seine
926 1932 1368 2064 Eiltigkeit.
929 2002 2928 2227 Zjetrich: Das ist die Frage. Wir wollen dem Pfarrer
924 2172 2054 2336 die Entscheidung 체berlassen.
926 2309 2277 2484 Erasmus: Er hat schon entschieden.
931 2414 2903 2561 Dietrich: Damals wusste er noch nichts. Wir wollen
931 2566 2746 2696 ihn fragen,ob ihm so viel daran liegt den Sohn
934 2683 2708 2826 des Hauptmanne Dietrich von Friesen Theologie
941 2808 1730 2936 studieren zu lassen?
946 2913 2082 3078 Erasmus: Was f채llt Euch ein?
944 3000 2946 3180 Dietrich: Auf die Wahrheit kommt es an. Ich glaube,
956 3133 2159 3270 wir haben nun die Pflicht dazu.
