3272 3592
1125 565 3042 793 tetrich: Bist du ein Kind oder bist du ein Mann?
1070 743 2733 915 Erasmus: Ich möchte wohl ein Mann werden.
1077 851 2737 1053 Vietrich: Einmal im Gefecht und du bist es.
1058 1015 2430 1177 Brasmus: Meine Sehnsucht, Lauptmann.
1053 1141 2120 1272 Dietrich: Eis dir wird was.
1044 1260 2256 1427 Erasmus: "In Hauptmann wie Ihr.
1032 1382 2916 1615 Dietrich: Das wäre verdammt wenig. Du wirst mehr
1017 1513 1515 1637 Glück haben.
1017 1661 2909 1844 Du soilst heute nicht mehr in deines Vaters Haus
1008 1799 2809 1975 schlafen. Ich nehm dich mit in mein Quartier.
1003 1882 2916 2120 Erasmus: Ich muss ihn noch einmal sehen. Ich will
994 2061 2878 2240 nicht vor ihm fliehen. Ich will Abschied von ihm
974 2159 1279 2318 nehmen:
977 2301 2740 2509 Dietrich: Und wenn er dir noch einmal flucht?
972 2452 2418 2642 Trasmus: Dann muss ich's eben tragen.
960 2583 2821 2773 Jetzt müsste von irgend einer anderen Seite den
943 2697 2840 2907 Eresmus klar gemacht werden, dass er an dem Fluch
934 2816 2795 3045 des Pfarrers verderben muss. Nicht weil es der
917 2954 1873 3133 Efarrer ist, sondern weil
1892 3038 2668 3176 es sein Vater ist.
910 3097 1487 3243 Erasmus: Warum
1682 3162 2852 3345 er das getan? Er weise es doch
