2856 3448
817 249 983 468 wir
1071 285 1283 463 Lede
795 424 2497 580 fluchten im letzten Augenblick. Du treibst
739 563 2534 680 in armseliges Gewerbe. Soll auch Grasmus "heo-
729 690 1305 822 ogie studieren?
690 793 2524 958 Pfarrer: Und wasbist du? Selbst wenn du ein Ge-
654 934 2409 1083 neral warst. Den Wallenstein haben sie umge-
654 1063 1800 1175 bracht und Gustav Adolf fiel.
1283 1161 1614 1249 der Oberile
654 1205 2495 1361 Jetzt der Befehl, der Hauptmann habe die Vorhut
649 1334 1054 1449 zu führen.
710 1432 1449 1593 o ist der Fähnrich?
639 1573 1683 1712 ie Mädchen kommen zurück.
612 1717 2339 1871 Pfarrer: (zum Hauptmann) iu bist auch nichts
629 1858 1788 1971 besseres als ein Landsknecht.
615 1988 2573 2117 Hauptmann: Erasmus wird mehr werden. Und auch ein
619 2127 2497 2249 Landsknecht ist immer noch was besseres als ein-
622 2258 2368 2395 Ffarrer. Er lügt nicht. Glaubst du,ich weiss
600 2388 2361 2531 nicht mehr von deinen Zweifeln in deiner Ju-
612 2522 990 2646 gendzeit.
605 2622 1861 2783 Pfarrer: Ich zweifle nicht mehr.
607 2766 2285 2902 Efarrer wird zuxExxxxExanden berufen zu
602 2905 2322 3048 irgend einer religiösen Handlung,vielleicht
