2835 3496
104 258 543 430 Betdl. Refehl
164 227 2362 537 obert. ver sit felut - Cormus.- Pfarter.
296 444 921 592 Beprisiun
214 488 2110 784 siet. Ich wußte nicht – daß sie ilrt.
332 603 2452 891 reuel di merljät mit i mei Gotte hit¬
312 808 1625 1063 het von Caraniwit.
2203 937 2576 1126 teben.
277 904 1767 1241 Sanen. Ichr den Amt-!
797 1019 2148 1302 sibli cin bene Cute
269 1151 762 1337 Fetrid..
992 1096 2507 1367 Sicherheit u. wegehzt mih
342 1312 973 1460 die einer
337 1293 2455 1565 Sohat ist ist mitt, weniges at wit
329 1458 2036 1713 Ssan. En Friedl kommer¬
323 1532 2529 1817 tilint. Velleicht: Einmel!! Ir sehr
384 1713 1841 1959 trei cues e eiedles jururt.
367 1784 2562 2159 Sfarrer. Und set ich deet er - bei fes
543 1959 2556 2236 er locht niht sehr - war liit eh¬
389 2140 2524 2436 helu Cclali. 2. zu serbit cor au
510 2236 2428 2600 smenel. dis prefel. de giele 1
501 2466 2211 2726 neht. wie weinen mor mit en
466 2666 1340 2863 veber Ran
449 2718 2430 3047 Ri. licicte glaiht - ele occlet
490 2861 2545 3140 lenicl-eirt im Trde unt
775 3009 2428 3310 hl habewelche diete. de
441 3129 729 3326 tilt¬
