3272 3640
817 630 1440 796 Veber die Pest.
812 776 2685 960 2. Wirt von rechts. Hat nur mehr Srot und Käse.
812 924 1628 1062 Keinen Gropfen mehr.
822 1044 2555 1205 3. Stiegler und Frau. Man hat sie bestohlen.
817 1184 2869 1343 Das Feld, das sie auf dem Friedhof verborgen, geraubt.
814 1309 1789 1427 Er beschimpft seine Frau
809 1447 2683 1593 Worwald zum Wirt: Frot nicht zum beissen. Würft
814 1572 2216 1728 es fort. Ein Hungriger hebt es auf.
814 1703 2764 1884 Umpstetter: Da gönnst doch den Schweden eher dein
812 1853 2724 1991 Silber als den Katholiken. Und wirst doch wieder
807 1986 2121 2113 dem Franziskaner die Hand küssen.
814 2116 1501 2216 Bewegung stärker.
807 2223 2759 2417 Der Turmwächter behauptet, die Kaiserlichen rücken
804 2356 1077 2481 heran.
812 2461 2598 2642 Unmöglich. Nebel. Und das Feuer, weil irgendwo
809 2619 1805 2759 ein Hof angezündet wurde.
799 2749 2637 2892 4. Ein junger Mensch meldet die Ankunft eines
1080 2859 1488 2958 Fouriers.
799 2874 1085 3015 Lafter
791 2979 2741 3066 Morwald: Wird ein falscher Fourir sein,wie voiges
799 3091 1016 3188 Jahr.
779 3155 2767 3311 5. Fürgermeister auf dem ditan des Rathauses: Vor-
