<?xml version="1.0" encoding="UTF-8" standalone="yes"?>
<PcGts xmlns="http://schema.primaresearch.org/PAGE/gts/pagecontent/2013-07-15" xmlns:xsi="http://www.w3.org/2001/XMLSchema-instance" xsi:schemaLocation="http://schema.primaresearch.org/PAGE/gts/pagecontent/2013-07-15 http://schema.primaresearch.org/PAGE/gts/pagecontent/2013-07-15/pagecontent.xsd">
    <Metadata>
        <Creator>prov=READ-COOP:name=PyLaia@TranskribusPlatform:version=2.7.0:model_id=50870:lm=none:date=22_01_2024_18:42</Creator>
        <Created>2023-09-27T14:37:07.515+02:00</Created>
        <LastChange>2024-01-22T18:42:47.912+01:00</LastChange>
        <TranskribusMetadata docId="1589043" pageId="60124217" pageNr="11" tsid="145633249" status="IN_PROGRESS" userId="40391" imgUrl="https://files.transkribus.eu/Get?id=OQADROYAQEYOCHXZAMOYZVIT&amp;fileType=view" xmlUrl="https://files.transkribus.eu/Get?id=DOESCJYUDSIRTYPTXBGJYLVZ" imageId="48549295"/>
    </Metadata>
    <Page imageFilename="1589043_0011.jpg" imageWidth="3272" imageHeight="3848">
        <ReadingOrder>
            <OrderedGroup id="ro_1711791723993" caption="Regions reading order">
                <RegionRefIndexed index="0" regionRef="tr_1"/>
            </OrderedGroup>
        </ReadingOrder>
        <TextRegion orientation="0.0" id="tr_1" custom="readingOrder {index:0;}">
            <Coords points="967,593 967,3216 3000,3216 3000,593"/>
            <TextLine id="tr_1_tl_1" custom="readingOrder {index:0;}">
                <Coords points="974,689 1140,659 1306,712 1344,684 1892,684 1892,591 1792,581 1397,622 974,594"/>
                <Baseline points="988,656 1033,665 1079,665 1124,662 1170,662 1215,662 1261,665 1306,664 1352,659 1397,662 1443,662 1488,662 1534,662 1579,661 1625,660 1670,662 1716,662 1761,662 1807,662 1852,663 1898,668"/>
                <TextEquiv>
                    <Unicode>ben Feck stehen werde.</Unicode>
                </TextEquiv>
            </TextLine>
            <TextLine id="tr_1_tl_2" custom="readingOrder {index:1;}">
                <Coords points="976,838 2416,798 2398,710 2129,760 1666,694 1130,740 976,712"/>
                <Baseline points="991,791 1062,794 1134,795 1205,797 1277,797 1348,794 1420,793 1491,794 1563,794 1634,794 1706,794 1777,792 1849,791 1920,789 1992,790 2063,791 2135,787 2206,790 2278,788 2349,789 2421,788"/>
                <TextEquiv>
                    <Unicode>Adjutant: Sie halten uns zum Narrn.</Unicode>
                </TextEquiv>
            </TextLine>
            <TextLine id="tr_1_tl_3" custom="readingOrder {index:2;}">
                <Coords points="974,969 1366,979 1444,939 1600,981 1978,928 2154,1004 2348,921 2997,946 2997,883 2926,858 2645,878 2521,825 2189,873 2046,833 1837,881 1505,833 1417,876 974,853"/>
                <Baseline points="988,922 1088,928 1189,925 1289,925 1390,922 1491,924 1591,923 1692,925 1792,919 1893,922 1994,922 2094,920 2195,916 2295,921 2396,918 2497,921 2597,919 2698,918 2798,916 2899,918 3000,916"/>
                <TextEquiv>
                    <Unicode>Oberst: In Magdeburg wird über den Frieden beratén.</Unicode>
                </TextEquiv>
            </TextLine>
            <TextLine id="tr_1_tl_4" custom="readingOrder {index:3;}">
                <Coords points="976,1067 2250,1082 2250,1001 2094,971 1865,999 1671,954 1220,1004 976,969"/>
                <Baseline points="991,1053 1054,1056 1117,1056 1180,1056 1244,1055 1307,1055 1370,1054 1433,1056 1497,1053 1560,1053 1623,1053 1686,1054 1750,1054 1813,1053 1876,1053 1939,1053 2003,1049 2066,1049 2129,1050 2192,1052 2256,1050"/>
                <TextEquiv>
                    <Unicode>Ad jutant: Sie lassen sich Zeit.</Unicode>
                </TextEquiv>
            </TextLine>
            <TextLine id="tr_1_tl_5" custom="readingOrder {index:4;}">
                <Coords points="974,1228 1829,1185 1980,1241 2091,1200 2330,1223 2390,1183 2816,1208 2816,1087 2650,1079 1570,1127 1485,1085 1283,1135 974,1135"/>
                <Baseline points="988,1185 1079,1188 1171,1185 1262,1184 1354,1185 1446,1182 1537,1182 1629,1181 1721,1182 1812,1182 1904,1182 1996,1184 2087,1180 2179,1182 2271,1180 2362,1177 2454,1179 2546,1179 2637,1176 2729,1179 2821,1179"/>
                <TextEquiv>
                    <Unicode>14. Jürgermeister und einige Bürger bitten den</Unicode>
                </TextEquiv>
            </TextLine>
            <TextLine id="tr_1_tl_6" custom="readingOrder {index:5;}">
                <Coords points="979,1361 1359,1319 1998,1351 2043,1331 2043,1238 1467,1223 1261,1266 976,1238"/>
                <Baseline points="991,1310 1043,1314 1096,1316 1149,1316 1202,1316 1255,1316 1307,1316 1360,1316 1413,1316 1466,1318 1519,1317 1571,1313 1624,1316 1677,1316 1730,1316 1783,1314 1835,1316 1888,1316 1941,1319 1994,1319 2047,1319"/>
                <TextEquiv>
                    <Unicode>Oberst um milde Behandlung.</Unicode>
                </TextEquiv>
            </TextLine>
            <TextLine id="tr_1_tl_7" custom="readingOrder {index:6;}">
                <Coords points="971,1487 2733,1469 2733,1361 2602,1329 2272,1381 2154,1326 2038,1374 1862,1341 1402,1394 1190,1346 971,1359"/>
                <Baseline points="985,1441 1072,1447 1160,1447 1248,1447 1336,1444 1423,1441 1511,1444 1599,1445 1687,1444 1774,1444 1862,1444 1950,1444 2038,1444 2125,1441 2213,1441 2301,1441 2389,1443 2476,1442 2564,1441 2652,1444 2740,1444"/>
                <TextEquiv>
                    <Unicode>Oberst: Es soll Euch nichts Vebleres werden.</Unicode>
                </TextEquiv>
            </TextLine>
            <TextLine id="tr_1_tl_8" custom="readingOrder {index:7;}">
                <Coords points="974,1600 1563,1593 1691,1636 1744,1600 2182,1585 2836,1615 2813,1485 2471,1467 2010,1517 1953,1477 1814,1517 1620,1464 1537,1507 974,1510"/>
                <Baseline points="988,1579 1080,1580 1173,1582 1265,1579 1358,1582 1451,1582 1543,1579 1636,1579 1729,1579 1821,1580 1914,1579 2007,1579 2099,1578 2192,1578 2285,1576 2377,1578 2470,1574 2563,1576 2655,1576 2748,1576 2841,1573"/>
                <TextEquiv>
                    <Unicode>als es diesen traurigen Zeiten gemuss ist. Aber</Unicode>
                </TextEquiv>
            </TextLine>
            <TextLine id="tr_1_tl_9" custom="readingOrder {index:8;}">
                <Coords points="971,1761 1306,1716 1789,1771 2083,1721 2448,1761 2541,1726 2881,1739 2881,1636 2798,1646 2730,1595 2504,1638 2373,1608 2297,1651 1729,1610 1512,1661 971,1648"/>
                <Baseline points="985,1707 1080,1713 1175,1713 1270,1713 1365,1713 1460,1710 1555,1711 1650,1711 1745,1712 1840,1711 1935,1710 2030,1710 2125,1707 2220,1707 2315,1707 2410,1707 2505,1707 2600,1707 2695,1707 2790,1707 2886,1701"/>
                <TextEquiv>
                    <Unicode>wenn Ihr noch einen Pfarrer in der Stadt habt, er</Unicode>
                </TextEquiv>
            </TextLine>
            <TextLine id="tr_1_tl_10" custom="readingOrder {index:9;}">
                <Coords points="974,1870 1145,1910 1223,1865 1432,1895 1625,1852 2101,1907 2247,1849 2846,1882 2952,1877 2954,1789 2705,1792 2589,1744 2453,1779 2272,1726 2114,1782 2026,1741 1683,1799 1502,1736 1324,1789 976,1751"/>
                <Baseline points="988,1850 1086,1850 1185,1850 1283,1850 1382,1850 1480,1850 1579,1849 1677,1847 1776,1846 1874,1847 1973,1850 2071,1846 2170,1847 2268,1848 2367,1845 2465,1847 2564,1846 2662,1841 2761,1844 2859,1844 2958,1850"/>
                <TextEquiv>
                    <Unicode>soll schaun, dass er sich davonmacht. Keine Gewähr,</Unicode>
                </TextEquiv>
            </TextLine>
            <TextLine id="tr_1_tl_11" custom="readingOrder {index:10;}">
                <Coords points="974,1990 1155,2033 1268,1995 1766,1985 1998,2028 2091,1993 2796,1993 2798,1860 2584,1900 2509,1862 2302,1930 2217,1882 2109,1912 2008,1875 1603,1920 976,1905"/>
                <Baseline points="988,1982 1078,1983 1169,1983 1260,1982 1351,1979 1441,1981 1532,1982 1623,1982 1714,1980 1804,1979 1895,1979 1986,1979 2077,1979 2167,1979 2258,1979 2349,1979 2440,1979 2530,1979 2621,1976 2712,1979 2803,1970"/>
                <TextEquiv>
                    <Unicode>wenn die Seligmacher kommen. Jeder mach es mit</Unicode>
                </TextEquiv>
            </TextLine>
            <TextLine id="tr_1_tl_12" custom="readingOrder {index:11;}">
                <Coords points="961,2166 1306,2129 1540,2172 1769,2121 1935,2161 2106,2121 2801,2149 2801,2036 2562,2008 2433,2008 2335,2063 2114,2010 1709,2046 1480,2005 1336,2076 1193,2016 961,2026"/>
                <Baseline points="976,2113 1067,2116 1159,2116 1250,2116 1342,2113 1433,2113 1525,2116 1616,2116 1708,2115 1799,2116 1891,2113 1982,2113 2074,2111 2165,2113 2257,2113 2348,2113 2440,2113 2531,2113 2623,2113 2714,2113 2806,2113"/>
                <TextEquiv>
                    <Unicode>seinem Gewissen ab, ob er die Taufe nehmen will</Unicode>
                </TextEquiv>
            </TextLine>
            <TextLine id="tr_1_tl_13" custom="readingOrder {index:12;}">
                <Coords points="961,2277 996,2265 1034,2285 1064,2262 1115,2290 1188,2262 1273,2297 1351,2275 1412,2290 1412,2151 961,2164"/>
                <Baseline points="976,2244 1001,2246 1027,2247 1053,2249 1079,2249 1105,2247 1131,2247 1157,2247 1183,2247 1209,2247 1235,2247 1261,2248 1287,2250 1313,2250 1339,2250 1365,2250 1391,2250 1417,2250"/>
                <TextEquiv>
                    <Unicode>oder nicht.</Unicode>
                </TextEquiv>
            </TextLine>
            <TextLine id="tr_1_tl_14" custom="readingOrder {index:13;}">
                <Coords points="976,2411 2964,2408 2964,2307 2853,2290 2594,2328 1975,2250 1829,2317 1704,2270 976,2287"/>
                <Baseline points="991,2367 1095,2378 1199,2379 1303,2379 1407,2380 1511,2379 1615,2379 1720,2380 1824,2379 1928,2379 2032,2379 2136,2379 2240,2379 2345,2379 2449,2379 2553,2376 2657,2377 2761,2379 2865,2379 2970,2376"/>
                <TextEquiv>
                    <Unicode>Bürgermeister hat dem Obersten im Rathaus quartier</Unicode>
                </TextEquiv>
            </TextLine>
            <TextLine id="tr_1_tl_15" custom="readingOrder {index:14;}">
                <Coords points="981,2557 1067,2539 1132,2544 1180,2524 1228,2554 1263,2531 1321,2539 1319,2438 1283,2446 1248,2431 1215,2453 1105,2438 1054,2473 979,2461"/>
                <Baseline points="994,2513 1019,2516 1045,2519 1071,2517 1096,2516 1122,2516 1148,2517 1173,2519 1199,2519 1225,2519 1250,2519 1276,2520 1302,2522 1328,2525"/>
                <TextEquiv>
                    <Unicode>bereitet.</Unicode>
                </TextEquiv>
            </TextLine>
            <TextLine id="tr_1_tl_16" custom="readingOrder {index:15;}">
                <Coords points="969,2713 1308,2720 1525,2657 1943,2695 2149,2660 2343,2715 2534,2655 2924,2670 2924,2607 2675,2526 2529,2577 2390,2536 1875,2577 1676,2539 1575,2579 1188,2531 1052,2582 969,2554"/>
                <Baseline points="982,2638 1079,2648 1176,2647 1274,2649 1371,2650 1469,2650 1566,2650 1664,2650 1761,2648 1859,2650 1956,2648 2053,2650 2151,2650 2248,2647 2346,2648 2443,2650 2541,2650 2638,2650 2736,2650 2833,2650 2931,2650"/>
                <TextEquiv>
                    <Unicode>Oerst: Hein, ich bin es gewöhnt im Zelt zu schla-</Unicode>
                </TextEquiv>
            </TextLine>
            <TextLine id="tr_1_tl_17" custom="readingOrder {index:16;}">
                <Coords points="961,2821 2280,2816 2280,2745 2204,2713 2114,2755 2021,2715 1764,2755 1160,2738 1044,2695 961,2723"/>
                <Baseline points="976,2791 1041,2794 1106,2789 1172,2789 1237,2791 1302,2791 1368,2791 1433,2789 1498,2791 1564,2789 1629,2792 1694,2791 1760,2791 1825,2791 1890,2791 1956,2791 2021,2794 2086,2794 2152,2794 2217,2794 2283,2794"/>
                <TextEquiv>
                    <Unicode>fen. Wohler als zwischen Mauern.</Unicode>
                </TextEquiv>
            </TextLine>
            <TextLine id="tr_1_tl_18" custom="readingOrder {index:17;}">
                <Coords points="959,2952 2257,2959 2307,2894 2083,2858 1852,2884 1422,2808 956,2828"/>
                <Baseline points="973,2922 1040,2920 1107,2922 1174,2922 1241,2922 1308,2922 1375,2922 1442,2925 1509,2922 1576,2923 1643,2925 1710,2925 1777,2925 1844,2924 1911,2925 1978,2924 2045,2925 2112,2925 2179,2928 2246,2926 2313,2925"/>
                <TextEquiv>
                    <Unicode>Atant Bürgermeister u.s. w. ab.</Unicode>
                </TextEquiv>
            </TextLine>
            <TextLine id="tr_1_tl_19" custom="readingOrder {index:18;}">
                <Coords points="954,3090 1505,3133 1759,3057 1865,3105 2166,3050 2471,3110 2954,3060 2911,2992 2262,3012 2164,2969 1993,3009 1761,2997 1661,2947 954,2977"/>
                <Baseline points="967,3047 1066,3051 1166,3047 1266,3044 1365,3048 1465,3048 1565,3049 1664,3047 1764,3047 1864,3047 1964,3047 2063,3050 2163,3049 2263,3051 2362,3051 2462,3053 2562,3050 2661,3050 2761,3052 2861,3053 2961,3044"/>
                <TextEquiv>
                    <Unicode>15. Ad jutant: Ein jämmerliches Pack,das immer noch</Unicode>
                </TextEquiv>
            </TextLine>
            <TextLine id="tr_1_tl_20" custom="readingOrder {index:19;}">
                <Coords points="959,3186 2154,3188 2154,3113 2003,3100 1834,3143 1273,3098 959,3135"/>
                <Baseline points="973,3179 1032,3179 1091,3179 1151,3179 1210,3179 1270,3179 1329,3182 1388,3182 1448,3182 1507,3185 1567,3179 1626,3179 1685,3182 1745,3182 1804,3182 1864,3182 1923,3182 1982,3182 2042,3182 2101,3182 2161,3185"/>
                <TextEquiv>
                    <Unicode>um sein bischen leben zittert.</Unicode>
                </TextEquiv>
            </TextLine>
            <TextEquiv>
                <Unicode></Unicode>
            </TextEquiv>
        </TextRegion>
    </Page>
</PcGts>
