3288 3576
973 587 2916 811 Aufenthalt als ein Schlachtfeld. Wie oft musstest.
993 718 2820 915 Ihr Euch verkriechen in diesen siebzehn Jahren?
963 859 2036 1038 Ffarrer: Das tat ich nie..
950 998 2880 1212 Dietrich: Ich wette, dir war der Tod öfter nah als
935 1119 1124 1255 mir.
935 1242 2790 1497 Pfarrer: Kommt es darauf an? Ich habe doch man-
927 1404 1688 1545 chem Trost gegeben.
910 1515 2858 1751 Dietrich: uf wie lange? Gibt es denn noch jeman-
900 1653 1819 1822 den, der an Gott glaubt?
892 1797 2835 2021 Pfarrer: Ich mache, dass sie Ihn glauben, auch wenn
887 1935 2701 2155 sie zweifeln, ja,sogar wenn ich selber zweifle.
877 2049 2775 2271 Dietrich: Was weisst du davon? Ich sah viele, die
864 2180 2850 2402 lebten wie die Schurken und starben sanft und habe
859 2308 2719 2535 fromme Leute gekannt, die fluchten und lästerten
852 2439 2701 2674 Gott im Tod. Du treibst ein armseliges Gewerbe.
837 2598 2674 2805 Pfarrer: Und du, Hauptmann, ziehst seit siebzehn
834 2699 2689 2911 Jahren von einem Ort zum andern, bald unter dem,
824 2830 2722 3039 bald unter jenen General,ohne zu wissen, wofür du
806 2913 2838 3185 kämpfst, ohne Aussichten auf Ruhm. Wolltest du nicht
811 3077 2790 3336 als General erst wiederkomnen? Und bist ein Lands-
