<?xml version="1.0" encoding="UTF-8" standalone="yes"?>
<PcGts xmlns="http://schema.primaresearch.org/PAGE/gts/pagecontent/2013-07-15" xmlns:xsi="http://www.w3.org/2001/XMLSchema-instance" xsi:schemaLocation="http://schema.primaresearch.org/PAGE/gts/pagecontent/2013-07-15 http://schema.primaresearch.org/PAGE/gts/pagecontent/2013-07-15/pagecontent.xsd">
    <Metadata>
        <Creator>prov=READ-COOP:name=PyLaia@TranskribusPlatform:version=2.7.0:model_id=50870:lm=none:date=22_01_2024_18:42</Creator>
        <Created>2023-09-27T14:37:08.695+02:00</Created>
        <LastChange>2024-01-22T18:42:49.372+01:00</LastChange>
        <TranskribusMetadata docId="1589043" pageId="60124257" pageNr="19" tsid="145633257" status="IN_PROGRESS" userId="40391" imgUrl="https://files.transkribus.eu/Get?id=NUSUIZTLGHNWRBMIVXGNULVY&amp;fileType=view" xmlUrl="https://files.transkribus.eu/Get?id=QCNTTCEKXPPNELUWPMQPUONZ" imageId="48549335"/>
    </Metadata>
    <Page imageFilename="1589043_0019.jpg" imageWidth="3288" imageHeight="3944">
        <ReadingOrder>
            <OrderedGroup id="ro_1711791736341" caption="Regions reading order">
                <RegionRefIndexed index="0" regionRef="tr_1"/>
                <RegionRefIndexed index="1" regionRef="tr_2"/>
            </OrderedGroup>
        </ReadingOrder>
        <TextRegion orientation="0.0" id="tr_1" custom="readingOrder {index:0;}">
            <Coords points="638,1093 638,1543 964,1543 964,1093"/>
            <TextLine id="tr_1_tl_1" custom="readingOrder {index:0;}">
                <Coords points="663,1161 734,1188 767,1176 777,1183 796,1168 834,1188 853,1171 886,1173 881,1064 777,1078 753,1059 743,1069 727,1062 708,1076 689,1071 677,1085 658,1085"/>
                <Baseline points="674,1146 701,1150 729,1153 756,1154 784,1156 812,1158 839,1160 867,1160 895,1158"/>
                <TextEquiv>
                    <Unicode>de ma¬</Unicode>
                </TextEquiv>
            </TextLine>
            <TextLine id="tr_1_tl_2" custom="readingOrder {index:1;}">
                <Coords points="646,1306 677,1299 703,1316 743,1290 760,1294 781,1275 805,1285 874,1278 874,1180 853,1171 836,1188 786,1190 767,1176 736,1192 694,1168 646,1159"/>
                <Baseline points="659,1268 686,1268 714,1268 741,1268 769,1268 797,1268 824,1268 852,1267 880,1265"/>
                <TextEquiv>
                    <Unicode>ichans</Unicode>
                </TextEquiv>
            </TextLine>
            <TextLine id="tr_1_tl_3" custom="readingOrder {index:2;}">
                <Coords points="629,1401 663,1404 679,1418 824,1382 891,1382 891,1297 876,1294 765,1342 748,1330 729,1342 698,1342 686,1330 667,1344 632,1332"/>
                <Baseline points="644,1376 669,1379 694,1381 719,1382 744,1382 769,1381 794,1380 819,1378 844,1376 869,1375 895,1373"/>
                <TextEquiv>
                    <Unicode>werden</Unicode>
                </TextEquiv>
            </TextLine>
            <TextLine id="tr_1_tl_4" custom="readingOrder {index:3;}">
                <Coords points="620,1544 712,1527 815,1539 876,1503 893,1518 902,1508 955,1518 962,1434 936,1423 912,1439 888,1418 846,1432 826,1418 750,1442 746,1432 722,1442 632,1430"/>
                <Baseline points="638,1516 663,1512 688,1510 713,1508 738,1504 763,1502 788,1501 813,1501 838,1500 863,1499 888,1496 913,1493 938,1487 964,1480"/>
                <TextEquiv>
                    <Unicode>Aiet</Unicode>
                </TextEquiv>
            </TextLine>
            <TextEquiv>
                <Unicode></Unicode>
            </TextEquiv>
        </TextRegion>
        <TextRegion orientation="0.0" id="tr_2" custom="readingOrder {index:1;}">
            <Coords points="982,720 982,3351 2937,3351 2937,720"/>
            <TextLine id="tr_2_tl_1" custom="readingOrder {index:0;}">
                <Coords points="1064,765 1558,824 2054,786 2670,824 2667,753 2361,748 2180,691 1589,729 1062,677"/>
                <Baseline points="1077,749 1156,752 1236,757 1316,758 1396,761 1476,767 1556,770 1636,768 1716,776 1796,776 1876,778 1955,781 2035,785 2115,788 2195,788 2275,791 2355,793 2435,797 2515,800 2595,803 2675,800"/>
                <TextEquiv>
                    <Unicode>Dietrich: Was geht's dich an,wer ich bin.</Unicode>
                </TextEquiv>
            </TextLine>
            <TextLine id="tr_2_tl_2" custom="readingOrder {index:1;}">
                <Coords points="2147,900 2263,902 2304,876 2361,914 2434,895 2546,919 2639,884 2639,838 2577,822 2515,843 2494,824 2430,838 2394,817 2332,831 2292,800 2147,819"/>
                <Baseline points="2161,859 2186,861 2211,862 2237,862 2262,862 2288,862 2313,862 2339,862 2364,862 2390,862 2415,862 2441,862 2466,862 2492,863 2517,865 2543,863 2568,862 2594,862 2619,861 2645,859"/>
                <TextEquiv>
                    <Unicode>Iekotin wit</Unicode>
                </TextEquiv>
            </TextLine>
            <TextLine id="tr_2_tl_3" custom="readingOrder {index:2;}">
                <Coords points="1057,917 1161,898 1235,933 1323,898 1539,948 1648,914 1924,940 1921,884 1888,872 1510,817 1237,850 1052,808"/>
                <Baseline points="1071,883 1113,883 1156,888 1199,892 1242,890 1285,894 1328,895 1370,895 1413,895 1456,899 1499,901 1542,901 1585,901 1628,902 1670,905 1713,907 1756,908 1799,910 1842,911 1885,916 1928,919"/>
                <TextEquiv>
                    <Unicode>Einige Mädchen kommen.</Unicode>
                </TextEquiv>
            </TextLine>
            <TextLine id="tr_2_tl_4" custom="readingOrder {index:3;}">
                <Coords points="1052,1043 1302,1033 1449,1085 2064,1059 2183,1102 2370,1057 2860,1083 2857,1002 2525,1024 2380,955 2254,993 2116,945 1862,986 1786,945 1632,986 1472,950 1347,993 1050,929"/>
                <Baseline points="1065,1009 1155,1012 1245,1021 1335,1018 1425,1024 1515,1030 1605,1033 1695,1038 1785,1041 1875,1041 1965,1044 2055,1047 2145,1050 2235,1053 2325,1053 2415,1056 2505,1062 2595,1065 2685,1065 2775,1067 2866,1062"/>
                <TextEquiv>
                    <Unicode>Es wäre zu bedenken, ob jetzt erst Jakobine er-</Unicode>
                </TextEquiv>
            </TextLine>
            <TextLine id="tr_2_tl_5" custom="readingOrder {index:4;}">
                <Coords points="1026,1161 1437,1166 1527,1216 1824,1183 2254,1199 2320,1240 2465,1202 2786,1235 2855,1206 2852,1116 2764,1159 2138,1083 1869,1133 1653,1081 1024,1104"/>
                <Baseline points="1038,1146 1129,1146 1220,1152 1311,1155 1402,1158 1493,1158 1584,1162 1675,1168 1766,1168 1857,1171 1949,1177 2040,1179 2131,1182 2222,1183 2313,1186 2404,1189 2495,1191 2586,1194 2677,1197 2768,1199 2860,1194"/>
                <TextEquiv>
                    <Unicode>scheint. Eine Szene zwischen ihr und dem Fähn-</Unicode>
                </TextEquiv>
            </TextLine>
            <TextLine id="tr_2_tl_6" custom="readingOrder {index:5;}">
                <Coords points="1026,1282 1860,1351 1952,1320 2028,1358 2681,1337 2933,1389 2914,1261 1026,1237"/>
                <Baseline points="1038,1277 1137,1278 1237,1280 1337,1283 1437,1286 1537,1287 1637,1296 1737,1301 1837,1303 1937,1307 2037,1308 2137,1312 2237,1316 2337,1319 2437,1314 2537,1323 2637,1327 2737,1334 2837,1334 2937,1337"/>
                <TextEquiv>
                    <Unicode>rich müsste vorhergegagngen sein. Sie müsste ihn</Unicode>
                </TextEquiv>
            </TextLine>
            <TextLine id="tr_2_tl_7" custom="readingOrder {index:6;}">
                <Coords points="1036,1427 1323,1427 1510,1487 2282,1454 2470,1503 2767,1472 2767,1399 2449,1423 2266,1366 1938,1396 1672,1337 1513,1378 1033,1340"/>
                <Baseline points="1047,1403 1133,1409 1219,1412 1305,1414 1392,1418 1478,1421 1564,1426 1651,1426 1737,1428 1823,1434 1910,1436 1996,1437 2082,1442 2168,1445 2255,1448 2341,1451 2427,1451 2514,1455 2600,1456 2686,1459 2773,1456"/>
                <TextEquiv>
                    <Unicode>damals in dieser Dzene schon gewarnt haben:</Unicode>
                </TextEquiv>
            </TextLine>
            <TextLine id="tr_2_tl_8" custom="readingOrder {index:7;}">
                <Coords points="1019,1565 2795,1617 2793,1544 2660,1553 2496,1487 2123,1532 1893,1477 1617,1513 1503,1475 1157,1499 1016,1451"/>
                <Baseline points="1033,1531 1121,1531 1209,1540 1298,1543 1386,1546 1474,1552 1563,1552 1651,1557 1739,1560 1828,1563 1916,1564 2004,1567 2093,1573 2181,1576 2269,1579 2358,1582 2446,1583 2534,1585 2623,1590 2711,1594 2800,1600"/>
                <TextEquiv>
                    <Unicode>Es würde Euch das Leben kosten. Und er müsste</Unicode>
                </TextEquiv>
            </TextLine>
            <TextLine id="tr_2_tl_9" custom="readingOrder {index:8;}">
                <Coords points="1016,1703 2805,1767 2819,1662 2477,1698 2273,1620 1620,1648 1012,1579"/>
                <Baseline points="1030,1674 1119,1671 1209,1671 1299,1677 1388,1680 1478,1683 1568,1686 1657,1689 1747,1692 1837,1695 1927,1701 2016,1701 2106,1707 2196,1710 2285,1713 2375,1716 2465,1716 2554,1722 2644,1725 2734,1731 2824,1731"/>
                <TextEquiv>
                    <Unicode>jetzt mit ihr wortlos verschwinden,so dass der</Unicode>
                </TextEquiv>
            </TextLine>
            <TextLine id="tr_2_tl_10" custom="readingOrder {index:9;}">
                <Coords points="1007,1807 2404,1872 2399,1803 2259,1774 2156,1807 1910,1750 1812,1793 1470,1727 1275,1769 1002,1700"/>
                <Baseline points="1021,1788 1090,1796 1159,1803 1228,1806 1298,1810 1367,1812 1436,1814 1505,1817 1575,1820 1644,1824 1713,1824 1782,1827 1852,1829 1921,1830 1990,1835 2059,1839 2129,1839 2198,1842 2267,1842 2336,1849 2406,1851"/>
                <TextEquiv>
                    <Unicode>Fahnrich bis jetzt da gewesen wäre.</Unicode>
                </TextEquiv>
            </TextLine>
            <TextLine id="tr_2_tl_11" custom="readingOrder {index:10;}">
                <Coords points="995,1945 1373,1952 1560,2014 2002,1971 2180,2014 2292,1978 2624,2004 2622,1917 2522,1943 2463,1895 2299,1928 2071,1869 1928,1912 1665,1869 1444,1905 993,1848"/>
                <Baseline points="1009,1925 1089,1927 1170,1933 1251,1935 1332,1941 1413,1943 1494,1943 1575,1946 1656,1950 1737,1948 1818,1952 1898,1960 1979,1962 2060,1962 2141,1968 2222,1973 2303,1973 2384,1975 2465,1979 2546,1980 2627,1982"/>
                <TextEquiv>
                    <Unicode>Dietrich: (zum Wirt) Wo ist Euere Tochter?</Unicode>
                </TextEquiv>
            </TextLine>
            <TextLine id="tr_2_tl_12" custom="readingOrder {index:11;}">
                <Coords points="993,2097 1577,2078 1850,2142 2434,2118 2544,2166 2715,2135 2712,2054 2176,2009 1330,2031 988,1971"/>
                <Baseline points="1006,2057 1091,2060 1177,2062 1262,2065 1348,2067 1434,2071 1519,2075 1605,2076 1691,2081 1776,2087 1862,2089 1948,2089 2033,2092 2119,2092 2205,2098 2290,2101 2376,2104 2462,2109 2547,2113 2633,2116 2719,2122"/>
                <TextEquiv>
                    <Unicode>Wirt: Zwei hab ich gehabt. Fragt mich nicht.</Unicode>
                </TextEquiv>
            </TextLine>
            <TextLine id="tr_2_tl_13" custom="readingOrder {index:12;}">
                <Coords points="986,2211 1641,2216 1843,2275 2194,2235 2655,2306 2736,2273 2791,2313 2883,2278 2878,2199 2624,2147 2404,2197 2249,2161 2002,2192 1874,2149 1544,2171 981,2109"/>
                <Baseline points="997,2164 1091,2183 1186,2192 1280,2195 1375,2198 1469,2200 1564,2205 1658,2209 1753,2212 1847,2215 1942,2218 2036,2222 2131,2224 2225,2225 2320,2232 2414,2236 2509,2239 2603,2242 2698,2245 2792,2251 2887,2254"/>
                <TextEquiv>
                    <Unicode>orwald kommt jetzt. Will auch Wein und verweist</Unicode>
                </TextEquiv>
            </TextLine>
            <TextLine id="tr_2_tl_14" custom="readingOrder {index:13;}">
                <Coords points="978,2342 1539,2346 1686,2404 1883,2363 1959,2404 2133,2382 2104,2280 1710,2270 1632,2323 1370,2287 1282,2223 974,2214"/>
                <Baseline points="988,2316 1045,2320 1102,2320 1160,2322 1217,2325 1275,2326 1332,2328 1390,2331 1447,2332 1505,2337 1562,2338 1619,2337 1677,2341 1734,2343 1792,2346 1849,2349 1907,2351 1964,2352 2022,2353 2079,2359 2137,2364"/>
                <TextEquiv>
                    <Unicode>den Wirt an den Zahlmeister.</Unicode>
                </TextEquiv>
            </TextLine>
            <TextLine id="tr_2_tl_15" custom="readingOrder {index:14;}">
                <Coords points="969,2510 1150,2498 1434,2577 1499,2527 2366,2503 2829,2556 2822,2396 2228,2453 1938,2387 1864,2430 1644,2384 1413,2420 1290,2356 967,2382"/>
                <Baseline points="982,2448 1074,2451 1167,2457 1259,2460 1352,2462 1444,2466 1537,2469 1629,2473 1722,2475 1814,2475 1907,2484 2000,2487 2092,2490 2185,2490 2277,2495 2370,2495 2462,2501 2555,2499 2647,2510 2740,2513 2833,2507"/>
                <TextEquiv>
                    <Unicode>Leutnant: (zu Dietrich) Dies war das Haus Kuerer</Unicode>
                </TextEquiv>
            </TextLine>
            <TextLine id="tr_2_tl_16" custom="readingOrder {index:15;}">
                <Coords points="976,2589 1009,2584 1038,2605 1112,2598 1178,2622 1221,2603 1249,2610 1242,2520 1188,2539 1159,2529 1135,2541 1050,2518 1038,2527 1000,2496 971,2510"/>
                <Baseline points="988,2567 1014,2570 1041,2574 1068,2575 1095,2580 1122,2585 1148,2585 1175,2586 1202,2587 1229,2587 1256,2585"/>
                <TextEquiv>
                    <Unicode>4tern?</Unicode>
                </TextEquiv>
            </TextLine>
            <TextLine id="tr_2_tl_17" custom="readingOrder {index:16;}">
                <Coords points="974,2753 1565,2731 1658,2791 2306,2767 2560,2819 2869,2784 2867,2712 2662,2746 2482,2648 2325,2700 1981,2710 1760,2655 1323,2679 1209,2617 969,2639"/>
                <Baseline points="985,2710 1079,2713 1173,2717 1268,2722 1362,2723 1456,2727 1551,2731 1645,2734 1739,2737 1834,2740 1928,2743 2022,2749 2117,2753 2211,2756 2305,2758 2400,2764 2494,2767 2588,2769 2683,2773 2777,2770 2872,2770"/>
                <TextEquiv>
                    <Unicode>Zietrich: Ich weise nicht mehr. In siebzehn Jah-</Unicode>
                </TextEquiv>
            </TextLine>
            <TextLine id="tr_2_tl_18" custom="readingOrder {index:17;}">
                <Coords points="993,2878 1670,2878 2304,2952 2541,2909 2712,2962 2864,2912 2791,2850 2565,2867 2449,2826 990,2807"/>
                <Baseline points="1003,2851 1096,2851 1189,2860 1282,2863 1376,2864 1469,2868 1562,2872 1656,2877 1749,2880 1842,2883 1936,2887 2029,2890 2122,2893 2215,2896 2309,2900 2402,2905 2495,2907 2589,2908 2682,2910 2775,2910 2869,2913"/>
                <TextEquiv>
                    <Unicode>ren vergisst sich viel. Wer von Euch hat den Eu-</Unicode>
                </TextEquiv>
            </TextLine>
            <TextLine id="tr_2_tl_19" custom="readingOrder {index:18;}">
                <Coords points="1047,3045 1218,3016 1598,3088 1689,3047 2071,3042 2313,3085 2612,3068 2715,3114 2764,3102 2760,3002 2591,3035 2354,2985 2054,3000 1917,2945 1724,2988 1525,2943 1043,2962"/>
                <Baseline points="1059,3006 1144,3006 1229,3011 1315,3012 1400,3017 1486,3020 1571,3022 1656,3028 1742,3030 1827,3033 1913,3036 1998,3039 2083,3042 2169,3048 2254,3050 2340,3054 2425,3058 2510,3063 2596,3063 2681,3063 2767,3063"/>
                <TextEquiv>
                    <Unicode>av Adolf noch gesehen? Ich aber sah ihn. Mit</Unicode>
                </TextEquiv>
            </TextLine>
            <TextLine id="tr_2_tl_20" custom="readingOrder {index:19;}">
                <Coords points="1088,3159 1442,3156 1539,3202 1582,3175 1696,3213 1788,3171 1971,3182 1969,3090 1800,3080 1693,3114 1620,3073 1520,3102 1297,3073 1088,3106"/>
                <Baseline points="1101,3137 1144,3137 1188,3137 1232,3140 1276,3143 1319,3146 1363,3149 1407,3147 1451,3148 1494,3151 1538,3152 1582,3154 1626,3155 1669,3157 1713,3156 1757,3157 1801,3160 1844,3163 1888,3164 1932,3166 1976,3164"/>
                <TextEquiv>
                    <Unicode>es eigentlich zu Ende.</Unicode>
                </TextEquiv>
            </TextLine>
            <TextLine id="tr_2_tl_21" custom="readingOrder {index:20;}">
                <Coords points="1133,3368 1513,3296 1722,3354 1862,3311 2109,3372 2301,3330 2420,3361 2418,3266 2073,3223 1983,3256 1883,3213 1126,3228"/>
                <Baseline points="1140,3272 1204,3276 1268,3278 1333,3279 1397,3283 1461,3285 1526,3289 1590,3290 1654,3293 1719,3299 1783,3299 1847,3299 1912,3305 1976,3305 2040,3308 2105,3313 2169,3314 2233,3318 2298,3320 2362,3322 2427,3322"/>
                <TextEquiv>
                    <Unicode>ient: Ihr kämpftet doch gegen ihn.</Unicode>
                </TextEquiv>
            </TextLine>
            <TextEquiv>
                <Unicode></Unicode>
            </TextEquiv>
        </TextRegion>
    </Page>
</PcGts>
