3224 3560
951 542 1257 659 schlug.
963 649 2485 846 Efarrer:(zu frasnus) Im unsern Glauben?
951 800 2801 1016 Leutnant: Und hat sich bei uns, bei den Katholi-
938 931 1809 1077 schen werben lassen -?
943 1043 2898 1269 Oberst: Wähle,Erasmus! Willst du sterben in dieser
909 1203 2815 1376 Stunde noch als Mörder des Haiptmann von Friesen
914 1340 2769 1500 oder deine Pflicht als Lanasknecht erfüllen,als
909 1468 2147 1644 der du dich hast werben lassen.
907 1590 2519 1760 Brasmus: Ich will haben, was ich verdiene.
897 1709 2830 1901 farrer: Bleib bei der Fähne, zu der du geschworen
883 1845 2616 2028 hast,-Meineid ist das schlimmere Verbrechen.
885 1964 2840 2169 Oberst: Es geht längst um den Glauben nicht mehr.
873 2118 1709 2251 Das wiest Ihr, Pfarrer
1998 2191 2738 2317 wie ich, wir fragen
863 2244 1867 2395 längst nicht mehr darnach
2244 2281 2436 2422 uns er
2414 2344 2806 2463 ren Leuten.
851 2380 1913 2531 evangelisch und wer katholi
2256 2460 2796 2577 Der Krieg ist
851 2524 2750 2713 ein Gewerbe oder ein Abenteuer, wie es sich eben
839 2631 2716 2886 fügt. Es geht immer nur uns eigene Leben. Wähle,
836 2752 2439 2935 Erasmus! Tot auf der Stelle oder mit uns.
827 2876 2716 3102 Pfarrer: Geh mit ihnen! Geh, wohin du willst, aber
819 3012 1045 3127 lebe!
817 3146 2577 3372 Oberzt: Das wird noch sehr die Frage seiniNer.
