<?xml version="1.0" encoding="UTF-8" standalone="yes"?>
<PcGts xmlns="http://schema.primaresearch.org/PAGE/gts/pagecontent/2013-07-15" xmlns:xsi="http://www.w3.org/2001/XMLSchema-instance" xsi:schemaLocation="http://schema.primaresearch.org/PAGE/gts/pagecontent/2013-07-15 http://schema.primaresearch.org/PAGE/gts/pagecontent/2013-07-15/pagecontent.xsd">
    <Metadata>
        <Creator>prov=READ-COOP:name=PyLaia@TranskribusPlatform:version=2.7.0:model_id=50870:lm=none:date=22_01_2024_18:42</Creator>
        <Created>2023-09-27T14:37:08.120+02:00</Created>
        <LastChange>2024-01-22T18:42:48.660+01:00</LastChange>
        <TranskribusMetadata docId="1589043" pageId="60124237" pageNr="15" tsid="145633253" status="IN_PROGRESS" userId="40391" imgUrl="https://files.transkribus.eu/Get?id=FHYGAAKMGETFGDZTCSVVWUPT&amp;fileType=view" xmlUrl="https://files.transkribus.eu/Get?id=ZUHTXKRMWJPWIDLJDAHGSBCN" imageId="48549315"/>
    </Metadata>
    <Page imageFilename="1589043_0015.jpg" imageWidth="3272" imageHeight="3944">
        <ReadingOrder>
            <OrderedGroup id="ro_1711791730216" caption="Regions reading order">
                <RegionRefIndexed index="0" regionRef="tr_1"/>
            </OrderedGroup>
        </ReadingOrder>
        <TextRegion orientation="0.0" id="tr_1" custom="readingOrder {index:0;}">
            <Coords points="994,799 994,3218 3000,3218 3000,799"/>
            <TextLine id="tr_1_tl_1" custom="readingOrder {index:0;}">
                <Coords points="988,903 2775,888 2885,878 2888,788 991,808"/>
                <Baseline points="1003,868 1097,868 1192,871 1286,871 1381,866 1475,867 1570,866 1664,868 1759,867 1853,868 1948,868 2042,868 2137,868 2231,868 2326,867 2420,862 2515,867 2609,865 2704,863 2798,859 2893,853"/>
                <TextEquiv>
                    <Unicode>Adjutant: Wir sind alle in gleicher Gefahr. Nir-</Unicode>
                </TextEquiv>
            </TextLine>
            <TextLine id="tr_1_tl_2" custom="readingOrder {index:1;}">
                <Coords points="1001,1036 1199,1016 1375,1061 1505,1031 1741,1084 1826,1029 1997,1044 2077,1006 2077,946 2010,923 1001,946"/>
                <Baseline points="1015,1003 1068,1003 1121,1003 1174,1001 1228,1000 1281,997 1334,1000 1387,1002 1441,1000 1494,1000 1547,1003 1600,1003 1654,1003 1707,1002 1760,1000 1813,1000 1867,1003 1920,1003 1973,1003 2026,1003 2080,1003"/>
                <TextEquiv>
                    <Unicode>gends ist das Leben sicher.</Unicode>
                </TextEquiv>
            </TextLine>
            <TextLine id="tr_1_tl_3" custom="readingOrder {index:2;}">
                <Coords points="1004,1129 1096,1157 1119,1139 1179,1179 1244,1149 1310,1189 1448,1149 1448,1081 1415,1091 1355,1066 1297,1086 1136,1084 1086,1079 1041,1049 1001,1059"/>
                <Baseline points="1018,1104 1043,1119 1069,1129 1094,1130 1120,1131 1145,1131 1171,1131 1197,1131 1222,1131 1248,1132 1273,1133 1299,1133 1325,1131 1350,1131 1376,1131 1401,1133 1427,1134 1453,1134"/>
                <TextEquiv>
                    <Unicode>41le davon.</Unicode>
                </TextEquiv>
            </TextLine>
            <TextLine id="tr_1_tl_4" custom="readingOrder {index:3;}">
                <Coords points="986,1322 1754,1264 1927,1335 2022,1282 2293,1257 2449,1350 2576,1367 2667,1302 2930,1274 2930,1154 2433,1217 2095,1212 1841,1154 1691,1209 1455,1144 1164,1212 988,1172"/>
                <Baseline points="1003,1262 1099,1262 1196,1259 1293,1260 1389,1259 1486,1259 1583,1254 1679,1256 1776,1256 1873,1259 1970,1256 2066,1254 2163,1251 2260,1253 2356,1256 2453,1252 2550,1251 2646,1253 2743,1253 2840,1253 2937,1253"/>
                <TextEquiv>
                    <Unicode>18. An dieser Stelle wäre die Szene Fähnrich und</Unicode>
                </TextEquiv>
            </TextLine>
            <TextLine id="tr_1_tl_5" custom="readingOrder {index:4;}">
                <Coords points="986,1448 1134,1410 1249,1432 1543,1407 1616,1440 1708,1400 1789,1417 1789,1325 1724,1347 1550,1295 1427,1340 986,1322"/>
                <Baseline points="1000,1385 1039,1390 1079,1391 1119,1391 1158,1393 1198,1394 1238,1394 1277,1394 1317,1394 1357,1394 1397,1391 1436,1391 1476,1393 1516,1394 1555,1394 1595,1394 1635,1393 1674,1391 1714,1394 1754,1394 1794,1394"/>
                <TextEquiv>
                    <Unicode>Jakobine einzufügen.</Unicode>
                </TextEquiv>
            </TextLine>
            <TextLine id="tr_1_tl_6" custom="readingOrder {index:5;}">
                <Coords points="2308,1475 2376,1475 2423,1455 2594,1465 2654,1443 2677,1450 2677,1347 2619,1352 2587,1375 2521,1365 2484,1335 2449,1350 2408,1320 2311,1340"/>
                <Baseline points="2325,1445 2350,1443 2376,1442 2401,1442 2427,1443 2453,1445 2478,1444 2504,1442 2530,1440 2555,1439 2581,1439 2607,1438 2632,1436 2658,1439 2684,1442"/>
                <TextEquiv>
                    <Unicode>F. turich.</Unicode>
                </TextEquiv>
            </TextLine>
            <TextLine id="tr_1_tl_7" custom="readingOrder {index:6;}">
                <Coords points="988,1560 1129,1586 1322,1530 1415,1570 1548,1523 1799,1583 2030,1548 2132,1586 2647,1565 2622,1453 1643,1490 1555,1450 988,1460"/>
                <Baseline points="1003,1525 1085,1525 1168,1523 1250,1525 1333,1522 1415,1521 1498,1522 1580,1522 1663,1519 1745,1522 1828,1520 1911,1519 1993,1519 2076,1519 2158,1519 2241,1517 2323,1516 2406,1516 2488,1516 2571,1519 2654,1516"/>
                <TextEquiv>
                    <Unicode>19. Dietrich von friesen und der Leutnant.</Unicode>
                </TextEquiv>
            </TextLine>
            <TextLine id="tr_1_tl_8" custom="readingOrder {index:7;}">
                <Coords points="988,1681 1269,1701 1360,1666 1726,1711 2153,1658 2328,1661 2411,1731 2760,1701 2760,1596 2561,1606 2461,1565 2220,1616 2082,1575 1919,1611 1849,1570 1703,1616 1616,1565 1510,1613 1237,1613 988,1560"/>
                <Baseline points="1003,1651 1091,1656 1179,1657 1267,1657 1355,1656 1444,1655 1532,1653 1620,1652 1708,1654 1796,1654 1885,1655 1973,1651 2061,1651 2149,1650 2237,1651 2326,1648 2414,1648 2502,1648 2590,1648 2678,1651 2767,1648"/>
                <TextEquiv>
                    <Unicode>Vielleicht der Fähnrich,so dass die Szene mit</Unicode>
                </TextEquiv>
            </TextLine>
            <TextLine id="tr_1_tl_9" custom="readingOrder {index:8;}">
                <Coords points="2032,1726 2145,1724 2170,1708 2225,1736 2258,1716 2275,1729 2308,1708 2336,1726 2358,1718 2361,1668 2293,1658 2225,1678 2198,1663 2125,1658 2075,1691 2032,1683"/>
                <Baseline points="2045,1710 2071,1707 2098,1704 2124,1704 2151,1704 2177,1704 2204,1704 2231,1704 2257,1702 2284,1701 2310,1701 2337,1700 2364,1698"/>
                <TextEquiv>
                    <Unicode>i F. dun1.</Unicode>
                </TextEquiv>
            </TextLine>
            <TextLine id="tr_1_tl_10" custom="readingOrder {index:9;}">
                <Coords points="986,1821 1377,1821 1538,1789 1824,1831 1824,1751 1716,1706 1525,1754 1475,1721 986,1716"/>
                <Baseline points="1000,1779 1041,1785 1083,1788 1124,1786 1166,1787 1207,1786 1249,1785 1290,1785 1332,1785 1373,1785 1415,1785 1456,1784 1498,1782 1539,1782 1581,1782 1622,1785 1664,1785 1705,1783 1747,1786 1788,1788 1830,1791"/>
                <TextEquiv>
                    <Unicode>Jakobine erst folgte.</Unicode>
                </TextEquiv>
            </TextLine>
            <TextLine id="tr_1_tl_11" custom="readingOrder {index:10;}">
                <Coords points="986,1984 1300,2002 1999,1934 2760,1959 2760,1849 2629,1809 2283,1869 2140,1826 1831,1874 1754,1826 1269,1874 986,1836"/>
                <Baseline points="1000,1913 1088,1914 1176,1916 1265,1914 1353,1914 1441,1915 1530,1914 1618,1916 1706,1916 1795,1915 1883,1912 1971,1910 2060,1912 2148,1905 2236,1910 2325,1913 2413,1910 2501,1910 2590,1910 2678,1910 2767,1907"/>
                <TextEquiv>
                    <Unicode>Dietrich von Friesen: Ist das Schicksal nicht</Unicode>
                </TextEquiv>
            </TextLine>
            <TextLine id="tr_1_tl_12" custom="readingOrder {index:11;}">
                <Coords points="988,2092 1192,2077 1297,2127 1698,2072 2050,2142 2569,2077 2845,2110 2847,1969 2639,1957 2418,2010 2263,1979 2213,2017 2007,1962 1939,2004 991,1989"/>
                <Baseline points="1006,2048 1098,2051 1190,2051 1283,2051 1375,2051 1468,2051 1560,2048 1652,2048 1745,2046 1837,2048 1930,2046 2022,2048 2114,2048 2207,2048 2299,2048 2392,2045 2484,2047 2576,2048 2669,2048 2761,2045 2854,2042"/>
                <TextEquiv>
                    <Unicode>witzig? Quartier im Vaterhause. Hier wohnte ich</Unicode>
                </TextEquiv>
            </TextLine>
            <TextLine id="tr_1_tl_13" custom="readingOrder {index:12;}">
                <Coords points="988,2208 1548,2200 1706,2253 1919,2190 2052,2210 2052,2117 1997,2107 1821,2140 1626,2097 1448,2140 988,2090"/>
                <Baseline points="1003,2182 1055,2184 1108,2181 1161,2179 1213,2181 1266,2182 1319,2182 1371,2182 1424,2181 1477,2179 1530,2179 1582,2182 1635,2179 1688,2180 1740,2181 1793,2179 1846,2179 1898,2179 1951,2181 2004,2179 2057,2182"/>
                <TextEquiv>
                    <Unicode>als Kind, als Jüngling noch.</Unicode>
                </TextEquiv>
            </TextLine>
            <TextLine id="tr_1_tl_14" custom="readingOrder {index:13;}">
                <Coords points="981,2316 1239,2376 1543,2323 1796,2373 1977,2343 2077,2396 2255,2346 2431,2386 2752,2313 2993,2333 2993,2245 2910,2213 2820,2253 2752,2220 2386,2268 2153,2230 2062,2265 1924,2218 1523,2270 981,2225"/>
                <Baseline points="994,2304 1094,2307 1194,2308 1294,2311 1395,2307 1495,2307 1595,2310 1696,2309 1796,2307 1896,2307 1997,2307 2097,2307 2197,2304 2297,2307 2398,2306 2498,2304 2598,2304 2699,2304 2799,2304 2899,2304 3000,2304"/>
                <TextEquiv>
                    <Unicode>War da nicht auch einmal ein Pfarzer? Lebt er noch?</Unicode>
                </TextEquiv>
            </TextLine>
            <TextLine id="tr_1_tl_15" custom="readingOrder {index:14;}">
                <Coords points="996,2459 1475,2489 1688,2449 2132,2494 2263,2446 2815,2489 2925,2449 2925,2383 2868,2366 2782,2398 2534,2356 2393,2398 2270,2356 1919,2411 1751,2361 1688,2398 996,2373"/>
                <Baseline points="1009,2424 1105,2436 1201,2440 1297,2441 1393,2442 1489,2442 1585,2439 1681,2442 1777,2442 1873,2442 1970,2443 2066,2440 2162,2441 2258,2442 2354,2442 2450,2441 2546,2441 2642,2440 2738,2442 2834,2437 2931,2436"/>
                <TextEquiv>
                    <Unicode>Vor drei Jahren hab ich ihn noch gesehen in Hild-</Unicode>
                </TextEquiv>
            </TextLine>
            <TextLine id="tr_1_tl_16" custom="readingOrder {index:15;}">
                <Coords points="988,2594 1029,2609 1209,2604 1335,2639 1432,2624 1432,2521 1360,2531 1315,2509 1267,2526 1199,2519 1099,2474 1056,2494 988,2479"/>
                <Baseline points="1003,2570 1028,2572 1054,2573 1079,2573 1105,2571 1131,2570 1156,2570 1182,2570 1208,2570 1233,2571 1259,2573 1285,2571 1310,2570 1336,2572 1362,2573 1387,2573 1413,2570 1439,2567"/>
                <TextEquiv>
                    <Unicode>burghausen.</Unicode>
                </TextEquiv>
            </TextLine>
            <TextLine id="tr_1_tl_17" custom="readingOrder {index:16;}">
                <Coords points="991,2760 1390,2742 1483,2697 1954,2747 2055,2709 2549,2750 2807,2714 2807,2652 2730,2629 2386,2652 2296,2612 1912,2664 991,2597"/>
                <Baseline points="1006,2704 1096,2699 1186,2701 1276,2699 1367,2697 1457,2696 1547,2694 1638,2698 1728,2698 1818,2696 1909,2696 1999,2696 2089,2696 2179,2696 2270,2696 2360,2696 2450,2696 2541,2696 2631,2696 2721,2696 2812,2698"/>
                <TextEquiv>
                    <Unicode>wie lang ist'’s her, dase es nichts Ernetes mehr</Unicode>
                </TextEquiv>
            </TextLine>
            <TextLine id="tr_1_tl_18" custom="readingOrder {index:17;}">
                <Coords points="988,2862 1074,2878 1164,2832 1673,2880 1756,2835 2060,2893 2248,2878 2248,2795 2200,2770 988,2767"/>
                <Baseline points="1003,2833 1065,2833 1128,2828 1190,2828 1253,2828 1315,2827 1378,2830 1440,2828 1503,2827 1565,2827 1628,2827 1691,2827 1753,2827 1816,2827 1878,2827 1941,2824 2003,2827 2066,2827 2128,2828 2191,2830 2254,2830"/>
                <TextEquiv>
                    <Unicode>gegeben hat. Ex wiru langweilig.</Unicode>
                </TextEquiv>
            </TextLine>
            <TextLine id="tr_1_tl_19" custom="readingOrder {index:18;}">
                <Coords points="988,2998 1771,2955 1892,3005 2010,2963 2153,3005 2228,2973 2306,3013 2677,3010 2955,2940 2955,2878 2574,2842 2524,2878 2055,2895 1924,2857 1355,2885 1154,2830 1071,2878 988,2860"/>
                <Baseline points="1003,2937 1100,2938 1198,2940 1296,2937 1394,2934 1491,2937 1589,2937 1687,2937 1785,2934 1882,2934 1980,2934 2078,2934 2176,2934 2273,2936 2371,2934 2469,2933 2567,2934 2664,2934 2762,2933 2860,2934 2958,2937"/>
                <TextEquiv>
                    <Unicode>Leutnänt: Vor sieben Wochen standen wir dem Feind</Unicode>
                </TextEquiv>
            </TextLine>
            <TextLine id="tr_1_tl_20" custom="readingOrder {index:19;}">
                <Coords points="1016,3098 1535,3123 1593,3088 1969,3136 2055,3103 2055,3008 1016,3000"/>
                <Baseline points="1030,3066 1081,3066 1133,3069 1184,3069 1236,3069 1287,3069 1339,3069 1390,3069 1442,3066 1493,3067 1545,3067 1596,3068 1648,3069 1699,3066 1751,3066 1802,3068 1854,3067 1905,3069 1957,3069 2008,3069 2060,3069"/>
                <TextEquiv>
                    <Unicode>zum letzten Mal gegenüber.</Unicode>
                </TextEquiv>
            </TextLine>
            <TextLine id="tr_1_tl_21" custom="readingOrder {index:20;}">
                <Coords points="1069,3266 1305,3289 1453,3214 1613,3274 1887,3196 1994,3254 2255,3226 2444,3294 2566,3281 2566,3131 2491,3118 2065,3143 1791,3096 1621,3151 1069,3118"/>
                <Baseline points="1083,3188 1157,3191 1232,3191 1306,3191 1381,3189 1455,3191 1530,3191 1604,3189 1679,3187 1753,3185 1828,3186 1902,3188 1977,3188 2051,3188 2126,3186 2200,3188 2275,3186 2349,3185 2424,3185 2498,3187 2573,3188"/>
                <TextEquiv>
                    <Unicode>etrich: Es war nicht sonderlich ernst.</Unicode>
                </TextEquiv>
            </TextLine>
            <TextEquiv>
                <Unicode></Unicode>
            </TextEquiv>
        </TextRegion>
    </Page>
</PcGts>
