3288 3592
834 552 2622 737 Dietrich: Was weisst du von der Welte Ich. bin
836 712 2506 891 siebzehn Jahre meinetwegen als Landsknecht
848 804 2704 1012 durch die Welt gezogen, aber ich habe sie kennen
861 990 2521 1170 gelernt. Männer, Frauen, Fürsten und Bauern.
848 1133 2538 1281 Ich habe gesehen,was aus den Menschen der
851 1264 2724 1413 Rausch macht, das Flend,die Langeweile. Ich habe
866 1375 2701 1591 gesehen,wie aus Kiugen Narren wurden, aus Ein-
861 1507 2803 1677 fältigenWeise, aus Gläubigen Gottlose .- Ich habe
858 1643 2798 1845 Einengekannt, der konnte noch als Fünfzehnjähriger
861 1779 2847 1954 nicht einschlafen,wenn ihm die Mutter nicht einen-
861 1917 2689 2080 Kuss auf die Stirne gedrückt und nachher einen
868 2038 2857 2212 Sohn erschlug vor den Augen einer Mutter und ihre
873 2212 1643 2325 Tochter schändete.
876 2256 2862 2511 Ffarrer: Dass solche Menschen leben wie du, das ist
878 2486 1306 2607 das Elend.
873 2548 2610 2768 Solch ein Lebén ohne Sinn und ohne Glauben.
891 2763 1977 2897 Jetzt. kommt Frasmue wieder-
888 2860 2790 3045 Vielleicht zuerst eine Szene, in der einige junge
923 3018 1712 3189 Madchen ihn höhnen.
905 3124 2800 3352 das müsste schon zu deginn des Stückes angedeute
