3272 3960
863 838 2878 1001 Der Adjutant ist nicht mit einem offizielien Befehl
868 983 2203 1139 gekommen, sondern freundschäftlich.
858 1099 2842 1289 Diertrich: Also weiter gewürfelt. (Frasmus) Willst
866 1284 1435 1412 du mitwürfeln?
876 1380 1984 1538 Erasmus: Ich hab kein Geld.
881 1520 1861 1713 Lietrich: Willst du Wein?
881 1653 1899 1809 Erasmus: Ich trinke nicht.
873 1786 2125 1909 Dietrich: Warum bleibt. Ihr hier?
881 1944 2346 2110 Erasmus: Ich will nicht hier bleiben.
881 2050 1962 2225 Hetrich: Wo wilIst du hin?
888 2170 2797 2363 Erasmus: Wohin Ihr geht, Herr Hauptmann. Ihr ver-
891 2338 1606 2471 spracht mir doch-
893 2428 2742 2622 Zietrich: Was versprach ich? Was ich verspreche
888 2607 1302 2760 halte ich.
896 2707 2318 2857 Erasmus: Ihr wolltet mich mitnehmen.
903 2840 2032 3016 Zietrich: Du warst ein-Knabe.
896 2905 2787 3151 Erasmus: Ich spielte mit Euerm Degen. Das gefiel
903 3123 2047 3269 Euch. Die Mutter sase dabei.
898 3234 2875 3424 Dietrich: Es ist nicht wahr, dass sie tot ist. Sag-
