3288 3560
2632 429 2763 601 22
905 532 2801 750 Wir Soldaten haben noch das sichgfste Leben. Der
941 684 2742 879 oldat ist doch der, der sich am ehesten wehren
902 833 2968 1025 kann. Gefahr ist für alle gleich. Nein, sogar schlim-
897 974 1442 1100 mer für Euch.
897 1092 2873 1270 Pfarrer: Mag sein. Aber was wir tun ist besser als
884 1239 1352 1367 was Ihr tut
887 1352 2812 1532 Dietrich: Und du predigst immer noch Gottes Wort?
889 1488 2344 1676 (ein Augenblick alter Freundschaft )
876 1624 2822 1812 Pfarrer: Und du, Dietrich, schlägst immer noch die
871 1766 1285 1874 Leute tot2.
2169 1874 2627 1987 nmas bind
907 1879 2904 2077 Dietrich: Immer nur solche, die auch mich totschlä-
856 2020 1300 2161 gen wollen.
864 2128 2863 2326 -farrer: Wenn es so wäre. Was haben Euch die Bürger
846 2290 2822 2477 und Bauern getan? Wehrlose und Unschuldige bringt
835 2406 1131 2526 Ihr um.
840 2506 1940 2698 Hetrich: Das ist der Krieg.
820 2657 2457 2850 Wie viele seid Ihr jetzt noch in Eisfeld?
822 2770 2552 2940 Pferrer: Wir sind noch sechshundert beinche.
830 2914 2639 3084 Zietrich: Als ich ein Jüngling war lebten hier-
807 3027 2747 3228 zehntausend. So eine Stadt ist ein gefährlicherer
