3272 3896
1063 532 2267 737 dees 14 hat fost.. Sor d schrn e is1.
1049 684 2873 818 Mein Vater war ein hochberühmter Arzt. Wo sind
1891 800 2189 885 H thuistr
1052 846 1761 952 meine Schwestern?
1900 862 2096 973 at
1059 968 1380 1065 Harkxak
1068 1015 2917 1206 Leutnant: Mädchen wird es wohl noch immer geben:
1056 1190 1664 1308 Wo stecken sie?
1054 1287 2815 1428 Ein Anderer: Der Fahnrich hat sich schon eine
1061 1445 1798 1569 gefunden,wie immer.
1061 1544 2919 1708 EinAnderer: Sollte es wirklich nichts zum Essen
1056 1690 1301 1812 geben?
1047 1800 2193 1958 Man schleppt den Wirt herbei.
1056 1930 2787 2101 Leutnant: Wilist du uns verhungern lassen, du
1049 2087 1350 2207 Schuft?
1049 2184 2838 2392 Soldat bringt Hurstzeug, das er im Keller ge-
1059 2320 1535 2478 funden hat.
1042 2418 2854 2600 Leutnant: Hun seht Ihr, man sollte Euch hängen,
1049 2598 1262 2750 Mliel
1052 2711 2773 2882 Wirt: Die Schweden haben alles aufgefressen.
1040 2861 2540 3000 Leutnant: Euere Freunde. Erangelische.
1040 2956 2857 3148 Wirt: Wer fragt darnach. Freund und Feind, Nur
1031 3125 1794 3243 mehr Feinde gibt's.
1049 3222 2542 3393 (Er erkennt den Hauptmann von Friesen)
