3288 3640
911 661 2820 797 hut von Tilly in Apmarsch. Richtet Häuser, Betten
911 802 2734 964 her. Aufgetan Keller und Speisekammern. Sonst,
913 928 2288 1070 Ihr wisst ja, Folter und Totschlag.
911 1054 2934 1234 6. Fourir mit seinem Hut, in dem die Messer stecken.
908 1201 1879 1365 Steckt eines in ein Tor.
906 1324 2848 1486 ozwald hänselt ihn: Wo stehen deine Arkebusiere?
903 1483 1950 1612 Wo ist deine Beglaubigung?
911 1577 2815 1730 Fourir: Da ist sie. Von zwölf Kotten die Messer.
908 1725 2810 1882 Bürgermeister: Willst du unsere Stadt verderben,
903 1874 1234 1998 Morwald?
903 1973 2666 2137 Morwald: Ein Fourir hat eine Schärpen u.s. w.
911 2114 2777 2265 Fourir: Schafit Urdnung, bürgermeister,ehe meine
908 2250 1438 2379 Leute kommen.
918 2376 1869 2522 vom Turm her ein klasen.
913 2515 2651 2664 7. Hauptmann Dietrich Friesen sprengt heran.
903 2613 2732 2802 Fourir: Herr Hauptmanfie wollen mich hängen.
913 2777 2099 2929 Zientich: Seid Ihr toll,Kerle.
901 2934 2240 3024 Bürgermeister: Ich bitte um Gnade.
901 3035 2863 3209 Morwald: Wir haben das Recht eine beglaubigung zu
918 3196 1246 3375 forder.
