3272 3576
917 664 1064 742 sein
905 770 1449 941 Er komnt jetzt
1618 763 2749 886 der und erklärt seinem Vater,
900 932 2718 1076 dass er sich nicht zwingen lasse. Dort ist die
903 1042 2239 1204 Werbetrommel, er 1i st sich werben.
912 1177 2766 1317 Dietrich: (zum Pfarrer) Gib nach! Ich will ihn
891 1295 2010 1447 unter meinen Schutz nehmen.
893 1404 2745 1572 Jetzt wird der Pfarrer zu dem Fähnrich gerufen,
881 1558 2733 1705 der in der Nahe des Friedhofs im Sterben liegt.
893 1690 2220 1818 Er hat nach dem Pfarrer verlangt.
881 1839 2776 1991 Irgend eines der Mädchen der Stadt hat ihn umge-
879 1960 1170 2116 bracht.
876 2073 2733 2232 Die Stadt soll zum Plündern freigegeben werden.
867 2205 2805 2357 Der Pfarrer(vor dem Abschied zu Erasmus): Du hast
879 2362 2793 2485 die Wahl. Wenn du bei deinem Entschlüsse bleibst,
876 2499 2217 2655 bist du mein Sohn nicht: mehr. (ab)
859 2648 2761 2785 Erasmus ist durch den rluch des Vaters sehr er-
867 2761 2627 2894 schüttert. Dietrich lehnt die Verantwort ab.
867 2882 2391 3045 Hietrich: Ich nehme dich nicht mit mir.
859 3012 2355 3166 Wieder die Mädchen, die Frasmus höhnen,
852 3142 2749 3281 Im Hintergrunde die Werbung. Mohrwald hat Werbe-
