3288 3944
2139 639 2773 784 für, wie es sich
840 698 1905 909 Dietrich: Nicht immer -gege-
845 889 1245 1006 eben traf.
845 934 2625 1115 Der Fähnrich hat seine Würfel dagelassen. Das
843 1034 2427 1253 Spiel muss schon früher begonnen haben.
853 1179 2760 1395 Dann der Adjutant, der dem Hauptmann meldet, dass
878 1360 2396 1540 er zur Führung der Vorhut bestimmt ist.
871 1469 2747 1653 Die Nachricht, dass die Schweden noch nicht abge-
891 1609 2773 1833 zogen seien,muss der Oberst persönlich auf der,
896 1810 1523 1917 Bühne empfangen.
894 1854 2712 2057 Nicht bei dem Obersten meldet sich Erasmus ak
896 1994 2590 2172 Söldner,sondern erst beim Hauptmann (sonst
906 2149 1978 2330 überflüssige Wiederholung).
906 2279 2345 2470 Erasmus tritt zu den Spielenden hin.
914 2337 2765 2567 Ee ist fraglich, ob Dietrich ihn gleich erkennt.
917 2500 2709 2758 Erasmus: Wisst Ihr denn nicht mehr - vor zwei
929 2635 2979 2837 Jahren in Hildburghausen - Ihr lagt damals krank (?)
955 2778 2274 2969 Zetrich: Wie gehts deiner Mutier?
950 2987 2088 3086 Erasmus: Meine Mutter starb.
947 3081 2090 3246 Dietrich: Wo ist dein Vater?
960 3198 1826 3389 Prasmus: Hier an Ort.
