3208 3560
750 408 2661 604 Pfarrer. Was Euer Sohn sonst ist, weise ich nicht
1138 554 1573 627 ar cat vr ela me
750 539 2543 730 recht, aber ich glaube, er ist ein Mann. bringt
760 695 2384 828 die Fahne her. (zu Erasmus) Hier, nimn siel
763 821 2165 1015 Frasmus: (fasst nicht, was geschieht.
783 972 2125 1113 Ad jutant: (befremdet) Herr Oberst-
785 1057 2721 1241 Oberst: Wisst Ihr mir einen Bessern? (zu Frasmus)
778 1198 2737 1380 Hier hast du die Fahne. Ich binde sie dir ein als
785 1349 2709 1533 eine Braut und leibliche Tochter, aus der rechten
783 1465 2747 1662 Hand in die linke Hand-ist keine Hilfe noch Ret-
803 1581 2739 1797 tung da, so wickelt Euch darein, befehlt Euch Gott;
801 1755 2681 1931 um darin zu sterben und erstochen zu werden als
811 1868 2691 2062 ein ehrlicher Mann. Und nun nehmt Abschied von
811 2064 1380 2208 zuerm Vater.
813 2120 2835 2301 Ein Soldat : (hat auf der Brust des toten Hauptmanns
828 2281 2792 2512 das Annlette gefunden, bringt es dem Kanfragt Adju-
831 2450 1166 2616 tanten 1
838 2553 2782 2711 Erasmus: Mir dies Bild, der Hauptmann wollt es mir
841 2739 1213 2862 Schenken.
866 2812 1850 2968 berst: Was bedeutet das?
831 2898 2681 3107 Pfarrer: (zu Fraemue) Der Hauptmann - dir - ein
