3272 3560
996 455 2594 663 Krasmus: Kamt Ihr mit dieser Absicht her?
991 588 2811 833 Dietrich: Wusste ich überhaupt, dass ich hieher
998 743 2728 937 komme? Wusste ich, dass deine Mutter tot ist?
994 864 2860 1076 Nun fügt es sich eben so. Unsereins kann nicht
1005 1029 2282 1208 nech vorgefassten Pränen leben.
1012 1197 1994 1310 Erasmue: Er stirbt daran.
1020 1298 2915 1456 Dietrich: Es sterben mehr in dieser Zeit und an-
1008 1463 1938 1591 schmerzhafteren Wunden.
1022 1560 2775 1713 Frasmus: Es ist kuer Ernet nicht. Was könnte
1017 1716 1756 1848 Euch daran liegen?
1031 1803 2837 1966 Dietrich: Vielleicht war es als Rache gemeint.
1031 1959 2230 2115 Wie, wenn es nun Beichte würde?
1043 2084 2728 2240 Erasmus: tegt sie vor einem Beichtvater ab.
1069 2207 2858 2391 ietrich: Nur der Pfarrer Adam Deckner hat das
1048 2343 2761 2487 Recht sie zu hören. Wahrheit - er wollte ja
1041 2483 2752 2631 nichts anderes. Er soll sie haben. Mehre du
1060 2638 2952 2778 dich nicht dagegen. Hat. es dir nicht eine Ahnung
1064 2771 2183 2922 gesagt, dass ich wiederkomme?
