3288 3576
955 598 1247 709 knecht.
960 721 2689 883 Dieftrich: Ein Landsknecht flucht vielleicht
948 849 2587 1003 mehr, aber er lügt weniger als ein Ffarrer.
943 979 2710 1165 Pfarrer: Ich lüge nicht, ich habe nie gelogen.
950 1116 2836 1285 Dietrich: Ich will es milder nennen: ein Possen-
940 1244 1572 1396 reisser bist du.
945 1372 2865 1548 Els wüsst ich nicht von deinen Ereichen aus deir
931 1514 1521 1642 ner Jugendzeit.
921 1623 2746 1816 Als wir in den Strassen von Leipzig herumgin-
926 1801 2648 1965 gen. Es fehlte nicht viel daran und du wärst
921 1927 2209 2052 ein Lanasknecht geworden wie ich.
911 2045 2763 2194 Pfarrer: Ich zweifle, nächt mehr. Je ungeheuerer
907 2163 2715 2361 das Unglück und das Elend wächst,-immer tiefer
907 2300 1642 2426 fühl ich den Sinn.
895 2435 2828 2599 Es werden andere Zeiten kommen,da wird man denen
887 2575 2710 2730 danken, die durch all dies Grauen und durch all
885 2703 2696 2884 diesek Wirrsal bewahrt haben,was göttlich ist-
883 2826 1956 2920 und Eueresgleichen fluchen.
909 2922 2848 3130 Pietrich: Du also ein Bewahrer und ich ein Zerstö-
875 3079 1046 3195 rer.
