3039 3592
888 471 2574 631 sucht er den Herrn, der ihm Bgeheid tut
888 586 2696 744 gebei.Hud drei Kriegszüge soll ein Lands-
881 725 2720 876 knecht tun,ehe er ein ehrlicher wann wird.
2051 836 2383 918 zuhause
883 869 2777 1034 Nach dem ersten Zug soll er zuehause kommen
883 991 2600 1145 und zerissene Kleider anhaben; dach dem
878 1119 2602 1279 zweiten soll er eine Schramme auf einem
883 1253 2602 1413 Backen mitbringen und viel von -türmen,
876 1375 2737 1531 Schlachten,Scharmützeln und lärmen zu agen
883 1517 2645 1681 wissen. Und beim dritten val soll er auf
876 1630 2687 1790 einer hübschen Caul wohlgeputzt nachhause
874 1769 2197 1922 kommen, den Beutel voller old.
