3288 3576
1146 559 2986 833 Eirgerneieter: skonnt) Verreiht, derr Oberet. Der
1135 675 2434 901 nabe kann nicht schuldig sein.
1116 826 2960 1071 der vetdratbet: Er hat sich bei uns werben leg
1097 953 2580 1196 er, er hat seinen Hauptmann getötet.
1099 1092 2887 1375 Obernt: lattet ihn in Genchraan. (zum Leutmant)
1080 1229 2840 1448 das Nathleth der Hauptmann von Friesen nerdet
1057 1363 2859 1618 Ir faren. Meine eleungen eind auch bekannt.
1076 1500 2840 1762 I drei ohr Morgene rückt ihr gegen die Schme-
1019 1646 2665 1885 den vor. Ee ist nicht mehr meit bie schin.
1021 1778 2691 2026 (der Oberrt mit dem Leutnant ziemlich neit
1007 1934 2734 2203 detr. de Leiche des Naustmenne von Soldaten
981 2043 1934 2234 ungeben nicht sichtbar).
977 2182 2871 2432 der Efarrer konnt von rechts, so dass er auch den
953 2316 2019 2503 Frasmus nicht gleich sieht.
953 2451 2715 2710 Leunant: (zum Oberstl Da komnt der Vater der
941 2583 1219 2717 Jungen.
922 2668 2717 2930 igrrerilner Oooret) veri oberet, Eder feherich
908 2807 1236 2918 ist tot.
901 2934 2748 3182 bemt: Mas bedeutet dasz wo sind mir hier hin-
880 3066 2783 3347 gerater Rot der kähnricht wie ist das geschehen?
