2872 3448
2052 306 2268 478 nu
520 463 2460 568 gut. Ich schwor,hieher nur als Feneral zu kommen,
508 578 2393 725 Ein Meipeid mehr. Dies alte Weib kannte ich, wie
518 710 2351 879 sie als junges Geschöpt einem Fähnrich folgte.
523 857 1915 974 Die weiss selbst nichts mehr davon.
530 981 2388 1113 Ie Heimat sieht mich wie aus einem verzerrten
518 1120 976 1238 Spiegel an.
518 1233 2440 1372 Warum bewundern mich die Soldaten? Ich bin fest,
530 1374 1245 1504 trage ein Nothemd.
518 1509 1840 1656 Fähnrich: Ihr werdet 's brauchen.
515 1621 2062 1755 Würfelspiel. Wahrend dem kommt Erasmus.
508 1765 2435 1872 Dietrich: Wie,Erasmusl Gross und stark geworden.
515 1897 1994 2014 Hast du noch lust ins Feld zu ziehen?
520 2014 2438 2166 Erasmus: Ich kann den Vater nicht allein lassen.
515 2149 2151 2288 Dietrich: Er hat seine Frau,deine Mutier.
525 2263 2430 2400 Erasmus: Die Mutler starb. We nige Monate,nach-
510 2393 2465 2525 dem Ihr fort ward. Sie sprach noch viel von Euch.
518 2547 2321 2687 Dietrich:Willst du auf die Universität, jetzt?
510 2659 2428 2821 Ich will selbst mit deinem Vater reden,will Acht
515 2814 1148 2928 geben auf dich.
520 2941 2522 3090 Der Befehl des Oberst kommt wegen Ausrücken morgen.
523 3065 730 3205 Früh.
