3224 3560
961 622 2505 779 Leutnant: Wer weiss, was uns noch droht!
966 736 2735 932 Ein Kundschafter: (von links) Herr Oberst! Es-
973 878 2679 1041 kann kein Zweifel sein,-die Schweden rücken
968 1007 2790 1162 vor, sie sammeln sich wieder, sie haben Verstär-
970 1171 1539 1312 kung bekommen.
963 1287 2798 1462 Ad jutant: Wir sind in einer Falle, Herr Oberst.
980 1408 2674 1580 Leutnant: Ich will nun meine Leute samneln.
968 1561 2062 1694 Oberet: Es ist Zeit. Mlarm!
987 1665 2778 1839 (Trommedn etc., entsprechende Bewegung aus den
978 1817 2722 1931 Häusern,wo sie einquartiert waren,allmählich
987 1977 1571 2118 die Soldaten 1
980 2050 2882 2212 Adjutant: Man sollte kurzen Prozese machen,Herr
983 2190 2773 2357 Oberst. Mit dem Pfarrer und mit seinem Sohn.
987 2318 2846 2468 Erasmus: Rührt meinen Vater nicht an. Der tote
987 2456 2684 2623 Hauptman, war sein Freund vor langer Zeit.
1002 2609 2033 2764 berst: Bringt die Fahne!
990 2718 2938 2873 Leutnant: 4ier ist sie. Aber unser Fähnrich fehlt
992 2919 1154 3035 uns.
1087 2986 2928 3185 erst: (zumxaxnxx Pfarrer) Euer Sohn sagt, dass
1111 3156 2756 3257 sich mät dem Hauptmann um seinen Glauben
