3016 3640
731 654 2648 850 Frasmus: (zum Vater) Ein Hauptmann war da. Menn's
726 773 2272 949 der Hietrich von Friesen wäre?. Um in
721 909 2629 1100 Efarrer: Er wird doch nicht bei den Katholischen
1083 1028 2103 1174 Wohe keif si he Vor2
706 1058 927 1162 sein?
2096 1073 2636 1194 sutir ale
1088 1122 2604 1298 in Hildterstorm w. - at t im Serefhets
701 1172 2465 1405 Bürgermeister :(rat den Ffarrer die Stadt zu
689 1296 2443 1536 verlassen). Sie sollen es jetzt fürchterlich
691 1462 2440 1648 treiben, wenn sie einen evangelischen Pfarrer
679 1568 1085 1717 erwischen.
694 1719 2606 1925 farrer: Ich bleibe. Meine Pflicht. Ich schlafe
652 1843 1338 1980 in der Sakristei.
632 1965 2007 2128 11. Neue Soldaten. Der Feldwaibel.
634 2101 1249 2245 Hufen den Wirt.
627 2225 2621 2450 Soldaten ins Hirtshaue.Sie suchen nach Uden u.s. w.
607 2359 2604 2606 Feldwaibel weist den Umpstetter, der vor den Wirts-
605 2487 1259 2643 haus sitzt, fört.
612 2636 1298 2767 Wirt bringt Wein.
600 2772 2517 3003 Feldnathel: Hol dir morgen beim Zahlmeister dein
590 2911 803 3023 Geld.
577 3028 2542 3236 12. Leutnent komnt: Acht haben, Leute! Neulich ist
