2808 3400
518 468 2355 640 Hauptmann: Nun befehl ich dir. Ich will es ihm
523 602 1951 739 selbst sagen,dass du mein Sohn bist.
530 719 2241 892 Frasmus: Das wolitet Ihr.? Er stirbt daran.
523 905 1029 1016 Die fechten.
525 984 2521 1148 Hauptmann: Das machst du gut. Bei Goti, du gefällst
528 1170 721 1272 mir.
530 1257 1931 1413 Er lässt sich halb unbewusst töten.
530 1376 2414 1562 Der Oberst kommt. Was bedeutet das? Profoss, an
525 1527 1576 1651 den Galgen mit dem Jungen.
533 1646 2330 1772 Pfarrer: (kommt zurück) Euer Fähnrich ist tot.
550 1775 2392 1958 (zieht dann den gefallenen Hauptmann) Erasmus!
540 1909 2090 2087 Erasmus: Er sagte böse Dinge über dich.
550 2033 2090 2204 berst: Wir wollen dir die Fahne geben.
553 2184 1700 2305 Ihr Leutnant, führt die Rottel
548 2295 2486 2456 Das Apulette. Bild der Mutter. Exkennen des Pfar-
545 2484 763 2588 rers.
