3288 3576
1015 676 2012 818 Erasmus: Das eben tu ich.
1019 809 2744 988 Dietroch: Am Ende hast du recht: (lässt den
1015 945 1335 1051 sinken)
1012 1068 2782 1239 Erasmus: (missverstehend) Ihr werdet schweigen
1006 1201 2804 1337 Dietrich: (schüttelt den Kopf,geht auf Erasmus
1001 1492 1911 1595 Erasmus: Was wollt Ihr?
1048 1604 1859 1761 tetrich: Jumarmt ihn)
1068 1749 1976 1891 Eraemue: bversteht nicht
1001 1870 2453 1985 jetrich: Komm mit mir, so schweig ich
1012 1998 2003 2124 Erasmus: Niemals mit Kuch!
981 2112 2502 2258 Dietrich: (hebt seinen Degen wieder auf)
979 2256 2166 2404 Erasmus: Werdet Ihr schweigen?
1006 2374 2511 2538 jetrich: Ich werde die Wahrheit sagen.
979 2524 2110 2654 trasmus: So verzeih mir Gott.
999 2636 1676 2784 Lietrich: Und mir!
977 2760 2701 2896 (Sie fechten wieder. Dietrich ltst nach mit
968 2901 2764 3020 deutlicher bsicht,die ihm selbst nicht ganz b
959 3024 2628 3158 wusst ist. Endlich fällt er getroften niede
965 3167 2692 3284 (Es sind ein paar Soldaten dazugekommen, auch
