3272 3576
1033 602 1355 723 bleiben.
1049 739 2874 871 Lietrich: Ich will nicht so aus der Welt gehen.
1038 849 2690 1013 Ich will den Hochmut des Pfarrers brechen.
1040 988 2765 1143 Er soll wissen, dass das Leben seiner Frau in
1038 1113 2785 1262 seitem Hause eine lüge war. Er soll wissen,
1031 1230 2649 1378 dass du der Sohn eines Landsknechts bist.
1027 1405 2838 1563 Frasmus: Bei Gott, das soll er nicht. ler zieht
1029 1531 1435 1649 den Degen)
1058 1665 2247 1809 ietrich: biet du tolfgeworden?
1022 1795 2810 1934 Erasmus: Noch einmal. Es bleibt ein Geheimnis.
1033 1914 2868 2080 Dietrich: Komm zu dir. Du bist nicht bei Besin-
1020 2049 2290 2195 nung. Du siehst,ich ziehe nicht.
1020 2176 2710 2320 Erasmus: Ich hab Euch Zeit genug gelassen.
1027 2336 2534 2475 Zjetrich: Immer besser gefällst du mir.
1022 2461 2788 2582 Erasmus: Glaubt Ihr mich als Knaben behandein.
1011 2569 1421 2717 zu können?
1013 2731 1814 2872 Dietrich: Mein Sohn!
1020 2838 2751 3025 krasmus: Ihr seid nicht mein Vater.Ich haese
999 2982 1214 3098 Euch!
1001 3098 2564 3267 Dietrich: Eu liebst mich. Komm mit mir!
