2872 3448
317 214 2312 457 Sterst. kein froeifel, ie pesenmusen an¬
325 431 2386 606 - dirt hal ich korbricht, die fohe der Tillen
325 570 2286 766 miiß jn bill morge da sein - teif
320 725 2394 895 um io louq siconsuhalte
343 828 2283 1037 dem vielichen Friesen.weid it
341 991 2330 1176 übergeben.umg ein benoite.
485 1161 2345 1375 Casmin. Herr Oberit. ich will Soldet
320 1324 1762 1527 sein. neturt mit mit?
397 1499 1798 1742 Oberst. werhit du, Jürge
315 1625 1950 1886 Crarme. Ihrei Pfarrers Schn!
418 1791 2402 1974 Oberst. Wal heine Wum.blotbe
408 1976 1171 2147 de Hremen.)
503 2108 1850 2314 Obent. Mageimer tein.
586 2219 2430 2402 Nebent ihn in Eir Tätalein, Actrion
565 2368 2402 2552 Jider ist vllkamsen - Er jeht jesen
555 2508 1481 2660 die Coorreticten.
552 2637 2157 2830 Carmin. de gilt un slent
452 2779 2250 3026 Oberet. hinr konit an errter de
609 2980 1122 3148 lodt rein.
570 3078 1558 3284 Crormoi. dit reis.
