3288 3576
946 629 1204 775 Erdemi
1293 641 1660 791 Mit einem
1688 636 2167 751 Landsknecht?
946 768 1585 859 Dietrich: Wilst
1730 775 2251 883 mich reizen?
948 906 2681 1031 Fraemus: Euch aus der Welt schaffen,ehe mein-
948 1031 2697 1129 Vater wieder da ist. Oder Ihr schwört mir-
974 1148 2850 1310 ietrich: Gib Acht,Frasmus, ich will dir freilich
946 1317 2751 1416 nichts tun,-aber es könnte immerhin geschehen,
932 1434 2573 1570 dass etwas Blut fliesst. Was soll nun der
984 1556 2690 1676 farrer denken, wenn er kommt? Wirf den Degen
939 1709 2791 1831 weg! Ee könnte dir übel ergehen. Und ich könnte
937 1819 2749 1970 dach kaum reiten. Der Oberst ist schnell dabei
930 1974 2693 2094 HaxxRhxxxAxxxxxxxx Leute hängen zu lassen.
932 2103 1723 2223 Exasmus: Wehrt Euchl
1624 2176 1833 2261 wohl
937 2218 2721 2348 Zietrich: Ich denke, dass ich’s xa redlich tue.
918 2348 2737 2500 Es ist schwer sich gegen deine Wut zu schützen
927 2502 2700 2643 und zugleich Acht zu geben, dass du nichts ab-
920 2625 1282 2735 bekömmst.
925 2716 2815 2904 Erasmus: Denkt Ihr noch immer, dass es ein Spass
925 2838 1556 2937 ist? Wehrt Euchl
918 2958 2740 3096 Dietrich! Zur Besinnung, Frasmusl Denke wer ich
894 3063 1082 3207 bin.
