3160 3432
1010 440 2799 556 Pfarrer: Mein Segen mit dir, mein letzter viel-
985 565 1292 702 leicht.
998 721 2498 843 Eine Frau: (von links.) Die Seligmacher.
998 838 2760 942 Hohrwald: Mir können sie nichts tun. Ich habe
1005 960 1764 1107 meine Beichtzettel.
989 1091 2771 1245 Oberet: (zum Ad jutanten)Bleibt, bis der Gallas
992 1217 2650 1385 selber hier ist und so weit Ihr's vermögt
989 1353 2656 1479 seht zu, dass dem armen Teufel nicht allzu
994 1493 2406 1669 Arges geschieht. (nach rüchwärte abl.
989 1640 2805 1741 Einige Haustore werden heftig zugeschlagen,die
987 1755 2071 1943 Strasse ist nun völlig leer
