3256 3832
1120 541 1348 665 Tohun
933 627 2841 820 Xx Leutnant: Wir dachten nicht, dass Ihr lebendig
925 783 1450 892 heraus kämet.
1436 863 1621 946 It. vrd
943 898 2747 1056 Zietrich: Wisst Ihr nicht, dass ich ein Nothemd
919 1037 1203 1174 trage.
922 1171 2077 1321 Einer fragt: Eibt'e denn das?
914 1276 2849 1431 Ein Anderer: Von Mädchen unter sieben Jahren ist
909 1418 2731 1589 es gesponnen, mit besonderen Kreuznähten genäht
895 1552 2873 1715 und muss verstohlen auf den 4tar gebracht werden,
895 1713 2399 1855 bis drei Messen darüber gelesen waren.
890 1838 3044 1999 Leutnant: Man sagt, Ihr legt es ab während der Schlacht?
895 1951 2975 2131 Dietrich: tragt man so was, macht einem der Krieg kei-
879 2072 1289 2232 nen Spass.
874 2208 2860 2396 Ein Anderer: Immerhin ein Bauer mit einer Ext kann
874 2356 1321 2471 euch töten.
863 2455 2801 2659 Ein Anderer: Es schützt überhaupt nux nur in der
844 2605 1235 2747 Schlacht.
847 2752 2661 2897 Ein Anderer: Auch eine Kugel von Silber tötet.
850 2854 2747 3023 Ein Anderer: Wer schiesst mit Kugeln von Silber?
860 2972 2862 3149 Dietrich: Der Krieg ist nicht mehr,was er war. Das
825 3093 2771 3283 war eine bessere Zeit, wo die Maxkte Markétenderin
820 3248 2876 3452 noch wirnen hielt und der Oberst französische Köche.
