3075 3576
563 493 2423 646 Kein Kriegsmann soll an einem gewöhnlichen
563 659 2487 770 Landgalgen oder gemeinen Hochgericht gehängt
558 783 2526 926 werden, sondern am sogenannten Quartiergalgen,
555 892 2376 1048 den die soldaten am Marktplatz errichtet.
1735 1014 2277 1206 (Seite 47).
537 1214 2347 1370 Die mitfahrenden Weiber, die Maitresse des
545 1364 2480 1512 Obersten mit Hofstaat bis zur Dirne, dessaxmen
545 1476 2480 1616 Pikeniers mit ihrem Kind auf dem Rücken, bis
547 1611 2506 1756 zur alten rettel aus Gewohnheit festgehalten.
547 1756 2532 1868 (Einer erinnert sich noch daran wie sie schön
540 1878 1992 2028 war zu Beginn des Kriegs).(S.49).
534 2044 2581 2218 Das festmachende Nothend musste von Mädchen un-
545 2189 2384 2332 ter sieben jahren gesponnen sein,wurde mit
537 2327 2428 2472 besonderen Kreuznähten genäht und musste ver-
537 2451 2342 2604 stohlen auf den Altar gebracht werden bis
529 2583 2376 2742 drei Messen darüber gelesen waren. 1S.80).
524 2765 2513 2905 Reiter ins Feld machen,das heisst zur, Rettung
534 2892 2620 3053 in eigener Gefahr den täuschenden Schein hervor-
516 3027 2425 3190 bringen, als ob in der Entfernung Kriegsvolk
511 3154 1331 3281 heranziehe. (S.86).
