3272 3592
2602 537 2753 721 80
1114 579 2514 726 Es war die Nacht, ehe ich ins Feldz
1093 691 2895 856 du heute. Dies Anulette rettete mir das Leben.
1086 840 2914 1000 Was hilft einem ein Nothemd das fremde Jungfrai-
1081 948 2743 1126 en gewebt? Dieses Bildchen, nur das war es.
1088 1083 2138 1249 Frasmus: Meine Mutter --
1086 1225 2807 1384 Dietrich: Deine Mutier - mein Weib vor Gott.
1088 1291 2341 1414 Frasmus: Ihr glaubt nun an Gott?
1074 1362 1963 1492 AixxxTxxkxExxExxEEXXX
1069 1485 2836 1629 Axx Dietrich: Damals. Und heute wieder. Lebte
1055 1618 2956 1814 sie noch, sie gäbe dich mir mit. xuxxükxxExxXX
1045 1750 1358 1864 XExExXX
1052 1890 2479 2013 (Jetzt Erinnerung an Hildburghausen.
1048 1996 2105 2152 Erasmus: Eeist nicht wehr.
1031 2102 2921 2308 Dietrich: So wahr als du mir da gegenüberstehet.
1019 2214 2800 2408 Prasmus: Darum - Sie sprach von Buch kurz vor
1017 2356 2720 2580 ihrem Tod. Ich sollte Euch grüssen, wenn ich
1015 2474 2136 2665 Euch noch einmal wiedersähe.
1010 2651 2043 2798 Dietrich: Sie meinte mehr.
1007 2732 2502 2881 Erasmus: Dann hätte sie's auch gesagt.
996 2836 2821 3039 Dietrich: Nimm du nun dieses Bild. Dein Schutz
989 2996 2181 3148 sei es. Ich habe ja nun dich.
972 3127 2800 3283 Erasmus: Ihr habt mich nicht. Nie und nimmer:
