<?xml version="1.0" encoding="UTF-8" standalone="yes"?>
<PcGts xmlns="http://schema.primaresearch.org/PAGE/gts/pagecontent/2013-07-15" xmlns:xsi="http://www.w3.org/2001/XMLSchema-instance" xsi:schemaLocation="http://schema.primaresearch.org/PAGE/gts/pagecontent/2013-07-15 http://schema.primaresearch.org/PAGE/gts/pagecontent/2013-07-15/pagecontent.xsd">
    <Metadata>
        <Creator>prov=READ-COOP:name=PyLaia@TranskribusPlatform:version=2.7.0:model_id=50870:lm=none:date=22_01_2024_18:42</Creator>
        <Created>2023-09-27T14:37:16.933+02:00</Created>
        <LastChange>2024-01-22T18:42:57.743+01:00</LastChange>
        <TranskribusMetadata docId="1589043" pageId="60124502" pageNr="69" tsid="145633308" status="IN_PROGRESS" userId="40391" imgUrl="https://files.transkribus.eu/Get?id=OHHVJGNGBGOWJVZTVCVBRXTC&amp;fileType=view" xmlUrl="https://files.transkribus.eu/Get?id=OUELYPAEWWNZUYMRGKKRBVFY" imageId="48549579"/>
    </Metadata>
    <Page imageFilename="1589043_0069.jpg" imageWidth="2856" imageHeight="3464">
        <ReadingOrder>
            <OrderedGroup id="ro_1711791807544" caption="Regions reading order">
                <RegionRefIndexed index="0" regionRef="tr_1"/>
            </OrderedGroup>
        </ReadingOrder>
        <TextRegion orientation="0.0" id="tr_1" custom="readingOrder {index:0;}">
            <Coords points="462,452 462,3010 2559,3010 2559,452"/>
            <TextLine id="tr_1_tl_1" custom="readingOrder {index:0;}">
                <Coords points="578,548 892,568 987,518 1258,508 1657,561 1714,526 1794,568 1938,526 2519,558 2519,438 2459,428 2085,478 1948,446 1649,473 1510,421 1427,466 578,456"/>
                <Baseline points="591,513 687,513 784,513 881,513 978,514 1074,516 1171,516 1268,516 1365,516 1461,519 1558,522 1655,521 1752,519 1848,522 1945,526 2042,527 2139,528 2235,525 2332,528 2429,528 2526,540"/>
                <TextEquiv>
                    <Unicode>Oberst: So führt des Krieges Zufall uns im Kreis,</Unicode>
                </TextEquiv>
            </TextLine>
            <TextLine id="tr_1_tl_2" custom="readingOrder {index:1;}">
                <Coords points="583,680 1851,670 1851,630 1739,590 683,603 583,568"/>
                <Baseline points="597,648 659,645 722,645 785,646 848,646 911,648 974,648 1036,648 1099,648 1162,649 1225,648 1288,648 1351,650 1414,650 1476,652 1539,653 1602,655 1665,653 1728,653 1791,653 1854,656"/>
                <TextEquiv>
                    <Unicode>ein Ort sieht dem andern gleich.</Unicode>
                </TextEquiv>
            </TextLine>
            <TextLine id="tr_1_tl_3" custom="readingOrder {index:2;}">
                <Coords points="583,787 2529,800 2526,730 2354,708 1936,708 1801,755 1363,700 869,732 755,680 580,680"/>
                <Baseline points="597,773 693,773 790,773 887,774 984,776 1081,776 1178,779 1275,776 1372,779 1469,779 1566,778 1662,779 1759,782 1856,782 1953,782 2050,782 2147,784 2244,785 2341,785 2438,788 2535,797"/>
                <TextEquiv>
                    <Unicode>Bürgermeister: Mein armes Haus zu Euern diensten.</Unicode>
                </TextEquiv>
            </TextLine>
            <TextLine id="tr_1_tl_4" custom="readingOrder {index:3;}">
                <Coords points="595,899 1507,964 1839,912 2337,942 2337,894 2147,825 1911,864 1403,827 1328,864 595,822"/>
                <Baseline points="609,898 695,901 782,904 868,904 955,906 1042,906 1128,907 1215,909 1301,907 1388,907 1475,908 1561,909 1648,907 1734,910 1821,913 1908,916 1994,913 2081,913 2167,914 2254,913 2341,928"/>
                <TextEquiv>
                    <Unicode>Oberst: Ich bin gewohnt im Zelt zu schlafen.</Unicode>
                </TextEquiv>
            </TextLine>
            <TextLine id="tr_1_tl_5" custom="readingOrder {index:4;}">
                <Coords points="575,1041 962,1034 1054,1076 1139,1039 1537,1081 1654,1056 1632,982 1069,962 967,999 575,962"/>
                <Baseline points="588,1033 641,1030 694,1031 748,1033 801,1033 855,1036 908,1033 962,1036 1015,1036 1069,1036 1122,1036 1175,1039 1229,1038 1282,1036 1336,1036 1389,1036 1443,1036 1496,1039 1550,1042 1603,1045 1657,1048"/>
                <TextEquiv>
                    <Unicode>Fahnrich: Alles in Ordnung.</Unicode>
                </TextEquiv>
            </TextLine>
            <TextLine id="tr_1_tl_6" custom="readingOrder {index:5;}">
                <Coords points="570,1228 932,1173 1006,1216 1188,1178 1418,1218 1672,1173 2048,1211 2489,1181 2449,1101 2297,1141 2217,1101 1839,1129 1442,1061 1370,1114 1146,1079 568,1114"/>
                <Baseline points="585,1158 680,1158 776,1161 871,1162 967,1162 1062,1162 1158,1164 1253,1164 1349,1170 1444,1167 1540,1169 1636,1170 1731,1170 1827,1170 1922,1170 2018,1176 2113,1173 2209,1173 2304,1176 2400,1175 2496,1179"/>
                <TextEquiv>
                    <Unicode>Oberst: Kain Zweifel, Mir greifen morgen an. Dech</Unicode>
                </TextEquiv>
            </TextLine>
            <TextLine id="tr_1_tl_7" custom="readingOrder {index:6;}">
                <Coords points="448,1310 1923,1300 2080,1358 2220,1310 2441,1325 2441,1243 446,1221"/>
                <Baseline points="462,1287 561,1290 660,1290 759,1292 859,1290 958,1290 1057,1291 1157,1296 1256,1296 1355,1296 1455,1299 1554,1299 1653,1299 1752,1299 1852,1299 1951,1299 2050,1304 2150,1301 2249,1304 2348,1304 2448,1310"/>
                <TextEquiv>
                    <Unicode>Ich habe ich Nachricht,der Tilly wira morgen Mittag</Unicode>
                </TextEquiv>
            </TextLine>
            <TextLine id="tr_1_tl_8" custom="readingOrder {index:7;}">
                <Coords points="566,1440 1148,1430 1228,1482 1477,1427 2556,1465 2556,1375 2344,1390 2230,1340 1779,1388 972,1353 683,1383 566,1345"/>
                <Baseline points="579,1421 678,1418 777,1419 876,1421 975,1421 1074,1424 1173,1425 1272,1426 1371,1421 1470,1427 1569,1424 1668,1427 1767,1427 1866,1427 1965,1427 2064,1430 2163,1430 2262,1433 2361,1433 2460,1433 2559,1442"/>
                <TextEquiv>
                    <Unicode>da sein. So lange muss man die Schweden aufhalten.</Unicode>
                </TextEquiv>
            </TextLine>
            <TextLine id="tr_1_tl_9" custom="readingOrder {index:8;}">
                <Coords points="575,1567 2282,1579 2279,1520 2078,1487 1963,1517 575,1477"/>
                <Baseline points="588,1540 672,1543 757,1546 842,1546 927,1549 1012,1546 1096,1549 1181,1549 1266,1552 1351,1552 1436,1552 1520,1552 1605,1555 1690,1555 1775,1556 1860,1555 1944,1556 2029,1559 2114,1558 2199,1558 2284,1564"/>
                <TextEquiv>
                    <Unicode>Dierich von Friesen wird die Vorhut führen.</Unicode>
                </TextEquiv>
            </TextLine>
            <TextLine id="tr_1_tl_10" custom="readingOrder {index:9;}">
                <Coords points="563,1709 1044,1731 1333,1684 1485,1741 1756,1689 2429,1711 2429,1629 2334,1619 2207,1654 1908,1607 1739,1652 1659,1604 1520,1642 563,1599"/>
                <Baseline points="576,1669 669,1672 762,1672 855,1676 948,1681 1041,1678 1134,1683 1227,1681 1320,1682 1413,1684 1506,1686 1599,1684 1692,1687 1785,1684 1878,1687 1971,1687 2064,1691 2157,1690 2250,1690 2343,1690 2436,1693"/>
                <TextEquiv>
                    <Unicode>Erasmus: Herr Oberst,ich will Soldat sein,nehmt</Unicode>
                </TextEquiv>
            </TextLine>
            <TextLine id="tr_1_tl_11" custom="readingOrder {index:10;}">
                <Coords points="553,1836 623,1806 717,1824 777,1806 807,1824 869,1811 899,1829 932,1819 929,1741 777,1764 735,1739 658,1756 593,1729 551,1734"/>
                <Baseline points="567,1803 593,1801 619,1800 646,1802 672,1803 699,1803 725,1803 752,1803 778,1803 804,1804 831,1806 857,1806 884,1807 910,1810 937,1812"/>
                <TextEquiv>
                    <Unicode>mich mit.</Unicode>
                </TextEquiv>
            </TextLine>
            <TextLine id="tr_1_tl_12" custom="readingOrder {index:11;}">
                <Coords points="583,1936 1283,1938 1472,1981 1602,1953 1602,1878 1565,1873 1134,1893 1069,1851 977,1893 583,1853"/>
                <Baseline points="597,1926 647,1926 697,1930 748,1933 798,1935 849,1935 899,1933 950,1935 1000,1935 1051,1938 1101,1938 1151,1938 1202,1938 1252,1938 1303,1938 1353,1941 1404,1938 1454,1938 1505,1941 1555,1941 1606,1944"/>
                <TextEquiv>
                    <Unicode>berst: Wer bist du, Junge?</Unicode>
                </TextEquiv>
            </TextLine>
            <TextLine id="tr_1_tl_13" custom="readingOrder {index:12;}">
                <Coords points="566,2103 730,2135 954,2068 1629,2105 1629,2028 1582,2005 757,2020 566,1978"/>
                <Baseline points="579,2072 631,2066 684,2063 737,2063 790,2065 843,2066 896,2066 948,2066 1001,2066 1054,2068 1107,2071 1160,2072 1213,2072 1266,2070 1318,2072 1371,2072 1424,2072 1477,2072 1530,2074 1583,2073 1636,2075"/>
                <TextEquiv>
                    <Unicode>Zrasmus: Des Pfarrers Sohn.</Unicode>
                </TextEquiv>
            </TextLine>
            <TextLine id="tr_1_tl_14" custom="readingOrder {index:13;}">
                <Coords points="541,2195 2382,2237 2382,2108 1863,2165 541,2115"/>
                <Baseline points="555,2194 646,2191 738,2194 829,2194 921,2195 1012,2197 1104,2200 1195,2199 1287,2202 1378,2200 1470,2200 1561,2201 1653,2203 1744,2203 1836,2203 1927,2206 2019,2205 2110,2208 2202,2211 2293,2209 2385,2212"/>
                <TextEquiv>
                    <Unicode>Eberst: Nehmt ihn in Euer Fähnlieh,Adrian,Aber</Unicode>
                </TextEquiv>
            </TextLine>
            <TextLine id="tr_1_tl_15" custom="readingOrder {index:14;}">
                <Coords points="553,2349 859,2349 967,2394 1560,2339 2536,2387 2556,2292 1819,2292 1577,2250 1358,2292 1271,2250 551,2275"/>
                <Baseline points="567,2326 666,2323 766,2327 865,2332 965,2332 1065,2332 1164,2335 1264,2338 1363,2335 1463,2335 1563,2335 1662,2338 1762,2335 1861,2338 1961,2341 2061,2341 2160,2344 2260,2344 2359,2350 2459,2349 2559,2350"/>
                <TextEquiv>
                    <Unicode>bedenke, es geht gegen deine Glaubensgenossen,gegen</Unicode>
                </TextEquiv>
            </TextLine>
            <TextLine id="tr_1_tl_16" custom="readingOrder {index:15;}">
                <Coords points="541,2469 725,2496 835,2464 967,2494 1006,2464 1153,2531 1221,2504 1281,2519 1278,2434 1119,2394 927,2419 747,2382 680,2414 593,2387 538,2424"/>
                <Baseline points="555,2457 591,2457 628,2457 664,2458 701,2462 738,2466 774,2463 811,2461 847,2460 884,2461 921,2463 957,2463 994,2463 1030,2465 1067,2466 1104,2465 1140,2463 1177,2463 1213,2465 1250,2468 1287,2469"/>
                <TextEquiv>
                    <Unicode>aie fvangelischen.</Unicode>
                </TextEquiv>
            </TextLine>
            <TextLine id="tr_1_tl_17" custom="readingOrder {index:16;}">
                <Coords points="541,2598 934,2596 1131,2646 1719,2618 1716,2519 1602,2559 1298,2554 1191,2501 1054,2568 815,2506 541,2511"/>
                <Baseline points="555,2589 613,2589 671,2589 730,2592 788,2590 847,2592 905,2594 963,2595 1022,2599 1080,2600 1139,2598 1197,2598 1255,2598 1314,2598 1372,2601 1431,2603 1489,2603 1547,2600 1606,2603 1664,2603 1723,2612"/>
                <TextEquiv>
                    <Unicode>Erasmus: Das gilt mir gleich.</Unicode>
                </TextEquiv>
            </TextLine>
            <TextLine id="tr_1_tl_18" custom="readingOrder {index:17;}">
                <Coords points="551,2740 1069,2740 1168,2778 1320,2738 2541,2750 2541,2651 2382,2626 1739,2673 551,2611"/>
                <Baseline points="564,2699 663,2703 762,2708 861,2708 960,2708 1059,2708 1158,2711 1258,2712 1357,2714 1456,2717 1555,2717 1654,2716 1753,2714 1852,2715 1952,2717 2051,2717 2150,2720 2249,2717 2348,2722 2447,2720 2547,2717"/>
                <TextEquiv>
                    <Unicode>Eerst: Und am ersten Tag kann alles für dich vor-</Unicode>
                </TextEquiv>
            </TextLine>
            <TextLine id="tr_1_tl_19" custom="readingOrder {index:18;}">
                <Coords points="541,2897 643,2895 720,2862 770,2877 807,2857 909,2862 909,2803 854,2805 832,2788 775,2800 717,2765 690,2790 538,2785"/>
                <Baseline points="552,2851 578,2849 604,2848 630,2850 656,2850 682,2848 708,2848 734,2848 760,2848 786,2848 812,2848 838,2849 864,2851 890,2853 916,2854"/>
                <TextEquiv>
                    <Unicode>bei sein.</Unicode>
                </TextEquiv>
            </TextLine>
            <TextLine id="tr_1_tl_20" custom="readingOrder {index:19;}">
                <Coords points="541,3032 675,3052 710,3029 757,3057 802,3027 857,3054 889,3019 1031,2982 1293,3002 1293,2895 1208,2885 1094,2925 999,2892 840,2937 683,2895 541,2925"/>
                <Baseline points="555,2962 592,2969 629,2973 666,2975 703,2978 741,2980 778,2980 815,2982 852,2981 889,2980 927,2980 964,2980 1001,2980 1038,2980 1075,2980 1113,2980 1150,2980 1187,2980 1224,2980 1261,2980 1299,2983"/>
                <TextEquiv>
                    <Unicode>trasmue: Ich weiee.</Unicode>
                </TextEquiv>
            </TextLine>
            <TextEquiv>
                <Unicode></Unicode>
            </TextEquiv>
        </TextRegion>
    </Page>
</PcGts>
