3112 3560
502 444 1039 573 Fahhenspiel.
499 570 2637 781 Der Führer als Tribun und Sprecher der Kompagnie.
510 685 1420 844 (Im. Krieg beseitigt).
499 822 2582 1001 (Säite 40) Der Fourier.Die Rottenmeister werfen.
493 957 2516 1124 ihre Messer in seinen Hut,er läuft von Haus zu
485 1099 2629 1231 Haus, steckt die Klingen in den Pfosten, jede Rotte
488 1220 2552 1368 (6-8 Mann) zieht dem Messer ihres Meisters nach
469 1346 2442 1521 Jeder Charge ein Stellvertreter beigeordnet.
469 1488 2278 1647 Geworbene Söldner. Werbeplätze,Werbegeld.
474 1601 959 1743 Passzeltel.
469 1724 2311 1897 Kriegszucht. Schlechter Ruf der Deutschen.
455 1853 2442 2018 Der Hauptmann findet seinen Vorteil darin das
447 2009 1519 2152 Plündern zu begünstigen.
439 2105 2445 2259 Die verhassten Zahlherrn. Unvollständiges und
444 2275 2382 2426 schlechtes Geld. Misshandlungen. Meutereien.
441 2371 2580 2566 Der Korporal der Garnison von Hilperstein (S.44).
430 2500 1247 2656 Meuterei Mansfeld.
425 2626 2626 2821 Ausbruch des Grolls nach Abdankung der Regimenter.
436 2802 2026 2955 Schimpfreden gegen die Befehlshaber.
419 2889 1069 3043 Die Gartbrüder-
