<?xml version="1.0" encoding="UTF-8" standalone="yes"?>
<PcGts xmlns="http://schema.primaresearch.org/PAGE/gts/pagecontent/2013-07-15" xmlns:xsi="http://www.w3.org/2001/XMLSchema-instance" xsi:schemaLocation="http://schema.primaresearch.org/PAGE/gts/pagecontent/2013-07-15 http://schema.primaresearch.org/PAGE/gts/pagecontent/2013-07-15/pagecontent.xsd">
    <Metadata>
        <Creator>prov=READ-COOP:name=PyLaia@TranskribusPlatform:version=2.7.0:model_id=50870:lm=none:date=22_01_2024_18:42</Creator>
        <Created>2023-09-27T14:37:12.646+02:00</Created>
        <LastChange>2024-01-22T18:42:53.363+01:00</LastChange>
        <TranskribusMetadata docId="1589043" pageId="60124400" pageNr="43" tsid="145633282" status="IN_PROGRESS" userId="40391" imgUrl="https://files.transkribus.eu/Get?id=OZTGCJVMUFRSDJYTANQMXDSE&amp;fileType=view" xmlUrl="https://files.transkribus.eu/Get?id=TLKVKKHRJLZRAAAGYLSOQXIX" imageId="48549477"/>
    </Metadata>
    <Page imageFilename="1589043_0043.jpg" imageWidth="3288" imageHeight="3576">
        <ReadingOrder>
            <OrderedGroup id="ro_1711791773144" caption="Regions reading order">
                <RegionRefIndexed index="0" regionRef="tr_1"/>
            </OrderedGroup>
        </ReadingOrder>
        <TextRegion orientation="0.0" id="tr_1" custom="readingOrder {index:0;}">
            <Coords points="949,595 949,3222 2910,3222 2910,595"/>
            <TextLine id="tr_1_tl_1" custom="readingOrder {index:0;}">
                <Coords points="1003,688 1393,664 1698,705 1805,671 2059,690 2151,741 2413,695 2861,717 2859,620 2813,603 1880,625 1819,584 1204,574 1003,618"/>
                <Baseline points="1017,659 1109,659 1202,662 1294,665 1387,665 1479,668 1572,672 1664,674 1757,674 1849,674 1942,680 2035,682 2127,683 2220,686 2312,689 2405,689 2497,692 2590,692 2682,696 2775,698 2868,695"/>
                <TextEquiv>
                    <Unicode>ehrlicher Zweikampf - er wollte dich vielleicht</Unicode>
                </TextEquiv>
            </TextLine>
            <TextLine id="tr_1_tl_2" custom="readingOrder {index:1;}">
                <Coords points="998,828 2464,848 2435,763 996,739"/>
                <Baseline points="1011,791 1083,795 1156,795 1229,799 1302,800 1375,805 1448,805 1520,810 1593,808 1666,808 1739,811 1812,811 1885,814 1958,817 2030,820 2103,821 2176,823 2249,823 2322,825 2395,826 2468,826"/>
                <TextEquiv>
                    <Unicode>nur retten. Worum habt Ihr gefochten?</Unicode>
                </TextEquiv>
            </TextLine>
            <TextLine id="tr_1_tl_3" custom="readingOrder {index:2;}">
                <Coords points="996,981 1701,950 2716,988 2907,969 2907,896 993,867"/>
                <Baseline points="1008,922 1103,928 1198,932 1293,934 1388,935 1483,939 1578,945 1673,940 1768,946 1863,949 1959,949 2054,952 2149,952 2244,955 2339,955 2434,952 2529,955 2624,958 2719,962 2814,967 2910,967"/>
                <TextEquiv>
                    <Unicode>Erasmus: Der Hauptmann sprach Uebles über meinen</Unicode>
                </TextEquiv>
            </TextLine>
            <TextLine id="tr_1_tl_4" custom="readingOrder {index:3;}">
                <Coords points="1000,1073 1977,1107 1974,1049 1841,1020 1000,1022"/>
                <Baseline points="1014,1068 1062,1065 1110,1068 1159,1071 1207,1071 1256,1072 1304,1074 1352,1076 1401,1077 1449,1077 1498,1077 1546,1080 1594,1080 1643,1080 1691,1083 1740,1084 1788,1086 1836,1087 1885,1089 1933,1089 1982,1089"/>
                <TextEquiv>
                    <Unicode>Glauben, dem ich angehöre.</Unicode>
                </TextEquiv>
            </TextLine>
            <TextLine id="tr_1_tl_5" custom="readingOrder {index:4;}">
                <Coords points="991,1211 1344,1206 1417,1262 2236,1243 2449,1291 2616,1238 2822,1248 2832,1187 2146,1146 2008,1180 1725,1117 1386,1122 1286,1172 988,1124"/>
                <Baseline points="1005,1196 1096,1199 1188,1208 1279,1205 1371,1208 1463,1209 1554,1212 1646,1214 1738,1217 1829,1220 1921,1220 2013,1222 2104,1223 2196,1225 2288,1226 2379,1230 2471,1232 2563,1232 2654,1234 2746,1238 2838,1235"/>
                <TextEquiv>
                    <Unicode>Oberst: Gerade über deinen? Das ist nicht seine</Unicode>
                </TextEquiv>
            </TextLine>
            <TextLine id="tr_1_tl_6" custom="readingOrder {index:5;}">
                <Coords points="984,1366 2304,1395 2272,1255 2045,1308 1606,1243 1475,1294 1332,1245 981,1274"/>
                <Baseline points="996,1331 1061,1338 1126,1337 1192,1341 1257,1343 1323,1343 1388,1345 1453,1347 1519,1349 1584,1352 1650,1352 1715,1352 1780,1356 1846,1358 1911,1358 1977,1358 2042,1361 2107,1361 2173,1361 2238,1363 2304,1364"/>
                <TextEquiv>
                    <Unicode>Art. Und bist denn du so gläubig?</Unicode>
                </TextEquiv>
            </TextLine>
            <TextLine id="tr_1_tl_7" custom="readingOrder {index:6;}">
                <Coords points="984,1521 2687,1526 2706,1434 2054,1458 1735,1388 1596,1441 1480,1393 1318,1451 981,1405"/>
                <Baseline points="996,1474 1081,1474 1167,1474 1253,1479 1339,1482 1425,1483 1511,1483 1596,1483 1682,1483 1768,1487 1854,1486 1940,1492 2026,1492 2112,1495 2197,1495 2283,1498 2369,1498 2455,1498 2541,1501 2627,1502 2713,1501"/>
                <TextEquiv>
                    <Unicode>Erasmas: Meinen Vater hatte er geschmäht,der</Unicode>
                </TextEquiv>
            </TextLine>
            <TextLine id="tr_1_tl_8" custom="readingOrder {index:7;}">
                <Coords points="988,1625 1265,1613 1383,1664 1604,1672 1890,1657 1887,1558 1766,1560 1659,1514 986,1531"/>
                <Baseline points="999,1608 1043,1611 1088,1611 1133,1611 1178,1614 1223,1614 1267,1611 1312,1614 1357,1617 1402,1617 1447,1623 1491,1620 1536,1620 1581,1620 1626,1623 1671,1626 1715,1626 1760,1629 1805,1626 1850,1626 1895,1629"/>
                <TextEquiv>
                    <Unicode>diesen Glauben predigt.</Unicode>
                </TextEquiv>
            </TextLine>
            <TextLine id="tr_1_tl_9" custom="readingOrder {index:8;}">
                <Coords points="976,1761 1655,1776 1766,1819 1923,1773 2146,1839 2360,1785 2856,1824 2854,1698 2357,1739 2251,1701 2154,1730 2020,1693 1749,1725 1606,1686 974,1686"/>
                <Baseline points="988,1743 1081,1747 1175,1755 1269,1756 1362,1755 1456,1758 1550,1760 1643,1761 1737,1764 1831,1767 1925,1770 2018,1773 2112,1773 2206,1774 2299,1776 2393,1777 2487,1779 2580,1781 2674,1782 2768,1780 2862,1782"/>
                <TextEquiv>
                    <Unicode>Leutnant: Wir hörten wohl, er sandte deinem Vater</Unicode>
                </TextEquiv>
            </TextLine>
            <TextLine id="tr_1_tl_10" custom="readingOrder {index:9;}">
                <Coords points="981,1902 1131,1897 1211,1938 1369,1938 1381,1923 1466,1936 1463,1831 1412,1839 1349,1810 1231,1802 1061,1844 1042,1824 979,1836"/>
                <Baseline points="991,1880 1016,1883 1041,1886 1066,1886 1092,1886 1117,1886 1142,1887 1167,1889 1193,1889 1218,1889 1243,1889 1268,1889 1294,1889 1319,1890 1344,1892 1369,1892 1395,1892 1420,1894 1445,1896 1471,1901"/>
                <TextEquiv>
                    <Unicode>einen Gruss.</Unicode>
                </TextEquiv>
            </TextLine>
            <TextLine id="tr_1_tl_11" custom="readingOrder {index:10;}">
                <Coords points="976,2071 1652,2035 2047,2095 2069,1999 1570,1950 1516,1986 1437,1953 1172,1974 971,1928"/>
                <Baseline points="988,2017 1042,2017 1096,2017 1151,2017 1205,2020 1260,2020 1314,2021 1369,2023 1423,2025 1478,2026 1532,2026 1586,2029 1641,2029 1695,2029 1750,2032 1804,2032 1859,2033 1913,2035 1968,2035 2022,2038 2077,2044"/>
                <TextEquiv>
                    <Unicode>Oberst: So lügst du, Frasmus.</Unicode>
                </TextEquiv>
            </TextLine>
            <TextLine id="tr_1_tl_12" custom="readingOrder {index:11;}">
                <Coords points="969,2175 1662,2180 1659,2120 1596,2095 1369,2120 1061,2059 964,2074"/>
                <Baseline points="979,2149 1013,2149 1047,2151 1082,2152 1116,2152 1151,2155 1185,2155 1220,2156 1254,2158 1289,2161 1323,2159 1357,2158 1392,2159 1426,2161 1461,2161 1495,2163 1530,2164 1564,2164 1599,2167 1633,2167 1668,2170"/>
                <TextEquiv>
                    <Unicode>Erasmas: (schweigt.</Unicode>
                </TextEquiv>
            </TextLine>
            <TextLine id="tr_1_tl_13" custom="readingOrder {index:12;}">
                <Coords points="971,2297 1623,2304 2360,2384 2355,2226 1110,2253 969,2200"/>
                <Baseline points="985,2283 1057,2283 1130,2286 1202,2286 1275,2289 1347,2295 1420,2294 1493,2294 1565,2295 1638,2298 1710,2299 1783,2301 1855,2303 1928,2304 2001,2307 2073,2307 2146,2304 2218,2310 2291,2311 2364,2319"/>
                <TextEquiv>
                    <Unicode>Ein Soldat: An den Galgen mit ihm.</Unicode>
                </TextEquiv>
            </TextLine>
            <TextLine id="tr_1_tl_14" custom="readingOrder {index:13;}">
                <Coords points="967,2461 1274,2464 1315,2430 1565,2452 1563,2355 964,2357"/>
                <Baseline points="979,2417 1008,2417 1038,2418 1067,2420 1097,2422 1126,2424 1156,2426 1185,2426 1215,2426 1244,2426 1274,2426 1304,2426 1333,2426 1363,2428 1392,2429 1422,2429 1451,2429 1481,2429 1510,2429 1540,2427 1570,2426"/>
                <TextEquiv>
                    <Unicode>Oberst: S1ille!</Unicode>
                </TextEquiv>
            </TextLine>
            <TextLine id="tr_1_tl_15" custom="readingOrder {index:14;}">
                <Coords points="959,2602 2023,2619 2103,2665 2192,2626 2909,2607 2890,2485 1497,2519 957,2490"/>
                <Baseline points="973,2549 1069,2555 1166,2555 1263,2558 1360,2560 1457,2561 1554,2564 1650,2570 1747,2570 1844,2573 1941,2575 2038,2575 2135,2579 2232,2582 2328,2579 2425,2582 2522,2584 2619,2586 2716,2590 2813,2593 2910,2593"/>
                <TextEquiv>
                    <Unicode>Einige andere Soldaten:(kräftiger) Er hat unseren</Unicode>
                </TextEquiv>
            </TextLine>
            <TextLine id="tr_1_tl_16" custom="readingOrder {index:15;}">
                <Coords points="938,2689 1250,2725 1720,2701 1977,2754 2108,2711 2328,2757 2403,2720 2696,2750 2718,2662 2112,2684 1926,2621 1788,2684 1727,2638 1487,2616 935,2616"/>
                <Baseline points="952,2680 1040,2683 1129,2683 1217,2686 1306,2689 1395,2692 1483,2689 1572,2697 1661,2698 1749,2701 1838,2698 1927,2701 2015,2704 2104,2707 2193,2710 2281,2711 2370,2716 2459,2716 2547,2715 2636,2716 2725,2716"/>
                <TextEquiv>
                    <Unicode>Hauptmann umgebracht. An den Galgen mit ihml</Unicode>
                </TextEquiv>
            </TextLine>
            <TextLine id="tr_1_tl_17" custom="readingOrder {index:16;}">
                <Coords points="945,2803 1192,2810 1383,2856 1461,2815 1601,2820 1686,2861 1737,2854 1735,2745 942,2754"/>
                <Baseline points="958,2799 997,2799 1036,2801 1075,2802 1115,2804 1154,2805 1193,2805 1232,2805 1272,2805 1311,2808 1350,2808 1389,2808 1429,2808 1468,2809 1507,2811 1546,2811 1586,2814 1625,2811 1664,2813 1703,2816 1743,2814"/>
                <TextEquiv>
                    <Unicode>Oberst: Rede, Erasmus</Unicode>
                </TextEquiv>
            </TextLine>
            <TextLine id="tr_1_tl_18" custom="readingOrder {index:17;}">
                <Coords points="947,2931 1342,2934 1526,2982 1965,2965 1962,2863 1693,2854 1618,2900 1434,2839 1146,2890 945,2861"/>
                <Baseline points="958,2922 1008,2925 1059,2928 1109,2929 1160,2933 1211,2934 1261,2932 1312,2934 1362,2934 1413,2937 1464,2937 1514,2938 1565,2940 1615,2942 1666,2943 1717,2943 1767,2943 1818,2947 1868,2949 1919,2949 1970,2952"/>
                <TextEquiv>
                    <Unicode>Erasmus: Ich habe geredet.</Unicode>
                </TextEquiv>
            </TextLine>
            <TextLine id="tr_1_tl_19" custom="readingOrder {index:18;}">
                <Coords points="945,3074 1928,3081 2062,3135 2454,3149 2578,3098 2757,3118 2754,3001 2236,3021 2122,2977 1936,3028 1546,2972 1318,3014 1214,2972 942,2994"/>
                <Baseline points="958,3053 1048,3056 1138,3059 1228,3059 1319,3062 1409,3068 1499,3068 1590,3071 1680,3071 1770,3074 1861,3077 1951,3080 2041,3081 2131,3083 2222,3086 2312,3086 2402,3092 2493,3092 2583,3097 2673,3097 2764,3098"/>
                <TextEquiv>
                    <Unicode>Die Soldaten: (noch stärker) An den Galgen mit</Unicode>
                </TextEquiv>
            </TextLine>
            <TextLine id="tr_1_tl_20" custom="readingOrder {index:19;}">
                <Coords points="935,3268 954,3270 969,3256 981,3261 1032,3232 1105,3224 1105,3132 1042,3149 1000,3132 967,3135 950,3125 935,3130"/>
                <Baseline points="949,3190 975,3188 1002,3188 1029,3189 1056,3190 1083,3190 1110,3190"/>
                <TextEquiv>
                    <Unicode>ihnt</Unicode>
                </TextEquiv>
            </TextLine>
            <TextEquiv>
                <Unicode></Unicode>
            </TextEquiv>
        </TextRegion>
    </Page>
</PcGts>
