3288 3576
930 590 1836 718 völlig Nacht geworden.)
942 686 2351 834 Erasmus: (bleibt wie erstarrt stehen)
938 829 2286 1017 Der Leutnant: (kommt) Was gibts da?
947 969 2085 1114 Ein Soldat: Unser Hauptmann!
950 1119 1945 1261 Der Wirt:kommt) Erasmus!
957 1220 2438 1375 fandere Bürger und Soldaten): Erasmus!
952 1406 1259 1529 Fraauna
964 1455 2771 1655 Leutnant: (zu Dietrich herabgebeugt) Hauptmann,
966 1626 1877 1788 was ist denn geschehen?
2668 1713 2955 1848 gewesen?
974 1720 2617 1909 Ein anderer Soldat: (zu Erasmus) Ihr seid'e
1005 1873 2073 2049 soldat: Wo ist der Profoss?
971 2018 2465 2136 Lietrich: (am Boden liegend) Lasst ihn.
971 2131 1776 2266 Leutnant: Hauptmann!
983 2264 2474 2438 Dietrich: Lasst ihnl Dase ihn keiner-
979 2395 2399 2554 Der Oberst mit dem Adjutanten kommt.
995 2554 1783 2680 Ad jutant: Was gibts?
998 2610 2535 2791 Leutnant: Der Hauptmann Friesen stirbt.
1010 2779 2578 2916 Oderst: Wie? Priesen? Wer? Der Junge der
1000 2854 2943 3015 Der Feldweibel: Vor kaum einer Stunde hat er sich
1008 3054 1566 3170 werben lassen.
1015 3122 1798 3291 erst: Der Profosel
