3288 3896
1811 632 2734 750 rt aus dem deutschen Re-
881 658 1342 819 Zeutnant: M.
883 769 2661 907 vier irgendwohin wo es noch blüht,,wo es noch
876 926 2202 1065 Geld und Gut gibt und Jungfrauen.
881 1018 2337 1188 Ein Anderer: Immer kommt man zu spät.
878 1170 2180 1286 Leutnant: Die wachsen immer nach.
876 1281 2585 1458 Dietrich: Liegt Euch daran was, junge Leute?
878 1437 2661 1577 Ich habe Jungfern gekannt, die hatten so wenig
890 1553 2756 1724 Scham, dass sie sich selber die Kleider vom Leib
895 1693 2711 1828 rissen und Dirnen, die weinten vor Traurigkeit.
895 1823 2164 1984 Leutnant: Ihr seid kaum vierzig.
902 1939 2723 2095 Vietrich: Ich hab geschworen meine Heimatstadt
885 2112 2787 2230 nicht früher zu betreten ehe ich Generalleutnant
2005 2188 2325 2372 Er hein
897 2209 1842 2372 geworden. Ih Leetr slut
897 2346 2351 2488 Leutnant: Ihr solltet es längst sein.
895 2457 2671 2614 Dietrich: Dort drüben standen auch Häuser. Es
895 2616 2694 2758 war eine schöne Stadt. Dies war die Stunde,da
895 2730 2789 2891 man hier auf dem Marktplatz herumspazierte. Dort
888 2836 2770 2995 drüben waren Garten. Und was für Wein gab es in
897 2974 1584 3080 diesem Wirtshaus.
907 3090 1764 3270 (die sitzensen Passern,
895 3241 2552 3412 Dieptsich: Und junge echöné Mädchen gab es.
