2835 3496
115 255 2122 495 lebler aline Schristen - im saub
131 391 2135 657 serift. und sat have Leut-alie
238 542 1894 816 flüchter. in letzte Augenblück-
293 665 2056 936 Ee beibst ein ernmeli- Genet
186 808 2157 1150 alle SarFreund!— Soll Eom
233 1007 1317 1210 Rrolipestudieren.
189 1065 2209 1393 Rerte lind de -tan hit de ? lemnlol
214 1213 2245 1533 de en seuenliest. He wellench
159 1317 2242 1697 hale eie wsehecht - de fuile Ertel
580 1560 1957 1801 Jeht etn... Her Anfehl!
569 1678 2264 1941 de Herben habe ach esster mit deme
728 1848 1727 2015 schulen cmiti¬
1804 1905 2113 2067 )H
635 1946 1705 2100 wonit de Täberviel
775 2067 2080 2209 (ho didleten hnne gurenet.
285 2138 2488 2373 Dubistauckmitt berne st in Lausbucht.
203 2289 2409 2568 saln. Ecimi end mehr indlen- un
389 2436 2316 2644 auit in Contbualt ist mie art
2428 2508 2620 2672 Var
430 2562 2154 2806 ne berner al in Sfane. er lest
528 2672 2499 2926 niiltin Iiuist in dlem freiset
1194 2800 1908 2910 an sureurter
452 2847 2061 3085 s set pocesto coctt mebr.
356 3019 2483 3285 san und baufen, p an e rber
