2888 3448
593 420 2368 554 Pfarrer: Ich fliehe nicht.Wie's Gott gefällt.
593 518 2402 698 Oberst: Noch främm. Hunderliche Leute. (voil
596 684 1770 793 Pfarrer und sein Sohn.rasmus.
598 793 2392 945 Erasmus: Hört Ihr, Vater,Dietrich von Friesen
593 974 859 1072 kommt.
593 1042 2473 1206 farrer: Was willst du? Töten,plündern. Denk an
598 1206 1116 1350 deine Mutter.
603 1340 2461 1479 Erasmus: Dietrich von Friesen hat mir verspro-
598 1467 2429 1560 chen,dass er mich mit nimmt,wenn ich stark und
596 1577 2451 1728 gross geworden bin.Du hast ihn auch gern,Vater.
598 1724 2385 1860 Efarrer: Der ist zur Unrasl geboren.Du nicht.
586 1860 2551 1990 Komm. Zuerst zu deiner Mutier Grab, dann zu unserm
603 1997 886 2107 Vetler.
601 2097 2554 2244 Lass mich nicht allein. Gio dich nicht dem Krieg.
601 2239 1333 2385 der mir allesnahm.
601 2356 2229 2505 Fahnrich und die Madchen. Einquartierung.
593 2493 1885 2641 Hauptmann Dietrich und Fähnrich.
593 2590 2471 2727 Hauptmann: Wo ist mein Quartier? Wie witzig das
2275 2683 2439 2761 mon
591 2715 2441 2866 Schicksal ist. quartier im xiternhaus. Ist wer-
598 2849 2234 2986 da, der den Hauptmann Viettich von Friesen
598 2986 2441 3135 kennt. Da war einmal ein Pfarrer, den kannt ich
