3288 3608
1038 608 2857 740 geld erhalten,sein Beispiel und neuerlicher
1078 754 2847 929 pott der Mädchen bringt es dahin, dass Frasmus
1024 896 1946 1007 sich auch werben lässt.
1017 986 2918 1171 Während das im Hintergrund vor sich geht Oberst
1007 1123 2795 1308 und Dietrich,vielleicht auch der Adjutant und
1024 1272 2720 1438 Lietrich,-jedesfalls offizieller Befehl des
996 1395 2779 1561 Obersten an Dietrich mit seiner Rotte um vier-
989 1556 2668 1719 Uhr morgens den Schweden entgegenzuziehen.
986 1648 2852 1859 Galas kommt spätestens auch morgens, sqdass kaum
970 1793 1793 1927 eine Gefahr besteht.
979 1904 2701 2114 Dietrich weiss aber ganz gut, dass dies sein-
965 2048 1549 2188 Ende bedeutet.
1251 2159 1454 2259 tritt.
958 2199 2741 2358 Erasmus kammk als geworbener Soldat wieder zu
974 2330 1535 2474 Hietrich hin..
955 2443 2670 2644 Er wird doch wieder schwankend, wenn er sich
941 2568 2209 2758 des Fluchs des Vaters erinnert.
934 2713 2727 2911 Hier muss noch ein stärkeres Motiv einsetzen.
937 2826 2237 2996 Nun will Dietrich ihn aufrichten.
922 2935 2713 3105 Brasmus: Nun, da ich doch geworben bin, wird er
918 3063 1918 3240 den Fuch von mir nehmen.
