3272 3608
876 669 1354 791 seit Jahren.
878 760 2772 938 Bietrich( Entschliesstdich jetzt ihn mit sich zu
876 894 2894 1083 nehmen 1: Jetzt kann dir ja nichts. mehr geschehen.
878 1034 2845 1199 Da bist ein Mann. Du kannst, du sollst alles hören.
876 1163 2687 1310 Lüge ist das Böseste,der Pfarrer selbst hat es
1222 1276 2744 1434 Iso nimm es ruhig hin. Der Pfarrer hat
884 1331 1158 1465 gesagt:
876 1395 2803 1527 dir nichts zu schaften. Mache dir keine Vorwürfe.
873 1519 2876 1695 Du darfst vielleicht sogar glauben, dass Gott selbst
871 1656 2341 1793 dir den Weg weist. Du bist mein Sohn.
878 1798 2529 1964 Erasmus: Ich versteh Euch nicht, Hauptmann.
897 1953 2858 2103 ietrich: Sieh,dieses Amuletie,ich habe es von dei-
871 2114 1320 2248 ner Mutier.
876 2168 2865 2405 Frasmus: Dieses? Das Ihr eben noch verspielen woll-
876 2356 1046 2462 tet?
889 2478 2907 2648 Hietrich: Das Schicksal selbst hat es nicht gewollt.
860 2602 2834 2793 Hatt: ich’'s verspielt, ich hätie die nächste Stunde
860 2744 1633 2878 nicht mehr gesehen.
902 2829 1816 2958 rasmus: Mein Vater Ihr?
866 2909 2726 3119 Dietrich: Du bist ein Mann, du bist mein Sohn.
871 3085 2943 3201 Sie war meines Freundes Braut. Aber sie liebte mich-
