3240 3688
836 691 2631 862 Erasmus: Ich kann ’'s brauchen. Melde mich zum
843 852 1367 991 Kriegsdienst.
843 964 1650 1126 Oberst: Mer bist du?
845 1088 1915 1231 Frasmus: Sohn des Pfarrers.
841 1224 2665 1391 Eberst: Wir sind katholisch. Ist dir's gleich?
833 1353 2569 1531 Frasmus: (aufs Schwert) Das ist meif Glaubé.
833 1498 2536 1674 Ad jutant: Ist dirß gleich wofür du kämpfst?
836 1638 1836 1781 Frasmus: Für meinen Ruhm.
848 1769 2219 1905 berst: Fraglich, ob du ihn erlebst.
833 1893 2648 2034 Brasmus: Das weiss keiner. Wusstet Ihr’s? Seid
833 2031 1403 2153 Ihr der Tilly?
819 2157 2662 2331 Eberet: Ich bin von hundert Obersten einer und
824 2286 2686 2484 du hast meinen Nanen nie gehört. Lasst ihn lau-
831 2462 1012 2577 fen.
836 2546 2500 2724 17. Der Tfarrer. (Angetvol1) laset mir den!
836 2707 2646 2843 Ex ist das Einzige,was mir der Krieg gelassen.
826 2836 2738 2988 Ich hatte auch eine Tochter. Meine Frau starb an
831 2974 1191 3096 der Pest.
817 3079 2126 3269 Oberzt: Euere Tochter auch? dekt
817 3255 1581 3393 Pfarrer: Schlimner.
