3288 3944
913 746 2963 903 es doch- sie will mich nur nicht sehen. Dein Vater
908 908 1626 1044 hat sie versteckt.
911 1018 2019 1188 trasmue: Was fällt Euch ein?
905 1167 2804 1311 Dietrich: Und wo ist dein Vater? Warum kommst du
905 1300 1185 1416 allein?
908 1393 2396 1557 Erasmus: Ich will mich werben lassen.
895 1554 2957 1711 Die Werbung müsste auf der Bühne vorgehen. Gegenüber
895 1713 2755 1880 dem Rathaus müsste die Werbetrommel aufgestellt
890 1862 1106 1970 sein.
905 1931 2757 2116 Dietrich: Als was willst du mit mir kommen? Für
890 2078 2906 2273 meinen Adjutanten bist du zu jung, für meinen Tross-
905 2244 2878 2401 buben zu alt, denn meinen erschlug man mir neulich.
890 2373 2126 2524 Auch bist du nicht ausgerüstet.
890 2488 2868 2683 Erasmus: Ich hab ein Schwert. Ee blieb eins zurück
895 2650 1575 2765 von den Schweden.
893 2739 2906 2909 Dietrich: Ueberleg es dir. Wenn ich dich so für ein
890 2909 2904 3052 paar Tage mitnehmen könnte und dich dann wieder zu-
877 3040 2716 3178 rückschicken. Aber manchmal kommt die Kugel am
887 3173 1336 3288 ersten Tag.
877 3286 2796 3450 Ueberdies sind wir katholisch. Ist'’'e dir glesich?
