2824 3400
681 423 904 532 gee
679 459 1375 564 einem Sterbenden.
557 572 2421 681 Der Fähnrich, der seinem Goti abgeschworen,liegt
550 708 2223 840 im Sterben,von einem der Mädchen ermordet.
535 852 1426 972 Hauptmann und Erasmus.
535 970 2457 1121 Hauptmann: Erasmus bleib. Der hat kein Recht dir
547 1099 2418 1241 zu befehlen. Der mani ist dein Vater nicht. Vor-
547 1246 2467 1392 siebzehn Jahren,ehe ich das Dorf verliess - auch
547 1395 1326 1507 Mut, er sind Frauen.
562 1492 1993 1639 Erasmus: Lasst mich zu meinem Vater.
550 1619 2421 1773 Hauptman.: Er wird dich davonschicken, sobald er
545 1759 2381 1898 erst weiss. Wenn du bei mir bist geschieht uns
550 1893 2296 2039 Beiden nichts. Ich schenke dir ein Amulette.
601 2025 2272 2162 Erasmus: Glaubt Ihr mit einem Mal an Gott?
584 2159 2416 2298 Hauptmann: Das hat mit Gott nichts zu tun. Das
591 2298 1832 2411 Amulette ist von deiner Mutter.
591 2421 2555 2550 Nachrichten: Der Tilli ist nah. Vor Sonnenaufgang.
598 2562 2428 2701 ist er bei uns. Wir gewinnen viel, wenn wir die
591 2662 1983 2826 Feinde beunruhigen. (Der Leutnant).
586 2792 2504 2953 Erasmus: Mit jedem Andern eher als mit Euch ging
591 2948 794 3082 ich.
