3272 3576
843 513 1463 698 Hildburghausen.
855 673 2304 833 Pfarrer: Ich weiss. - - Komm, Erasmus.
848 808 2706 958 trasmue: Nein, Vater, ich will mich werben lassen
840 938 1491 1083 du weisst es ja.
848 1066 2686 1251 Pfarrer: Das wirst du nicht.- Du weiest, was wir
843 1218 1446 1356 betimnt hatten.
845 1328 2801 1513 Von Hildburghausen geradeaus ins Seminar,. Ich hab
830 1471 1671 1646 dich schonangemeldet.
828 1606 2721 1771 Erasmus: Ich will nicht Pfarrer werden. Ich will
818 1766 2409 1888 mit dem Hauptmann ins Feld, in den Krieg.
820 1891 2119 2044 Dietrich: Bleib bei deinem Vater.
828 2024 2054 2151 Pfarrer: Warte daheim auf mich.
825 2121 2756 2304 Erasmus: Daheim, sagt der Vater - unser Haus steht
810 2259 2486 2441 nicht mehr. Wir schlafen in der Sakristei.
825 2409 2834 2571 Pfarrer: Geh jetzt,mach dich fertig, in einer Stunde
818 2536 1536 2681 ziehen wir davon..
845 2661 1856 2806 ietrich: Leb wohl, Erasmus
813 2896 1641 3009 Pfarrer und Dietrich.
810 3029 2301 3164 Dietrich: Wer weies, ob es sehr klug vo
