3272 3928
889 536 2689 712 Leutnant: Der quaptiergalgen ist aufgerichtét.
881 692 2189 827 Der Oberst verstehtkeinen Spass.
876 815 2689 965 Oder vielleicht kommt der Oberst schon jetzt.)
863 947 2781 1101 13. (Fahnrich, Jakobine. (Fraglich, ob diese Szene
868 1093 2390 1239 schon an dieser Stelle zu stehen hat).
876 1223 2104 1369 Jakobine Lragt nach Wolfgang.
866 1346 2692 1476 Fahnrich: Ja, den hab ich gekannt.Kamerad, grüss
863 1471 2694 1645 sie von mir, hat er mir gesagt.lasst es Euch so
863 1617 1780 1754 wohl sein,als Ihr mögt.
853 1731 2822 1938 Jakobine: Ich glaub Euch kein Nort. (zusammen fort)
850 1887 2664 2043 Oberst mit seinem Adjutanten und der Leutnant.
1662 1977 1851 2069 osfes
876 2005 1892 2158 Eerst: Wo sind die Leute?
843 2132 2753 2321 Ad jutant: Es fehlt noch eine halbe Stunde an die
843 2245 1065 2393 Zeit.
830 2390 2278 2549 Oberet: Wo ist Dietrich von Friesen?
1251 2498 1422 2572 huve
830 2541 2740 2712 Ad jutant: Die Hauptleute haben noch mit der Ein-
827 2676 1596 2789 quartierung zu tun.
1088 2753 1445 2835 Wimirw
830 2773 2865 2942 Oberst: Das ist Eisfeld? Ich hätte es nicht erkannt.
830 2932 2812 3123 Vor drei Jahren eine lebendige Stadt. Wenn man mir
820 3072 2870 3236 vorausgesagt, dass ich in drei Jahren wieder an sel-
