3272 3560
556 750 864 879 Jet apd
564 853 838 964 sernte
556 942 806 1047 dekesten
531 1027 871 1166 hat seber
926 524 1840 675 Wer hat ihn umgebracht?
939 680 2606 798 Leutnant: Er verschwand mit einem Mädchen.
944 783 2608 921 Oberst: (zum Pfarrer) Sprich, was du weisst.
944 899 2797 1067 Pfarrer: Ex lag sterbend auf der Wiese. Ein Mäd-
942 1045 2915 1198 chen sah ich nicht. Er lag allein an der Fried-
947 1244 1370 1344 hofsmauer.
972 1359 2525 1458 berst: ans chaffe mir das Mädchen her-
952 1458 2583 1664 Pfarrer: Die wird man nicht wiederfinden.
957 1571 2888 1735 Oberst: den Bürgermeister ins Gefängnis. Verdamm-
957 1735 2847 1860 tes Nest! Man sollte es an allen Ecken anzünden,
964 1876 2231 2019 wen;, es noch der Mühe wert wäre.
967 1989 2872 2137 pfarrer:fsieht ex jetzt den Erasmus, dem man eben
1012 2145 2797 2364 ausschellen anlegtel Fraumue! ssicht auch den
974 2309 2011 2452 toten Hauptmann) Dietrichl
974 2427 2825 2596 Oberet: Das hat Euer Sohn getan, Herr Pfarrer.
969 2565 2681 2749 Pfarrer: Heiliger Himmel, was geschah hier?
979 2674 2407 2865 Erasmus: 4e war ein Zweikampf, Vater.
977 2822 3003 2951 Adjutant: Herr Oberst, ich warnte,-ein evangelisches
969 2971 1193 3117 Dorf.
