3288 3960
863 597 2676 791 es geschehen, dass sie den Kaiserlichen Gift hi-
856 788 1614 934 ne ingemischt haben.
863 906 2764 1094 orwald: Lasst mich vereuchen,Ihr trink Euch zur
858 1039 1973 1195 Probe den ganzen Umpen leer.
848 1167 2758 1335 Leutnant: Dann schon lieber wir. Nein,leider ist
863 1313 2610 1491 es kein Gift.(zu den Soldaten) (Zwei mit dem
856 1441 2723 1621 Wirt in den Kellfer. Gewacht die Fässer und den
851 1584 1258 1722 Wirt auch.
843 1709 2550 1857 Leutnant: (-zu Morweld): Wieso nicht Soldat?
846 1847 2663 1993 Morwald: War sieben Jahre im Feld und dreimal
853 1965 2824 2121 verwundet und letzten Sommer die Pest überstanden.
1210 2061 1503 2151 Herl uo
841 2093 2789 2267 Waibel: Morgen ist Werbung, Oder verbitet es Euch
833 2226 2628 2390 der Pfarrer in einen kaiserlichen Trupp ein-
838 2362 1245 2505 zutreten?
826 2497 2502 2651 Morwald: Ich bin katholiech, Beichtzettel.
1574 2590 1717 2661 ver
833 2651 2748 2784 Leutnant: Seid Ihr nicht alle evangelisch in dem
828 2756 1245 2897 xarg Dorf?
831 2834 2723 3012 Waibel: Sie wechseln jetzt, je nachdem wer kommt.
826 2977 2841 3137 Leutnant: In Euere uartiere. Die Weiber in Ruh ge-
816 3135 1117 3240 lassen.
828 3228 2174 3406 Soldat: Wenn sie selber Ruh geben.
