3160 3432
811 426 2669 610 HaxXExEEX Wir sehen uns nicht wieder, Frasmus
813 578 2662 698 was ist's mit diesem Bild? Du weisst's, dass das
818 683 2079 874 Kxxx Bild deiner Mutter ist?
825 845 2740 1004 Erasmus: Und weil sie ihn nicht liebte ist er ein
791 975 2701 1122 Landsknecht geworden. Und warum - was hat er dir
806 1104 1406 1237 gesagt, Erasmue?
806 1212 2659 1391 Ein Soldat: (von rechts) In einer Stunde ist der
801 1386 1217 1504 Gallas da.
813 1491 2667 1704 Ein anderer: Die Seligmacher sind schon auf dem
796 1663 977 1763 Weg.
801 1753 2730 1942 Leutnant: (zum Pfarrer) Rettet Kuch, Pfarrer! Oder
788 1925 1868 2018 wollt Ihr die Taufe nehmen?
791 1991 1523 2140 Efarrer: Frasmus -
788 2172 1900 2321 Leutnant: Vorwärts, Fahnrich!
798 2272 2762 2437 Erasmue: lumarmt den Pfarrer) lebt wohl, wein Vaterl
801 2410 2770 2554 Bürgemmeister; (zum farrer) Bringt Euch in Sicher-
776 2554 1381 2681 heit vor allem.
798 2637 2449 2772 (Bürger und Flüchtlinge aus den Häusern. ).
774 2794 1572 2899 Pfarrer: Ich bleibe.
886 2894 2593 3036 asmus: (sich ein letztes Mal umwendend Vaterl
