3272 3656
897 687 2639 834 Hjetrich: (Peitsche auf ihnl Da habt Ihr sie.
904 817 2675 935 (Er erkennt betroffen die Stadt. ( Wie heisst
899 947 2041 1058 die Stadt,Herr bürgermeister?
904 1067 2385 1209 Bürgermeister: Eisfela,Herr Hauptmann.
899 1185 2784 1329 Hiettich; (Jacht auf) Vorwärts Fourir,ich beglei-
897 1339 2632 1486 te dich.4je Waffen alle auf einen Haufen vor
904 1459 2755 1613 Ax der Kirchentür. Wehe dem Haus, wo eine gefun-
901 1606 2154 1714 den wird. (davon mit Fourir etc.)
894 1731 2517 1885 8. Erasmus kommt mit Schwert in der Hand.
899 1882 2127 2012 Die Madchen, die ihn verspotten.
906 1978 2565 2132 Bürgermeister will ihm das Schwert nehmen.
933 2108 2678 2279 Frasmus: Der schwedische Fähnrich hat mir es
906 2274 1231 2394 vererbt.
897 2346 2637 2514 9. Der Vater des Krasmus, der Pfarrer Deckner
899 2512 2678 2651 kommt, bestätigt Erasmus Apgabe. Eber fort mit
892 2637 1514 2784 deinem Schwert.
911 2772 2846 2933 Bürgermeister: Willst du deinen Vater ins Unglück-
899 2889 1228 3009 stürzen?
899 2976 2805 3125 10. Neue Toldaten. Schon der Fahnrich mit ihnen.
906 3077 2692 3272 Bürge-meister zu Morwald: Verschwinde, ehe der
897 3259 1774 3409 Hauptmann wi ederkommt.
