<?xml version="1.0" encoding="UTF-8" standalone="yes"?>
<PcGts xmlns="http://schema.primaresearch.org/PAGE/gts/pagecontent/2013-07-15" xmlns:xsi="http://www.w3.org/2001/XMLSchema-instance" xsi:schemaLocation="http://schema.primaresearch.org/PAGE/gts/pagecontent/2013-07-15 http://schema.primaresearch.org/PAGE/gts/pagecontent/2013-07-15/pagecontent.xsd">
    <Metadata>
        <Creator>prov=READ-COOP:name=PyLaia@TranskribusPlatform:version=2.7.0:model_id=50870:lm=none:date=22_01_2024_18:42</Creator>
        <Created>2023-09-27T14:37:10.211+02:00</Created>
        <LastChange>2024-01-22T18:42:50.848+01:00</LastChange>
        <TranskribusMetadata docId="1589043" pageId="60124313" pageNr="28" tsid="145633266" status="IN_PROGRESS" userId="40391" imgUrl="https://files.transkribus.eu/Get?id=FCRIIAKLCEOBQYMPUOCQEXQL&amp;fileType=view" xmlUrl="https://files.transkribus.eu/Get?id=TVBTUOHGIWORMUMQUPCKWBRI" imageId="48549390"/>
    </Metadata>
    <Page imageFilename="1589043_0028.jpg" imageWidth="3288" imageHeight="3576">
        <ReadingOrder>
            <OrderedGroup id="ro_1711791750179" caption="Regions reading order">
                <RegionRefIndexed index="0" regionRef="tr_1"/>
            </OrderedGroup>
        </ReadingOrder>
        <TextRegion orientation="0.0" id="tr_1" custom="readingOrder {index:0;}">
            <Coords points="1038,651 1038,3296 2961,3296 2961,651"/>
            <TextLine id="tr_1_tl_1" custom="readingOrder {index:0;}">
                <Coords points="1052,733 1575,766 1740,723 2799,737 2835,642 2699,630 2642,680 2587,642 1365,680 1277,618 1055,582"/>
                <Baseline points="1065,722 1153,723 1242,724 1330,724 1419,720 1508,723 1596,724 1685,722 1774,723 1862,722 1951,721 2040,720 2128,722 2217,725 2306,719 2394,719 2483,719 2572,713 2660,716 2749,713 2838,716"/>
                <TextEquiv>
                    <Unicode>Pfarrer: Du weisst es. Noch seh ich in deinem</Unicode>
                </TextEquiv>
            </TextLine>
            <TextLine id="tr_1_tl_2" custom="readingOrder {index:1;}">
                <Coords points="1050,876 1267,921 1370,873 2422,861 2525,907 2642,864 2799,900 2957,869 2957,799 2842,783 2596,816 1897,785 1823,823 1432,780 1341,826 1050,783"/>
                <Baseline points="1062,847 1161,856 1261,859 1361,861 1461,862 1561,862 1661,863 1761,862 1861,859 1961,862 2061,861 2161,859 2261,862 2361,859 2461,859 2561,854 2661,856 2761,856 2861,853 2961,850"/>
                <TextEquiv>
                    <Unicode>fug die himmlischer lichter deiner Jugena schim-</Unicode>
                </TextEquiv>
            </TextLine>
            <TextLine id="tr_1_tl_3" custom="readingOrder {index:2;}">
                <Coords points="1038,1009 1102,1014 1150,1002 1181,1021 1191,1012 1207,1021 1219,1009 1255,1005 1255,940 1231,945 1219,938 1207,950 1133,940 1117,950 1086,933 1038,935"/>
                <Baseline points="1050,991 1076,992 1103,993 1129,993 1156,993 1182,993 1209,995 1235,995 1262,993"/>
                <TextEquiv>
                    <Unicode>mern.</Unicode>
                </TextEquiv>
            </TextLine>
            <TextLine id="tr_1_tl_4" custom="readingOrder {index:3;}">
                <Coords points="1052,1169 2899,1133 2899,1076 2754,1050 2620,1086 1864,1052 1553,1093 1052,1019"/>
                <Baseline points="1065,1125 1161,1122 1258,1124 1355,1124 1452,1124 1548,1125 1645,1125 1742,1125 1839,1125 1936,1122 2032,1122 2129,1120 2226,1122 2323,1122 2420,1119 2516,1122 2613,1119 2710,1121 2807,1119 2904,1125"/>
                <TextEquiv>
                    <Unicode>Dietroch: Es sind andere Lichter, die du siehet.</Unicode>
                </TextEquiv>
            </TextLine>
            <TextLine id="tr_1_tl_5" custom="readingOrder {index:4;}">
                <Coords points="1055,1269 1415,1258 1561,1298 1635,1260 1888,1301 2012,1258 2331,1308 2596,1258 2897,1301 2897,1205 2716,1174 2484,1215 2355,1172 2267,1210 1625,1210 1437,1150 1055,1181"/>
                <Baseline points="1068,1247 1159,1250 1251,1250 1343,1253 1435,1255 1527,1256 1618,1253 1710,1256 1802,1254 1894,1256 1986,1254 2077,1252 2169,1254 2261,1251 2353,1249 2445,1250 2536,1253 2628,1250 2720,1250 2812,1250 2904,1247"/>
                <TextEquiv>
                    <Unicode>Der Himmiel ist lüge,wahr ist nur die Hölle.Wahr</Unicode>
                </TextEquiv>
            </TextLine>
            <TextLine id="tr_1_tl_6" custom="readingOrder {index:5;}">
                <Coords points="1050,1394 1308,1394 1379,1437 1694,1384 1885,1432 2000,1391 2064,1437 2214,1386 2296,1420 2935,1410 2935,1310 2871,1303 2312,1346 2160,1310 1973,1365 1852,1305 1725,1355 1050,1329"/>
                <Baseline points="1062,1385 1155,1385 1249,1388 1343,1388 1437,1388 1531,1388 1625,1385 1719,1383 1813,1385 1907,1388 2001,1385 2094,1388 2188,1385 2282,1385 2376,1385 2470,1382 2564,1385 2658,1387 2752,1385 2846,1388 2940,1396"/>
                <TextEquiv>
                    <Unicode>ist die irdische Welt.. Wahr ist lust und Hass,</Unicode>
                </TextEquiv>
            </TextLine>
            <TextLine id="tr_1_tl_7" custom="readingOrder {index:6;}">
                <Coords points="1050,1534 1845,1553 2038,1520 2384,1563 2596,1532 2832,1587 2832,1427 2658,1470 2572,1437 2243,1470 2076,1427 1957,1468 1503,1477 1348,1415 1274,1448 1050,1415"/>
                <Baseline points="1062,1519 1150,1516 1239,1522 1328,1519 1417,1522 1506,1522 1594,1516 1683,1519 1772,1519 1861,1522 1950,1522 2038,1517 2127,1518 2216,1522 2305,1523 2394,1521 2482,1518 2571,1519 2660,1521 2749,1522 2838,1519"/>
                <TextEquiv>
                    <Unicode>Äbenteuer und Rausch und  Tod. Auch Liebe ist</Unicode>
                </TextEquiv>
            </TextLine>
            <TextLine id="tr_1_tl_8" custom="readingOrder {index:7;}">
                <Coords points="1052,1670 1091,1675 1131,1704 1145,1694 1186,1713 1212,1694 1227,1701 1241,1689 1265,1692 1262,1620 1236,1625 1217,1606 1200,1611 1191,1601 1145,1613 1117,1589 1100,1596 1093,1589 1083,1599 1050,1592"/>
                <Baseline points="1062,1653 1087,1655 1112,1656 1138,1656 1163,1656 1188,1656 1214,1657 1239,1659 1265,1662"/>
                <TextEquiv>
                    <Unicode>Lüge.</Unicode>
                </TextEquiv>
            </TextLine>
            <TextLine id="tr_1_tl_9" custom="readingOrder {index:8;}">
                <Coords points="1052,1821 1269,1787 1396,1825 1976,1790 2952,1816 2949,1754 2883,1728 1050,1723"/>
                <Baseline points="1062,1779 1156,1782 1251,1785 1345,1788 1440,1785 1535,1783 1629,1785 1724,1787 1819,1785 1913,1788 2008,1788 2103,1788 2197,1788 2292,1788 2387,1788 2481,1790 2576,1789 2671,1790 2765,1790 2860,1788 2955,1782"/>
                <TextEquiv>
                    <Unicode>Warum willst du Erasmus nicht mit mir gehen las-</Unicode>
                </TextEquiv>
            </TextLine>
            <TextLine id="tr_1_tl_10" custom="readingOrder {index:9;}">
                <Coords points="1043,1942 1985,1930 2071,1993 2231,1928 2580,1930 2668,1976 2835,1945 2942,1976 2942,1864 2887,1837 2572,1890 2434,1849 2057,1890 1957,1854 1799,1902 1661,1854 1351,1892 1043,1847"/>
                <Baseline points="1056,1916 1150,1919 1245,1919 1339,1921 1434,1919 1529,1922 1623,1924 1718,1923 1813,1922 1907,1925 2002,1925 2097,1923 2191,1923 2286,1925 2381,1925 2475,1925 2570,1925 2665,1925 2759,1925 2854,1925 2949,1925"/>
                <TextEquiv>
                    <Unicode>sen? Er ist anders als du. Liebtest du ihn wirk-</Unicode>
                </TextEquiv>
            </TextLine>
            <TextLine id="tr_1_tl_11" custom="readingOrder {index:10;}">
                <Coords points="1043,2057 2830,2083 2830,2002 2787,1993 1704,2026 1043,1997"/>
                <Baseline points="1056,2056 1149,2053 1243,2054 1336,2056 1430,2054 1524,2054 1617,2056 1711,2056 1805,2054 1898,2056 1992,2056 2085,2056 2179,2059 2273,2064 2366,2059 2460,2061 2554,2060 2647,2062 2741,2061 2835,2056"/>
                <TextEquiv>
                    <Unicode>lich,so liessest du ihn den Weg gehen, für den</Unicode>
                </TextEquiv>
            </TextLine>
            <TextLine id="tr_1_tl_12" custom="readingOrder {index:11;}">
                <Coords points="1045,2210 1406,2183 1847,2226 2071,2195 2069,2131 1880,2143 1833,2109 1043,2129"/>
                <Baseline points="1059,2179 1109,2185 1160,2184 1211,2183 1262,2183 1313,2182 1364,2182 1415,2182 1466,2182 1517,2185 1568,2185 1618,2185 1669,2185 1720,2185 1771,2185 1822,2185 1873,2185 1924,2186 1975,2185 2026,2186 2077,2187"/>
                <TextEquiv>
                    <Unicode>ein Gott ihn bestimmt hat.</Unicode>
                </TextEquiv>
            </TextLine>
            <TextLine id="tr_1_tl_13" custom="readingOrder {index:12;}">
                <Coords points="1031,2334 1422,2367 1494,2327 2195,2317 2463,2377 2560,2327 2775,2317 2775,2267 2699,2243 2510,2284 2422,2224 2298,2276 1582,2238 1525,2276 1258,2276 1031,2234"/>
                <Baseline points="1044,2304 1130,2309 1217,2313 1304,2313 1391,2314 1478,2316 1565,2316 1651,2316 1738,2315 1825,2316 1912,2316 1999,2316 2086,2316 2173,2316 2259,2319 2346,2319 2433,2319 2520,2316 2607,2316 2694,2319 2781,2310"/>
                <TextEquiv>
                    <Unicode>Ffarrer: Woher willst du wirsen,wofür er be-</Unicode>
                </TextEquiv>
            </TextLine>
            <TextLine id="tr_1_tl_14" custom="readingOrder {index:13;}">
                <Coords points="1033,2448 1267,2501 1596,2451 1692,2491 1823,2455 2298,2489 2298,2410 2176,2374 1907,2408 1561,2365 1360,2401 1157,2350 1033,2377"/>
                <Baseline points="1047,2444 1109,2441 1172,2441 1235,2441 1298,2443 1361,2444 1424,2444 1486,2442 1549,2442 1612,2444 1675,2444 1738,2444 1801,2444 1864,2444 1926,2444 1989,2444 2052,2444 2115,2447 2178,2446 2241,2446 2304,2450"/>
                <TextEquiv>
                    <Unicode>stimmt ist? Du kennst ihn nicht.</Unicode>
                </TextEquiv>
            </TextLine>
            <TextLine id="tr_1_tl_15" custom="readingOrder {index:14;}">
                <Coords points="1033,2634 1296,2611 1417,2646 1582,2584 2952,2603 2952,2515 2334,2482 1959,2537 1682,2484 1310,2529 1033,2446"/>
                <Baseline points="1047,2576 1142,2576 1237,2578 1333,2576 1428,2574 1524,2576 1619,2579 1714,2579 1810,2579 1905,2579 2001,2579 2096,2579 2191,2579 2287,2579 2382,2579 2478,2582 2573,2582 2668,2580 2764,2582 2859,2583 2955,2582"/>
                <TextEquiv>
                    <Unicode>Dietrich: Vielleicht besser als du. Weil du ihn</Unicode>
                </TextEquiv>
            </TextLine>
            <TextLine id="tr_1_tl_16" custom="readingOrder {index:15;}">
                <Coords points="1024,2747 1346,2751 1420,2711 1580,2747 1678,2716 2064,2754 2143,2716 2790,2735 2790,2639 1024,2661"/>
                <Baseline points="1038,2710 1125,2710 1213,2710 1301,2710 1389,2710 1477,2709 1565,2708 1653,2710 1741,2712 1829,2711 1917,2712 2004,2712 2092,2713 2180,2713 2268,2711 2356,2713 2444,2713 2532,2713 2620,2715 2708,2713 2796,2713"/>
                <TextEquiv>
                    <Unicode>neben dir aufwachsen sahst,meinst du, dass du</Unicode>
                </TextEquiv>
            </TextLine>
            <TextLine id="tr_1_tl_17" custom="readingOrder {index:16;}">
                <Coords points="1031,2868 2902,2861 2902,2773 1969,2799 1864,2749 1647,2797 1301,2730 1031,2780"/>
                <Baseline points="1044,2832 1137,2832 1230,2832 1323,2832 1416,2833 1509,2838 1602,2835 1696,2838 1789,2838 1882,2838 1975,2839 2068,2841 2161,2844 2254,2841 2348,2844 2441,2849 2534,2847 2627,2848 2720,2853 2813,2853 2907,2856"/>
                <TextEquiv>
                    <Unicode>ihn kanntest. Hast du deine Tochter gekannt, die</Unicode>
                </TextEquiv>
            </TextLine>
            <TextLine id="tr_1_tl_18" custom="readingOrder {index:17;}">
                <Coords points="1079,2988 1217,2992 1255,3019 1351,2988 1408,3011 1475,2997 1546,3035 1654,2988 1773,3007 1773,2926 1577,2916 1506,2868 1305,2918 1169,2880 1136,2906 1079,2899"/>
                <Baseline points="1092,2967 1126,2967 1160,2967 1195,2967 1229,2967 1263,2967 1298,2967 1332,2966 1366,2964 1401,2967 1435,2967 1469,2967 1504,2966 1538,2964 1572,2966 1607,2967 1641,2968 1675,2970 1710,2970 1744,2968 1779,2967"/>
                <TextEquiv>
                    <Unicode>erschwunden ist ur</Unicode>
                </TextEquiv>
            </TextLine>
            <TextLine id="tr_1_tl_19" custom="readingOrder {index:18;}">
                <Coords points="1835,2988 2837,3014 2930,2983 2897,2880 2744,2930 2654,2892 2281,2921 2124,2871 1957,2921 1835,2885"/>
                <Baseline points="1847,2964 1901,2970 1955,2970 2010,2972 2064,2973 2118,2973 2173,2973 2227,2974 2281,2976 2336,2976 2390,2976 2444,2976 2499,2976 2553,2978 2607,2976 2662,2979 2716,2978 2770,2976 2825,2979 2879,2979 2934,2976"/>
                <TextEquiv>
                    <Unicode>du weisst nicht,wohin? Hast</Unicode>
                </TextEquiv>
            </TextLine>
            <TextLine id="tr_1_tl_20" custom="readingOrder {index:19;}">
                <Coords points="1470,3128 1792,3167 1966,3109 2086,3186 2308,3114 2685,3138 2685,3045 1470,3038"/>
                <Baseline points="1483,3095 1543,3102 1603,3102 1663,3101 1724,3104 1784,3102 1844,3104 1905,3103 1965,3101 2025,3104 2086,3105 2146,3105 2206,3104 2266,3104 2327,3104 2387,3107 2447,3107 2508,3107 2568,3104 2628,3106 2689,3107"/>
                <TextEquiv>
                    <Unicode>ekannt, die immer um dich waren?</Unicode>
                </TextEquiv>
            </TextLine>
            <TextLine id="tr_1_tl_21" custom="readingOrder {index:20;}">
                <Coords points="1224,3243 1606,3281 2453,3264 2580,3334 2670,3303 2670,3188 2205,3226 2028,3155 1749,3200 1561,3150 1501,3195 1222,3190"/>
                <Baseline points="1238,3235 1313,3235 1389,3241 1465,3244 1540,3241 1616,3242 1692,3244 1768,3244 1843,3244 1919,3247 1995,3248 2071,3247 2146,3249 2222,3250 2298,3256 2374,3256 2449,3256 2525,3262 2601,3262 2677,3265"/>
                <TextEquiv>
                    <Unicode>er: Eine hab ich gekannt - mein Weib.</Unicode>
                </TextEquiv>
            </TextLine>
            <TextEquiv>
                <Unicode></Unicode>
            </TextEquiv>
        </TextRegion>
    </Page>
</PcGts>
