2930 4199
216 487 698 626 HAUS BEI ST. OTHMAR
199 597 715 730 MODLING. ANDERGASSE Nr. 3
260 686 836 986 Wildham
911 1093 1730 1240 Hochruchster Herr Doktor!
303 1373 2613 1505 Es wäre mir eine Hugemrache, für Popper & Lynkins die Gestrichtnis.
1831 1479 1993 1557 Deine
311 1534 2630 1609 rede in halten, und man hätte keinen binnen Fürsprecher wählen
311 1586 2618 1710 können, um dies von mir zu erreichen, ob Ihre von mir so aufrichtig
326 1670 2587 1802 verahnte Pusau, allein ich kann es leider nicht richtigen, an einer
343 1794 2590 1892 solchen Teierlichkeit teilzunehmen oder gar mitzuwirken. Ich lerst¬
358 1886 2561 1978 seit 28 Jahren infolge eines Schvoluchs an chronircher Venenen¬
363 1975 2555 2117 zumlichkeit an beiden Beinen, habe im Lauf des Jahre immer
384 2033 2592 2163 wieder schwere u. nicht Entzündungen überständen und nun alle
384 2140 2682 2249 Veranstaltungen nachmieden, bei jenen ich hänger als ein paar Minuten
409 2249 2592 2362 in stehen verwungen wäre. Eine meinte lohlen Entgündungen ver¬
418 2321 2567 2463 dankte ich einer Fortrede zu einer Goelhofeier in Jahre 22, die
433 2437 2546 2546 ich über Wiennte der Concordia im Redenkenal als sammliger
418 2520 2543 2662 Bürsthenderdivaktür hielt. Einige Tage später bereits sechte sie
441 2592 2688 2757 Krankheit an, möchte mich wahrlos und würde zum Vorteil meiner
447 2728 2494 2835 damaligen Vorgenatzten, sie mich in diesem Lüstens zu seiner
450 2791 2595 2944 Centüren überfallen lieb und durch behügerliche Vorspiegelungen
450 2866 2592 3016 zur Demission veranlaute. Aber sich mir nebenbei. Jetzt habe ich je
470 2990 2590 3146 Gottseidunk. Keine Kampfposition mehr eingrüblichen, aber mein
484 3057 2636 3212 einriger Zeit ist heute mir mehr sie relative, sehr sehr bedingte.
476 3178 2091 3357 Gesundheit, sie ich nicht auf i Spiel setzen soof.
508 3256 2543 3432 Abgesehen davon wäre er mich wohl zu spät für mich, u.
510 3397 2578 3553 mich auf die gewärmte Rede vorzubereiten. Ich concipiere
516 3481 2443 3631 in solchen Munfüllen schwer, und überwies ich sie ganze
536 3587 2558 3778 Woche für mich ausgefüllt mit Proben zur Rusienufführung
