3155 4199
1408 662 1839 913 Wm Wite
1198 670 1344 897 Pai
458 762 843 1015 le jai
170 821 385 1064 e
361 1096 754 1279 2/9 1
829 1376 1758 1605 Huhouchrte Hen Dokto
450 1653 2566 1847 Vielen Dank für Ihren Brief! Selbetverständlich wurde ich
460 1826 2558 1949 alle Vreinbarungen, die Direktor Hertrich mit Ihnen ge¬
482 1904 2596 2038 troffen hat - mögen sie formel mich noch so unverbindlich
501 1982 2496 2143 sein – mit Freuden zu den meinen machen. Leider
495 2130 2579 2264 erfuhr ich allerdings erst heute Wesentlichen über das, was
506 2224 2606 2353 in der Sache „Gang zum Weiher“ bereits gesprochen wurde,
501 2316 2598 2477 aber immer noch nichts Genaues. Diese Kenntnis werde ich um
517 2410 2676 2566 noch vor meinem Auch anhitt verschaffen, sobald ich zurücksein
522 2531 2684 2666 werde von dem Hieraufenthalt, das mir eine leider vorgeschrieben
528 2671 668 2771 ist.
538 2719 2587 2841 Was Ihre älteren Stücke anbelangt, so kennen Sie meine
544 2773 2593 2956 Eintellung zu diesen und vor allem zu Ihnen von meiner
555 2927 2604 3067 ersten Direktionsführung her. Wenn ich irgend etwas zu re¬
555 3040 2593 3196 praesculinen verurng, so ist es die Dankbarkeit, welche aber
555 3137 1492 3296 Burgtheitu Ihnen schuldet
1236 3239 2092 3414 In aufsichtiger Vnehrung,
1624 3374 2111 3554 Ihr ugebenste
2049 3506 2423 3764 Sildgem
549 3554 1387 3772 Mödling, 22. April 1930
