3152 4199
1512 484 2048 695 Wazin
461 581 950 675 HAUS BEI ST. OTHMAR
442 650 978 775 MODLING, ANDERGASSE Nr. 3
2279 611 2459 823 16
2598 634 2757 842 r
672 745 1275 1064 Wild junr
1156 1181 1992 1339 Hochruchstes Heu Dokke!
611 1392 2726 1545 Ich habe Ihnen noch für ein Bürch zuernken, das mir Ihr Verleger
628 1523 2768 1667 in Ihrem Auflage ein einiger Zeit zugenhickt hat und das ich nicht
634 1614 2773 1703 mir mit wahren Vergnügen, sondern auch in größter immer Übnein¬
642 1709 2826 1815 stimmung gelesen habe. Unarbittlichkeit und Unbedingtheit Ihrer logischen
650 1795 2670 1898 und psychologischen Deduktionen hat mich vielfach an den gemeinen
659 1878 1020 1978 Otto Weinin
1009 1878 2801 1976 in erinnert, der freilich gleichsum a priori zu seinen Ergebnisen
920 1945 1020 2003 3.
653 1959 2832 2070 gelangt ist, während Ihnen der eingeheime Remvoir wirklicher lebensige
670 2067 2904 2159 Erfahrung und Mannchenkenntnis zur Verfügung steht. Eine geistreiche Spillerei?
681 2126 2809 2262 Das könnte sich höchstens auf das optische Scheune begiehen. Aber es ist sich
684 2206 2751 2304 mir symbol und nicht Kraunschung, ist nicht Eingangspunkt sondern
689 2295 2912 2426 blöst die zeichnimhe Donstellung. Dass manche Leich mit Ihren Einführungen
700 2367 2829 2479 nicht einverstanden sind, beweist wahrheinlich nur ihre Richtigheit. Denn
700 2462 2909 2576 im Huise der Schankbar hört man ungern vom Stück reden. Das kann man
703 2590 2859 2665 seinen Bewohnern nicht übelnehmen. Dichter wiederlehret – diese Anlöthen
706 2623 2851 2740 in ihrer Abgründigkeit einmal Klipp und klar ausgesprochen zu haben, dies
722 2726 2854 2807 würde – wesenne es nötig vie – allein schon den Dichter beweisen; denn sie
722 2798 2907 2907 kommt eben ein jenen Berücken des immen Everhauens, sie dem Literaten nicht
728 2876 2909 2973 zugänglich sind. Wir könnte er sie sicher mich gelten lassen? Freilich, er gibt
736 2979 2840 3071 Mischfrauen, es gibt Zwinkennträfen wie zwischen M u. W: literatisch
742 3048 2865 3179 verpfänkte Dichter und qualiert verpfürckte Literaten, und dann gibt es noch
745 3126 2898 3240 etwas, das, wir mir scheint, in den Calcul immer dahin einbezogen wurden, münst:
742 3212 2757 3307 das Glück eines großen Erlebnines, welches das D in der Formel D + L
759 3301 2926 3421 für Augenblicke, je bisserilen für ein ganzes Werk so gewillig über also & empor¬
759 3382 2895 3498 treiben kann, dass der Ergebnis D ist. Ich glaube, das wir das nicht ganz und
759 3468 2870 3579 gar leugnen können. Und wenn ich mir noch etwas zu sagen erlauben darf, so
761 3568 2851 3657 ist es dieser: das Wort Tinskebelst, so geringend es anwusten ist, hat durch
770 3626 2823 3804 das Wort „Tücke“ etwas Moralischer zu sich, je fait etwas Monsulierung der
