3151 4167
1248 571 1960 805 of bank 10 get
521 598 1066 821 DER DIREETOR
791 789 871 837 DES
1614 755 2283 930 Wien, 16. April 1931.
593 812 1073 957 BURGTHEATERS
985 1085 1839 1230 Hochverehrter Herr Doktor,
709 1291 2472 1432 lassen Sie mich vielmals und vom Herzen für die ebenso
723 1378 2412 1553 gütige als kostbare Auszeichnung danken, die Sie mir
728 1501 2485 1628 durch die Widmung Ihres Bildes bereitet haben. Daß ich
723 1587 2515 1735 Ihr mir seit meinen Jugendtagen wohlvertrautes und lie-
737 1705 2528 1855 bes Antlitz nun in einem Bildnisse besitze, das mir von
734 1778 2563 1953 Ihnen selbst geschenkt ist, empfinde ich als ein Zeichen
746 1905 2556 2058 dafür, daß, was ich Ihnen ein ganzes Leben lang in größ¬
750 2005 2444 2185 ter Verehrung entgegengebracht habe, auch Ihrerseits
748 2149 1762 2276 nicht unerwidert geblieben ist.
1005 2153 2030 2399 Nochmals tausend Dank von Ihrem
1107 2356 1787 2524 Ihnen treu ergebenen
1828 2788 2296 3042 Vilderung
