3151 4167
439 881 2547 1030 Ihres Dram er stellen. Ich nehme an, dass Sie T. kennen.
455 1025 2555 1125 Es ist mir am Falle selten als besondere Begebung empfohlen.
468 1109 2516 1214 worden und ich habe selbst wiederholt Gelegenheit gehabt, ihn
486 1199 2495 1346 an der Arbeit (bei Schottenspielen u. Freilichtaufführungen in
499 1312 2445 1414 Mödling) zu sehen. In denen, ich will Ihrem Urteil und
505 1401 2574 1554 Ihren Entubliertungen nicht vergreifen. Obwohl die Angelegen¬
505 1517 2545 1614 heit nicht eilt, wie ich Ihnen, huhrnehnte Herr Dokke, sich
526 1601 2429 1735 dankbar, wenn Sie mir noch an den Sommerfreien Ihre
520 1693 1546 1851 Schlänfassung hötiget mitteilten.
778 1795 2119 1998 Invenen verbleibe ich in alte Vergnung
1338 1916 1840 2153 Ihr ergebennte
570 2216 1335 2442 Mödling, 8. Juni 1930.
1653 2689 2095 2876 Wildium
