3151 4167
1442 458 1612 649 Pai
325 580 785 693 ANTON WILDGANS
433 649 674 713 MÖDLING
408 696 693 810 ANDERGASSE »
946 1101 1864 1329 Habauchster Herr Doktor!
527 1370 2693 1534 Ich habe die Absicht, Ihnen „Gang zum Weiher“ etwa Ende
527 1520 2621 1648 März 1931 in Burgtheater herauszubringen. Mitgekend
560 1606 2682 1750 für diesen Termin ist die Anwesenheit Behus um diese Zeit.
558 1684 2663 1847 dessen Mitwirkung in Ihrem Stücke, wie ich höre, Ihr Würcht
571 1775 2627 1919 sen soll. Im nämlichen Zeit wird – dies bitte ich vorläufig
563 1906 2727 2000 noch untraulich zu Kenntnis zu nehmen – der junge Dr. v. Tenammen
580 1994 2782 2122 an Burgherstr als Reginein gartigen. I., welche den „Jung z.W.
569 2086 2729 2216 sooher er Bau insjenigen wird, würde sich nur in eine Auf¬
577 2216 2682 2324 gebe auch in Wien herumwagen und ich hätte grundsätzlich nichts
588 2299 2707 2441 als gegen, wenn sie, hochauchste Herr Doktor, damit einverstanden
596 2374 2688 2488 wiran. Es würde sich nicht sie erste der beiden Jurgenirungen
585 2474 2682 2593 sein, zu denen I. fürs nächste Jahr engagiert ist, sondern ich
596 2571 2821 2679 würde ihm, der Riviko seiner Dehuts gleichsam auf mich selbst nahmend,
1348 2646 1539 2716 erjem
599 2663 2671 2821 immittelbar vorher meiner Tragnerin „Dies inde machen lassen
607 2785 2813 2890 die ich aufführen wurde, um Balser in einer sodann reprassentitiven
613 2857 2777 2976 Rolle (als Vater in Stücke) herumigustellen. Aber auch wenn „Dies eine
621 2962 2752 3065 aus irgendwelchen Gründen, sie heute noch nicht zu übersehen sind,
630 3040 2682 3151 nicht vor. Gang z. Weiter herainkommen sollte  den Voschitt
635 3123 2704 3292 hätte Dies eine mir verhalb weil er zum Teil sich während ses
644 3220 2666 3367 vormugeheure „Haus Rotunhild“ von Senmann geprobt werden
646 3367 2571 3484 kann – so auch für den Fall, sind „Georg r. W. die erste
666 3428 2724 3545 Regierungsgebe T. an Burgthaten sein müsste, bitte ich Sie, wel¬
668 3528 2679 3689 verhörte Herr Doktor, nur rückhaltler und vertraulich mitzu
680 3620 2532 3803 teilen, wie Sie sich zur Betrung 7.d mit der Ingenierung
