5194 4200
1418 587 1889 854 Mjør
2152 1190 3167 1393 Hochruchstes Herr Doktos!
1726 1506 3799 1672 Empfangen Sie meinen herzlichsten Dank für Sendung
1469 1610 3736 1808 Da und Zueigning Ihres neuen Briebes. Ich habe es in
1748 1726 3714 1833 einem Züge, während einer Nacht gelesen. Welch ein
1743 1805 3779 1929 Meisterwerk der Darstellung! Und er allein: welche Kraft
1760 1887 3770 2013 und Einfühleung Feinheit der Einfichung in die Pryche
1760 1980 3201 2101 dieser ganz invademie Mädchengestult!
1774 2042 3782 2171 Es gerieert mir Ihnen gegenüber nicht, mehr zu sagen. Aber
1748 2092 3827 2242 Einer darf ich wiederholen: ich bin glücklich. Ihnen peräulich
1771 2217 3782 2341 begegnet zu sein, und dankbar, ein Bisch mit Worten Ihrer
1785 2259 3440 2445 Hand für mich und meine Kinder zu beritzen.
2563 2403 3390 2544 In wahrhafter Viehrung
2817 2583 3297 2713 Ihr gebeugt
2955 3012 3751 3330 Mrs Wildguns
1839 3305 2984 3505 Mödling, am 6. Dezember 1924.
