3151 4167
788 781 1254 875 ANTON WILDGANS
1541 699 2120 944 Termin (Gany)
903 844 1145 910 MÖDLING
881 890 1164 984 ANDERGASSE 8
2390 1003 2718 1190 27/6/15
1234 1169 2115 1332 Hochverückter Herr Doktor!
914 1375 2585 1543 Ich bestätige mit dem verbindlichsten Danke
938 1454 2675 1613 den Empfang Ihren Schreibens vom 23. d. M.
962 1554 2688 1730 mit dem ich durchaus einverstanden bin. Nur
975 1671 2690 1835 in einem Punkte möchte ich mir eine kleine
981 1761 2629 1926 Richtigstellung erlauben: Du Ihm Doktor Herr
981 1874 2620 2037 Heine als Regineur wunnken, was auch nur
1014 1987 2638 2107 sehr recht ist, und da Heine in dem rocher¬
1025 2087 2742 2239 gehenden Stücke zu Summen eine der Haupt¬
1029 2165 2751 2350 rollen spielt, so kann er erst noch der Premi¬
1045 2311 2764 2431 dieser Schünker (en 15.10.) als Regimens zur Verfügung
1049 2392 2796 2568 stehen und der „Gang“ zum Weiter“ daher Krum¬
1064 2492 2655 2640 sor Mitte März kreinkommen. So kann
1077 2609 2755 2786 aber viel Ende März werden, falls ich mich
1082 2733 2783 2862 aus reputoirpolitischen Gründen genötigt sche
1071 2820 2807 3008 Sollte, zwischen „Hein Rotnhild“ und Herz zu Weiher,
1073 2964 2688 3129 ein Kriek, das sich während des ersteren proben
