3152 4199
567 456 895 627 Votre très-Monsieur, â¬
1944 470 2146 644 in    1/2
490 781 2670 980 meines Kainchramen. Ich führe selbst die Regie, nur es gibt
1137 955 1220 1012 y
772 949 1092 1032 DATES DES ACTES
493 969 2668 1077 manche einnhundende Änderung, sie noch den Erfahrungen
507 1043 2702 1171 der Proben, am Teate selbst vorgenommen werden muss. Das ist
507 1137 2665 1263 nicht leicht, da es sich ja nicht um machanische Einschiebesch
507 1243 2796 1365 und Weglauungen hauschen kann, sondern um organische Erweisungen,
524 1348 2631 1451 und Beschrinkungen und aus um die Einstellung mich eine andere
524 1431 2708 1568 Nöt der Publicumousperception. Die Substitutät solcher Arbeit kam
533 1519 2320 1676 niem und bener armenen als Sie, hochwahrte Herr Doklos.
730 1662 2725 1778 der wesentliche Abhaltungspund aber ist und bleibt das Venen¬
530 1767 2822 1878 leichan, denen Lüstigkeit u. Geführlichkeit Ihnen als Arzt gewiss nicht
544 1875 1049 2018 unbekannt ist.
667 1961 2725 2098 so mich ich leider darauf verzichten, an der Feier mitzuwirken
544 2092 2659 2209 und teilzunehmen und bitte Sie, haben treten Herr Doktor, bei
567 2166 2690 2320 dem Komitie, für denen ihrensollen Anhag ich vielmals denke,
576 2286 1770 2440 der Anwalt meiner Grünse zu sein.
767 2448 2690 2591 Ich habe übrigens die Absicht, gemüt Ihrer seinerzeitigen
584 2522 2762 2670 liebenswürdigen Erlaubnis, in den nächsten Tagen, bei Ihnen vorin¬
2508 2616 2847 2713 Zeichnungen
598 2682 2776 2787 sprechen und Ihnen ein Buch aller Gedichte mit neuen Zürcherungen
601 2762 1947 2890 von Schmützen persönlich zu überreichen.
975 2910 2377 3052 Invena verblaibe ich in größter Verschrung
1431 3004 2448 3203 Ihr Ihnen aufrichtig ergebener
1824 3457 2480 3679 Zur Wilsigam
1650 3537 1736 3662 P.
544 3628 1585 3862 Mödling, am 12. Dezember 1926.
