5159 4168
474 424 1722 608 'V- 'V. '' ''V -' 'V - '' -'-'" - '1'-'1 '1 r, '1
2035 1175 2924 1355 Hochvuehster Herr Doktas!
1791 1462 3245 1621 Die glückliche Tügung, da ich es verlanke,
1814 1521 3245 1678 Ihnen paroulich begegnet zu sein, ermütigt
1827 1588 3368 1749 mich Ihnen mein neues Sonettbuch zu überreichen
1829 1678 3203 1825 und Sie zu bitten, es als ein Zeichen meiner
1844 1781 3136 1917 wahrhaften Verehrung entgegenzunehmen.
1846 1842 2775 1988 In welcher ich verharre als Ihr
2525 2014 2804 2123 agébener
2569 2435 3169 2703 Mn. Wildgern
1913 2789 2834 2951 Mödling, am 20. November 1914
2131 2863 2741 3018 Andezone 3
