3177 4199
685 426 962 574 ....
1198 436 1343 563 not
1002 426 1166 571 1
2876 479 3088 624 1 4/4 1
349 513 880 719 Wildgens
941 1137 1845 1266 Hochruchster Herr Doktor!
2387 1256 2855 1425 Wy Jan Wort
597 1396 2625 1544 Sie haben die grosse Gäte gehabt, mir Ihr meines Brauer durch
2004 1502 2337 1570 ** ^**
595 1531 2578 1644 Ihnen Verlag senden zu lassen. Es ist in denen noch nicht in
600 1655 2617 1750 meinen Hinden, du es in Mädling liegt, während ich hier
592 1755 2660 1856 in Mönichkirchen an der Arbeit bin. Ich bitte Sie über schon
830 1845 928 1882 e ee
608 1827 2570 1954 jetzt, bevor ich es noch lesen konnte, meinen aufrichtigen Dank
605 1938 2734 2075 für Ihr so freundliches Gedenken und Beschenken entgegen zunehmen,
611 2012 2699 2126 indem ich mit vielen guten Wünschen für die kommenden Ostern
830 2128 1996 2252 verbleibe. Ihr in Viehrung ergebener
1644 2543 2245 2924 Nun Wildgang
600 3072 1716 3196 Mönschkirchen, am 31. Märzul926
