<?xml version="1.0" encoding="UTF-8" standalone="yes"?>
<PcGts xmlns="http://schema.primaresearch.org/PAGE/gts/pagecontent/2013-07-15" xmlns:xsi="http://www.w3.org/2001/XMLSchema-instance" xsi:schemaLocation="http://schema.primaresearch.org/PAGE/gts/pagecontent/2013-07-15 http://schema.primaresearch.org/PAGE/gts/pagecontent/2013-07-15/pagecontent.xsd">
    <Metadata>
        <Creator>prov=READ-COOP:name=TrHtr:version=2.1.0:model_id=51170:date=26_07_2023_03:44</Creator>
        <Created>2023-05-02T07:56:43.477+02:00</Created>
        <LastChange>2023-07-26T03:44:38.424+02:00</LastChange>
        <TranskribusMetadata docId="1416736" pageId="54952115" pageNr="10" tsid="130885032" status="IN_PROGRESS" userId="64420" imgUrl="https://files.transkribus.eu/Get?id=LKDLLPHBNDUIYNZWTSDEFSMO&amp;fileType=view" xmlUrl="https://files.transkribus.eu/Get?id=RWJVMOWPQCHFTZNZRLAONKQH" imageId="44455841"/>
    </Metadata>
    <Page imageFilename="1416736_0010.jpg" imageWidth="3155" imageHeight="4199">
        <ReadingOrder>
            <OrderedGroup id="ro_1711828198492" caption="Regions reading order">
                <RegionRefIndexed index="0" regionRef="tr_1"/>
            </OrderedGroup>
        </ReadingOrder>
        <TextRegion id="tr_1" custom="readingOrder {index:0;}">
            <Coords points="397,520 2953,520 2953,3808 397,3808"/>
            <TextLine id="tr_1_tl_1" custom="readingOrder {index:0;}">
                <Coords points="1577,598 1619,586 1634,601 1655,580 1702,598 1732,574 1777,610 1807,598 1857,622 1857,485 1824,485 1780,512 1750,488 1711,473 1696,482 1655,455 1613,470 1577,464"/>
                <Baseline points="1594,570 1639,585 1684,582 1729,579 1773,582 1818,579 1863,579"/>
                <TextEquiv>
                    <Unicode>: 1/2  =</Unicode>
                </TextEquiv>
            </TextLine>
            <TextLine id="tr_1_tl_2" custom="readingOrder {index:1;}">
                <Coords points="2476,643 2491,643 2509,631 2533,634 2542,643 2569,622 2574,628 2583,622 2622,634 2622,518 2595,518 2589,524 2563,518 2533,536 2527,530 2521,536 2515,530 2476,536"/>
                <Baseline points="2493,606 2538,609 2583,606 2628,606 2631,606"/>
                <TextEquiv>
                    <Unicode>11</Unicode>
                </TextEquiv>
            </TextLine>
            <TextLine id="tr_1_tl_3" custom="readingOrder {index:2;}">
                <Coords points="399,685 875,673 878,607 756,619 690,595 649,557 503,628 432,595 402,601"/>
                <Baseline points="415,674 433,674 477,674 522,671 567,668 612,671 657,668 701,668 746,665 791,663 836,660 881,663"/>
                <TextEquiv>
                    <Unicode>HAUS BEI ST. OTHMAR</Unicode>
                </TextEquiv>
            </TextLine>
            <TextLine id="tr_1_tl_4" custom="readingOrder {index:3;}">
                <Coords points="381,780 452,753 583,750 658,804 696,807 747,774 792,801 872,795 899,783 902,679 384,685"/>
                <Baseline points="397,728 418,731 462,728 507,728 552,725 597,725 642,722 686,719 731,719 776,716 821,716 866,716 910,710"/>
                <TextEquiv>
                    <Unicode>MODLING, ANDERGASSE Nr. 3</Unicode>
                </TextEquiv>
            </TextLine>
            <TextLine id="tr_1_tl_5" custom="readingOrder {index:4;}">
                <Coords points="679,929 741,905 830,920 997,872 1054,920 1101,896 1170,899 1170,830 1125,810 1060,833 1018,810 967,830 911,774 818,804 747,777 682,804"/>
                <Baseline points="695,898 725,898 770,898 815,895 860,892 904,892 949,886 994,886 1039,886 1084,886 1128,886 1173,886"/>
                <TextEquiv>
                    <Unicode>bril jac</Unicode>
                </TextEquiv>
            </TextLine>
            <TextLine id="tr_1_tl_6" custom="readingOrder {index:5;}">
                <Coords points="1077,1226 1217,1235 1327,1193 1470,1244 1563,1188 1601,1214 1717,1179 1890,1226 1961,1205 1961,1143 1872,1098 1801,1128 1482,1071 1357,1137 1274,1104 1077,1119"/>
                <Baseline points="1093,1179 1116,1176 1161,1176 1206,1176 1251,1173 1296,1173 1340,1173 1385,1173 1430,1173 1475,1170 1520,1170 1564,1167 1609,1167 1654,1167 1699,1167 1744,1167 1788,1164 1833,1164 1878,1164 1923,1167 1968,1167"/>
                <TextEquiv>
                    <Unicode>Hochauchstes Herr Doktor.</Unicode>
                </TextEquiv>
            </TextLine>
            <TextLine id="tr_1_tl_7" custom="readingOrder {index:6;}">
                <Coords points="494,1461 2816,1473 2816,1387 2509,1333 494,1378"/>
                <Baseline points="510,1448 537,1448 582,1448 627,1445 671,1445 716,1448 761,1445 806,1445 851,1445 895,1445 940,1442 985,1442 1030,1442 1075,1442 1119,1442 1164,1442 1209,1442 1254,1442 1299,1439 1343,1439 1388,1442 1433,1442 1478,1442 1523,1439 1567,1436 1612,1436 1657,1436 1702,1433 1747,1433 1791,1433 1836,1433 1881,1433 1926,1433 1971,1430 2015,1433 2060,1430 2105,1430 2150,1430 2195,1427 2239,1430 2284,1430 2329,1430 2374,1430 2419,1430 2463,1430 2508,1430 2553,1430 2598,1433 2643,1433 2687,1433 2732,1436 2777,1436 2822,1439"/>
                <TextEquiv>
                    <Unicode>Es tut mir unendlich leich, dass Sie diesmal nicht noch Mädling</Unicode>
                </TextEquiv>
            </TextLine>
            <TextLine id="tr_1_tl_8" custom="readingOrder {index:7;}">
                <Coords points="494,1563 2571,1577 2887,1548 2887,1470 494,1494"/>
                <Baseline points="510,1532 516,1532 561,1532 606,1535 651,1535 695,1535 740,1535 785,1535 830,1532 875,1532 919,1532 964,1532 1009,1532 1054,1529 1099,1529 1143,1529 1188,1532 1233,1529 1278,1529 1323,1532 1367,1532 1412,1532 1457,1529 1502,1526 1547,1529 1591,1529 1636,1526 1681,1526 1726,1523 1770,1523 1815,1523 1860,1526 1905,1526 1950,1526 1994,1526 2039,1526 2084,1526 2129,1529 2174,1526 2218,1529 2263,1529 2308,1529 2353,1529 2398,1529 2442,1529 2487,1529 2532,1529 2577,1529 2622,1532 2666,1529 2711,1529 2756,1529 2801,1526 2846,1526 2890,1526"/>
                <TextEquiv>
                    <Unicode>kommen konnten. Aber aufgeschoben ist hoffentlich nicht aufgehoben.</Unicode>
                </TextEquiv>
            </TextLine>
            <TextLine id="tr_1_tl_9" custom="readingOrder {index:8;}">
                <Coords points="2679,1607 2702,1607 2738,1574 2747,1580 2759,1577 2771,1589 2777,1589 2789,1574 2798,1580 2813,1577 2807,1527 2777,1533 2765,1527 2753,1527 2747,1533 2691,1530 2670,1536"/>
                <Baseline points="2690,1552 2735,1555 2780,1561 2819,1567"/>
                <TextEquiv>
                    <Unicode>Monsieur</Unicode>
                </TextEquiv>
            </TextLine>
            <TextLine id="tr_1_tl_10" custom="readingOrder {index:9;}">
                <Coords points="503,1637 2000,1655 2679,1634 2679,1580 503,1589"/>
                <Baseline points="519,1621 537,1624 582,1627 627,1624 671,1624 716,1624 761,1624 806,1621 851,1621 895,1621 940,1621 985,1621 1030,1618 1075,1618 1119,1621 1164,1618 1209,1621 1254,1621 1299,1621 1343,1621 1388,1621 1433,1621 1478,1621 1523,1618 1567,1618 1612,1618 1657,1615 1702,1615 1747,1615 1791,1615 1836,1612 1881,1615 1926,1612 1971,1612 2015,1615 2060,1615 2105,1615 2150,1615 2195,1615 2239,1612 2284,1612 2329,1612 2374,1609 2419,1609 2463,1609 2508,1609 2553,1609 2598,1606 2643,1606 2687,1609"/>
                <TextEquiv>
                    <Unicode>Ich fahre jetzt auf ein paar Tage nach Mönichhöscher, bei ihm</Unicode>
                </TextEquiv>
            </TextLine>
            <TextLine id="tr_1_tl_11" custom="readingOrder {index:10;}">
                <Coords points="509,1741 2792,1702 2571,1622 512,1673"/>
                <Baseline points="528,1720 558,1717 603,1717 648,1717 692,1717 737,1717 782,1714 827,1708 872,1708 916,1705 961,1705 1006,1705 1051,1708 1096,1708 1140,1705 1185,1708 1230,1708 1275,1708 1320,1708 1364,1705 1409,1705 1454,1705 1499,1702 1544,1702 1588,1699 1633,1696 1678,1696 1723,1696 1768,1693 1812,1696 1857,1693 1902,1693 1947,1696 1991,1696 2036,1696 2081,1693 2126,1693 2171,1696 2215,1696 2260,1696 2305,1693 2350,1693 2395,1693 2439,1693 2484,1690 2529,1690 2574,1690 2619,1687 2663,1687 2708,1687 2753,1687 2798,1687"/>
                <TextEquiv>
                    <Unicode>einliche Woche wieder zürich. Dann stehe ich Ihnen mit kleinen</Unicode>
                </TextEquiv>
            </TextLine>
            <TextLine id="tr_1_tl_12" custom="readingOrder {index:11;}">
                <Coords points="539,1854 2777,1816 2830,1699 539,1774"/>
                <Baseline points="555,1803 597,1803 642,1800 686,1800 731,1803 776,1800 821,1800 866,1800 910,1800 955,1800 1000,1797 1045,1797 1090,1794 1134,1794 1179,1794 1224,1791 1269,1791 1314,1791 1358,1791 1403,1791 1448,1788 1493,1788 1538,1785 1582,1785 1627,1782 1672,1782 1717,1782 1762,1782 1806,1779 1851,1779 1896,1779 1941,1779 1986,1782 2030,1782 2075,1782 2120,1785 2165,1782 2210,1782 2254,1785 2299,1782 2344,1782 2389,1782 2433,1779 2478,1779 2523,1776 2568,1776 2613,1776 2657,1773 2702,1773 2747,1770 2792,1770 2837,1765"/>
                <TextEquiv>
                    <Unicode>zeitweiligen Unterbrachungen bei Ende Juli zur Verfügung. So genügt</Unicode>
                </TextEquiv>
            </TextLine>
            <TextLine id="tr_1_tl_13" custom="readingOrder {index:12;}">
                <Coords points="542,1949 2595,1902 2738,1878 2738,1813 545,1869"/>
                <Baseline points="561,1902 597,1899 642,1899 686,1899 731,1896 776,1896 821,1893 866,1893 910,1893 955,1890 1000,1890 1045,1890 1090,1887 1134,1887 1179,1887 1224,1887 1269,1884 1314,1884 1358,1884 1403,1884 1448,1884 1493,1884 1538,1881 1582,1881 1627,1878 1672,1878 1717,1881 1762,1878 1806,1881 1851,1878 1896,1875 1941,1878 1986,1875 2030,1875 2075,1875 2120,1875 2165,1875 2210,1875 2254,1875 2299,1875 2344,1872 2389,1872 2433,1872 2478,1872 2523,1869 2568,1869 2613,1866 2657,1866 2702,1863 2747,1866"/>
                <TextEquiv>
                    <Unicode>an jeden Tage, an dem Sie etwa die List verspüren, die Reise</Unicode>
                </TextEquiv>
            </TextLine>
            <TextLine id="tr_1_tl_14" custom="readingOrder {index:13;}">
                <Coords points="557,1997 1601,2033 2116,1964 2191,2024 2851,1973 2851,1884 560,1955"/>
                <Baseline points="573,1983 618,1986 663,1983 707,1983 752,1983 797,1977 842,1977 886,1977 931,1977 976,1974 1021,1977 1066,1977 1110,1977 1155,1974 1200,1974 1245,1974 1290,1971 1334,1971 1379,1968 1424,1968 1469,1971 1514,1971 1558,1968 1603,1971 1648,1968 1693,1968 1738,1965 1782,1965 1827,1962 1872,1962 1917,1962 1962,1962 2006,1962 2051,1962 2096,1962 2141,1962 2186,1959 2230,1959 2275,1959 2320,1962 2365,1959 2410,1959 2454,1959 2499,1956 2544,1953 2589,1953 2634,1953 2678,1953 2723,1953 2768,1950 2813,1950 2858,1947"/>
                <TextEquiv>
                    <Unicode>noch Mädling anzutreten, ein telefonischer Ausruf (Mödling 120)</Unicode>
                </TextEquiv>
            </TextLine>
            <TextLine id="tr_1_tl_15" custom="readingOrder {index:14;}">
                <Coords points="583,2089 2372,2104 2905,2063 2908,1958 583,2036"/>
                <Baseline points="600,2078 627,2078 671,2075 716,2075 761,2072 806,2072 851,2066 895,2069 940,2069 985,2069 1030,2069 1075,2066 1119,2069 1164,2066 1209,2066 1254,2063 1299,2063 1343,2060 1388,2063 1433,2063 1478,2063 1523,2060 1567,2060 1612,2057 1657,2057 1702,2054 1747,2054 1791,2054 1836,2054 1881,2054 1926,2051 1971,2054 2015,2054 2060,2054 2105,2051 2150,2054 2195,2051 2239,2051 2284,2051 2329,2048 2374,2048 2419,2051 2463,2048 2508,2048 2553,2048 2598,2048 2643,2045 2687,2045 2732,2045 2777,2042 2822,2039 2867,2039 2911,2039"/>
                <TextEquiv>
                    <Unicode>vom 9ten Uhr morgens, um mich alles zu Ihren Empfange vorbrechen</Unicode>
                </TextEquiv>
            </TextLine>
            <TextLine id="tr_1_tl_16" custom="readingOrder {index:15;}">
                <Coords points="595,2205 2057,2208 2863,2167 2863,2095 595,2122"/>
                <Baseline points="612,2165 630,2165 674,2165 719,2162 764,2162 809,2162 854,2162 898,2162 943,2162 988,2162 1033,2159 1078,2156 1122,2156 1167,2156 1212,2156 1257,2156 1302,2156 1346,2156 1391,2153 1436,2150 1481,2150 1526,2147 1570,2147 1615,2147 1660,2144 1705,2144 1750,2144 1794,2141 1839,2141 1884,2141 1929,2144 1974,2144 2018,2144 2063,2144 2108,2144 2153,2141 2198,2141 2242,2141 2287,2141 2332,2141 2377,2141 2422,2141 2466,2141 2511,2141 2556,2138 2601,2138 2646,2135 2690,2135 2735,2138 2780,2138 2825,2135 2870,2129"/>
                <TextEquiv>
                    <Unicode>in lange. So können sie sich am besten nach Slimmung, Zeit und</Unicode>
                </TextEquiv>
            </TextLine>
            <TextLine id="tr_1_tl_17" custom="readingOrder {index:16;}">
                <Coords points="604,2277 2247,2226 2366,2283 2735,2223 2735,2152 604,2196"/>
                <Baseline points="621,2239 639,2242 683,2242 728,2245 773,2245 818,2245 863,2245 907,2245 952,2242 997,2242 1042,2242 1087,2239 1131,2242 1176,2242 1221,2242 1266,2242 1311,2239 1355,2239 1400,2236 1445,2236 1490,2236 1535,2236 1579,2233 1624,2233 1669,2233 1714,2230 1759,2230 1803,2227 1848,2227 1893,2227 1938,2227 1983,2227 2027,2227 2072,2227 2117,2224 2162,2224 2207,2224 2251,2221 2296,2221 2341,2221 2386,2221 2431,2221 2475,2221 2520,2221 2565,2218 2610,2218 2654,2218 2699,2218 2744,2218"/>
                <TextEquiv>
                    <Unicode>Wetter richten, was eine solche Expectition vesentlich erleichtert;</Unicode>
                </TextEquiv>
            </TextLine>
            <TextLine id="tr_1_tl_18" custom="readingOrder {index:17;}">
                <Coords points="622,2339 2813,2354 2896,2271 622,2277"/>
                <Baseline points="639,2326 663,2326 707,2329 752,2329 797,2329 842,2329 886,2329 931,2326 976,2326 1021,2326 1066,2326 1110,2323 1155,2326 1200,2323 1245,2323 1290,2323 1334,2320 1379,2320 1424,2320 1469,2320 1514,2317 1558,2314 1603,2314 1648,2314 1693,2314 1738,2311 1782,2311 1827,2311 1872,2311 1917,2311 1962,2311 2006,2311 2051,2311 2096,2311 2141,2308 2186,2308 2230,2308 2275,2308 2320,2308 2365,2308 2410,2308 2454,2308 2499,2305 2544,2305 2589,2305 2634,2305 2678,2305 2723,2305 2768,2305 2813,2308 2858,2311 2902,2311"/>
                <TextEquiv>
                    <Unicode>Der bequemste Weg im Ihnen herüber ist doch über den Südbahnhof,</Unicode>
                </TextEquiv>
            </TextLine>
            <TextLine id="tr_1_tl_19" custom="readingOrder {index:18;}">
                <Coords points="619,2444 1220,2482 1390,2405 1673,2461 2191,2402 2298,2470 2521,2438 2521,2316 2146,2375 2012,2321 1732,2375 1533,2318 1241,2381 619,2351"/>
                <Baseline points="636,2416 645,2416 689,2419 734,2416 779,2416 824,2416 869,2419 913,2416 958,2413 1003,2413 1048,2413 1093,2410 1137,2410 1182,2410 1227,2410 1272,2407 1317,2407 1361,2404 1406,2404 1451,2407 1496,2404 1541,2404 1585,2401 1630,2401 1675,2398 1720,2398 1765,2398 1809,2398 1854,2398 1899,2398 1944,2395 1989,2395 2033,2395 2078,2395 2123,2395 2168,2395 2212,2395 2257,2392 2302,2392 2347,2392 2392,2392 2436,2389 2481,2389 2526,2386"/>
                <TextEquiv>
                    <Unicode>sor der Elekhischen über Hietring und Mauer warne ich</Unicode>
                </TextEquiv>
            </TextLine>
            <TextLine id="tr_1_tl_20" custom="readingOrder {index:19;}">
                <Coords points="640,2536 2872,2503 2872,2432 2711,2411 1872,2482 1601,2417 643,2449"/>
                <Baseline points="657,2520 686,2520 731,2520 776,2520 821,2520 866,2520 910,2520 955,2517 1000,2517 1045,2517 1090,2517 1134,2514 1179,2514 1224,2514 1269,2511 1314,2511 1358,2511 1403,2508 1448,2508 1493,2508 1538,2508 1582,2505 1627,2508 1672,2505 1717,2505 1762,2505 1806,2505 1851,2505 1896,2502 1941,2505 1986,2505 2030,2502 2075,2505 2120,2502 2165,2499 2210,2499 2254,2499 2299,2496 2344,2496 2389,2496 2433,2496 2478,2496 2523,2496 2568,2496 2613,2499 2657,2499 2702,2496 2747,2493 2792,2496 2837,2499 2881,2502"/>
                <TextEquiv>
                    <Unicode>Bei dieser Gelegenheit erlaube ich nun, Sie, hochgeehrter Herr Doktor,</Unicode>
                </TextEquiv>
            </TextLine>
            <TextLine id="tr_1_tl_21" custom="readingOrder {index:20;}">
                <Coords points="646,2631 2813,2586 2524,2494 649,2554"/>
                <Baseline points="665,2607 668,2607 713,2607 758,2610 803,2610 848,2607 892,2607 937,2607 982,2607 1027,2604 1072,2601 1116,2601 1161,2601 1206,2601 1251,2601 1296,2595 1340,2592 1385,2589 1430,2589 1475,2592 1520,2592 1564,2592 1609,2592 1654,2589 1699,2589 1744,2589 1788,2589 1833,2589 1878,2586 1923,2586 1968,2583 2012,2583 2057,2583 2102,2583 2147,2580 2192,2580 2236,2580 2281,2580 2326,2580 2371,2577 2416,2577 2460,2574 2505,2574 2550,2577 2595,2577 2640,2577 2684,2577 2729,2574 2774,2574 2819,2577"/>
                <TextEquiv>
                    <Unicode>um einen Rat zu bitten. Der Pen-Club in Gerhalt der Frau im</Unicode>
                </TextEquiv>
            </TextLine>
            <TextLine id="tr_1_tl_22" custom="readingOrder {index:21;}">
                <Coords points="652,2723 1926,2676 2107,2738 2330,2667 2899,2750 2902,2622 655,2634"/>
                <Baseline points="668,2696 713,2696 758,2696 803,2696 848,2696 892,2693 937,2693 982,2693 1027,2690 1072,2687 1116,2687 1161,2687 1206,2687 1251,2687 1296,2684 1340,2684 1385,2684 1430,2684 1475,2681 1520,2681 1564,2681 1609,2681 1654,2678 1699,2678 1744,2678 1788,2678 1833,2678 1878,2675 1923,2675 1968,2675 2012,2675 2057,2672 2102,2672 2147,2672 2192,2669 2236,2669 2281,2669 2326,2666 2371,2669 2416,2669 2460,2669 2505,2669 2550,2669 2595,2669 2640,2669 2684,2672 2729,2669 2774,2669 2819,2669 2864,2669 2908,2666"/>
                <TextEquiv>
                    <Unicode>Unbarnberg drängt mich, die Praesidentenhaft für 2 Jahre zu über¬</Unicode>
                </TextEquiv>
            </TextLine>
            <TextLine id="tr_1_tl_23" custom="readingOrder {index:22;}">
                <Coords points="2244,2732 2259,2732 2265,2726 2274,2729 2289,2720 2292,2723 2307,2720 2327,2702 2351,2699 2354,2673 2339,2673 2327,2667 2321,2673 2318,2670 2307,2676 2307,2670 2280,2676 2271,2673 2262,2679 2244,2676"/>
                <Baseline points="2260,2699 2269,2699 2314,2696 2359,2696"/>
                <TextEquiv>
                    <Unicode>to the</Unicode>
                </TextEquiv>
            </TextLine>
            <TextLine id="tr_1_tl_24" custom="readingOrder {index:23;}">
                <Coords points="667,2804 2607,2804 2705,2783 2705,2711 667,2723"/>
                <Baseline points="683,2783 698,2786 743,2786 788,2786 833,2786 878,2786 922,2783 967,2783 1012,2783 1057,2780 1102,2777 1146,2777 1191,2777 1236,2777 1281,2777 1326,2774 1370,2771 1415,2774 1460,2771 1505,2774 1549,2771 1594,2771 1639,2771 1684,2768 1729,2768 1773,2768 1818,2768 1863,2765 1908,2765 1953,2765 1997,2762 2042,2762 2087,2762 2132,2762 2177,2762 2221,2762 2266,2762 2311,2762 2356,2762 2401,2762 2445,2762 2490,2759 2535,2762 2580,2762 2625,2762 2669,2762 2714,2762"/>
                <TextEquiv>
                    <Unicode>nehmen. Ich verspüre, offengnogt, wenig inneren Brief hinzu.</Unicode>
                </TextEquiv>
            </TextLine>
            <TextLine id="tr_1_tl_25" custom="readingOrder {index:24;}">
                <Coords points="690,2905 2786,2878 2786,2821 2518,2765 2122,2833 1905,2768 1714,2833 690,2798"/>
                <Baseline points="707,2873 731,2875 776,2873 821,2873 866,2873 910,2873 955,2870 1000,2870 1045,2870 1090,2867 1134,2867 1179,2867 1224,2867 1269,2864 1314,2864 1358,2861 1403,2861 1448,2861 1493,2861 1538,2861 1582,2858 1627,2855 1672,2855 1717,2855 1762,2855 1806,2852 1851,2852 1896,2852 1941,2852 1986,2855 2030,2855 2075,2855 2120,2855 2165,2855 2210,2852 2254,2855 2299,2852 2344,2855 2389,2855 2433,2858 2478,2855 2523,2858 2568,2861 2613,2858 2657,2861 2702,2861 2747,2861 2792,2864"/>
                <TextEquiv>
                    <Unicode>Strokmann oder Closta Repenciantilümfügern will ich nicht sein</Unicode>
                </TextEquiv>
            </TextLine>
            <TextLine id="tr_1_tl_26" custom="readingOrder {index:25;}">
                <Coords points="705,2976 2839,3000 2920,2863 705,2944"/>
                <Baseline points="722,2965 728,2965 773,2965 818,2965 863,2962 907,2962 952,2959 997,2959 1042,2959 1087,2956 1131,2956 1176,2956 1221,2956 1266,2956 1311,2953 1355,2953 1400,2953 1445,2950 1490,2950 1535,2950 1579,2950 1624,2950 1669,2950 1714,2947 1759,2947 1803,2947 1848,2950 1893,2947 1938,2950 1983,2947 2027,2947 2072,2947 2117,2947 2162,2947 2207,2944 2251,2944 2296,2947 2341,2944 2386,2944 2431,2944 2475,2947 2520,2947 2565,2947 2610,2947 2654,2947 2699,2947 2744,2947 2789,2944 2834,2944 2878,2944 2923,2947"/>
                <TextEquiv>
                    <Unicode>und, um diese Finction mit neuen persönlichen Leben zu erfüllen</Unicode>
                </TextEquiv>
            </TextLine>
            <TextLine id="tr_1_tl_27" custom="readingOrder {index:26;}">
                <Coords points="708,3086 2685,3066 2759,2979 708,2991"/>
                <Baseline points="725,3052 746,3052 791,3052 836,3052 881,3052 925,3052 970,3052 1015,3049 1060,3049 1105,3046 1149,3046 1194,3046 1239,3043 1284,3043 1328,3043 1373,3043 1418,3043 1463,3040 1508,3037 1552,3037 1597,3037 1642,3037 1687,3037 1732,3034 1776,3034 1821,3034 1866,3034 1911,3034 1956,3037 2000,3034 2045,3034 2090,3034 2135,3034 2180,3034 2224,3034 2269,3034 2314,3034 2359,3034 2404,3034 2448,3031 2493,3031 2538,3031 2583,3031 2628,3031 2672,3031 2717,3028 2762,3031"/>
                <TextEquiv>
                    <Unicode>was mich im Interene unsere vorherzichischen Geisterkultär und</Unicode>
                </TextEquiv>
            </TextLine>
            <TextLine id="tr_1_tl_28" custom="readingOrder {index:27;}">
                <Coords points="699,3161 2833,3146 2866,3060 702,3104"/>
                <Baseline points="716,3144 725,3144 770,3141 815,3141 860,3141 904,3138 949,3138 994,3135 1039,3132 1084,3132 1128,3132 1173,3132 1218,3132 1263,3129 1308,3129 1352,3126 1397,3126 1442,3126 1487,3123 1532,3123 1576,3120 1621,3120 1666,3120 1711,3120 1756,3120 1800,3117 1845,3120 1890,3117 1935,3117 1980,3117 2024,3120 2069,3120 2114,3120 2159,3117 2204,3117 2248,3117 2293,3117 2338,3114 2383,3117 2428,3114 2472,3114 2517,3114 2562,3117 2607,3117 2652,3114 2696,3117 2741,3114 2786,3114 2831,3114 2875,3111"/>
                <TextEquiv>
                    <Unicode>ummer wohlondienten einoprischen Stellung sehr interessen würde.</Unicode>
                </TextEquiv>
            </TextLine>
            <TextLine id="tr_1_tl_29" custom="readingOrder {index:28;}">
                <Coords points="720,3283 2783,3229 2810,3131 723,3194"/>
                <Baseline points="740,3237 755,3237 800,3237 845,3237 889,3234 934,3231 979,3231 1024,3228 1069,3228 1113,3225 1158,3225 1203,3225 1248,3222 1293,3222 1337,3219 1382,3219 1427,3216 1472,3219 1517,3216 1561,3216 1606,3216 1651,3213 1696,3213 1741,3213 1785,3213 1830,3213 1875,3213 1920,3213 1965,3213 2009,3213 2054,3213 2099,3213 2144,3210 2189,3210 2233,3210 2278,3210 2323,3207 2368,3207 2413,3207 2457,3204 2502,3204 2547,3201 2592,3198 2637,3198 2681,3198 2726,3195 2771,3195 2816,3195"/>
                <TextEquiv>
                    <Unicode>Dazu fehlt mir in den nächsten Jahren noch die Zeit. Ich nun</Unicode>
                </TextEquiv>
            </TextLine>
            <TextLine id="tr_1_tl_30" custom="readingOrder {index:29;}">
                <Coords points="729,3345 2732,3339 2827,3241 729,3298"/>
                <Baseline points="746,3332 773,3332 818,3332 863,3329 907,3329 952,3326 997,3323 1042,3323 1087,3320 1131,3320 1176,3317 1221,3315 1266,3315 1311,3315 1355,3315 1400,3312 1445,3312 1490,3312 1535,3309 1579,3306 1624,3309 1669,3306 1714,3306 1759,3306 1803,3306 1848,3306 1893,3306 1938,3303 1983,3303 2027,3303 2072,3300 2117,3300 2162,3300 2207,3300 2251,3297 2296,3297 2341,3294 2386,3294 2431,3294 2475,3294 2520,3294 2565,3291 2610,3291 2654,3288 2699,3288 2744,3288 2789,3285 2834,3282"/>
                <TextEquiv>
                    <Unicode>mit allen Künften für mich arbeiten, da ich durch die Inflation</Unicode>
                </TextEquiv>
            </TextLine>
            <TextLine id="tr_1_tl_31" custom="readingOrder {index:30;}">
                <Coords points="732,3449 2768,3417 2821,3319 735,3345"/>
                <Baseline points="752,3428 764,3428 809,3425 854,3422 898,3422 943,3422 988,3422 1033,3419 1078,3416 1122,3416 1167,3413 1212,3413 1257,3410 1302,3407 1346,3410 1391,3407 1436,3407 1481,3404 1526,3404 1570,3404 1615,3404 1660,3404 1705,3398 1750,3398 1794,3398 1839,3398 1884,3398 1929,3395 1974,3398 2018,3395 2063,3395 2108,3392 2153,3389 2198,3389 2242,3389 2287,3386 2332,3386 2377,3386 2422,3386 2466,3386 2511,3383 2556,3383 2601,3383 2646,3383 2690,3383 2735,3383 2780,3383 2825,3383"/>
                <TextEquiv>
                    <Unicode>Alles, was ich mir ausbeitet hatte, verloren habe und seit meiner</Unicode>
                </TextEquiv>
            </TextLine>
            <TextLine id="tr_1_tl_32" custom="readingOrder {index:31;}">
                <Coords points="744,3542 2714,3518 2914,3479 2917,3399 744,3435"/>
                <Baseline points="761,3521 767,3518 812,3518 857,3518 901,3515 946,3515 991,3512 1036,3512 1081,3509 1125,3509 1170,3509 1215,3506 1260,3503 1305,3503 1349,3500 1394,3497 1439,3494 1484,3494 1529,3494 1573,3494 1618,3491 1663,3491 1708,3494 1753,3491 1797,3491 1842,3491 1887,3488 1932,3491 1977,3488 2021,3485 2066,3485 2111,3485 2156,3482 2201,3485 2245,3485 2290,3482 2335,3479 2380,3476 2425,3476 2469,3476 2514,3476 2559,3476 2604,3473 2649,3473 2693,3470 2738,3473 2783,3473 2828,3470 2873,3470 2917,3464"/>
                <TextEquiv>
                    <Unicode>Bürgthenherapirode - ich beziehe keinelei Pension - auf die pein¬</Unicode>
                </TextEquiv>
            </TextLine>
            <TextLine id="tr_1_tl_33" custom="readingOrder {index:32;}">
                <Coords points="753,3619 2944,3616 2946,3503 756,3539"/>
                <Baseline points="770,3607 803,3613 848,3613 892,3613 937,3610 982,3610 1027,3607 1072,3607 1116,3607 1161,3604 1206,3604 1251,3604 1296,3601 1340,3598 1385,3592 1430,3592 1475,3589 1520,3589 1564,3589 1609,3586 1654,3586 1699,3586 1744,3586 1788,3586 1833,3586 1878,3583 1923,3580 1968,3580 2012,3577 2057,3577 2102,3577 2147,3574 2192,3571 2236,3568 2281,3568 2326,3568 2371,3568 2416,3568 2460,3568 2505,3568 2550,3568 2595,3568 2640,3568 2684,3568 2729,3568 2774,3571 2819,3568 2864,3568 2908,3568 2953,3568"/>
                <TextEquiv>
                    <Unicode>lichste Weise in der Hund in den Meind labo. Dabei habe ich zwei</Unicode>
                </TextEquiv>
            </TextLine>
            <TextLine id="tr_1_tl_34" custom="readingOrder {index:33;}">
                <Coords points="765,3726 2060,3738 2941,3679 2941,3604 768,3649"/>
                <Baseline points="782,3709 797,3706 842,3706 886,3703 931,3703 976,3703 1021,3700 1066,3697 1110,3697 1155,3697 1200,3694 1245,3694 1290,3691 1334,3691 1379,3688 1424,3691 1469,3685 1514,3685 1558,3685 1603,3688 1648,3685 1693,3685 1738,3685 1782,3685 1827,3685 1872,3685 1917,3682 1962,3682 2006,3682 2051,3682 2096,3676 2141,3676 2186,3676 2230,3676 2275,3673 2320,3673 2365,3673 2410,3670 2454,3670 2499,3670 2544,3670 2589,3670 2634,3670 2678,3670 2723,3670 2768,3670 2813,3670 2858,3670 2902,3670 2947,3670"/>
                <TextEquiv>
                    <Unicode>Büben, mit es obliegt mir mich so ist, einen — wenn auch herheitenen</Unicode>
                </TextEquiv>
            </TextLine>
            <TextLine id="tr_1_tl_35" custom="readingOrder {index:34;}">
                <Coords points="759,3842 1098,3836 1161,3798 1310,3863 1384,3830 1821,3842 1821,3741 1682,3688 1464,3753 1310,3714 1170,3747 884,3705 762,3726"/>
                <Baseline points="779,3798 800,3798 845,3795 889,3795 934,3795 979,3795 1024,3795 1069,3792 1113,3792 1158,3792 1203,3789 1248,3792 1293,3789 1337,3786 1382,3786 1427,3786 1472,3783 1517,3783 1561,3783 1606,3780 1651,3783 1696,3783 1741,3783 1785,3783 1830,3777"/>
                <TextEquiv>
                    <Unicode>Kiltmollen Beritz zu verteidigen.</Unicode>
                </TextEquiv>
            </TextLine>
        </TextRegion>
    </Page>
</PcGts>
