3155 4199
2292 375 2522 514 P.S.P.V.F.
2145 458 2635 605 t nt l'rjt n
369 1181 2522 1368 So ist es mir in endlich schwer gemacht, dem kollegialer Rufe
386 1299 2493 1494 zu folgen. Aber mich der Nein-Jagen ist mir schwer gemacht,
391 1376 2415 1558 ich möchte niemanden absterben und wie allem - ich machte
396 1483 2482 1660 oder Sache des Peu=Clübs keine Chansau nehmen, woferna ihr
418 1588 2522 1724 durch meine Puron wirklich gedient sein sollte. Die allerdings
420 1703 2552 1847 schreibe ich mir einvermouten zu bezweifeln. Er gibt in Oestenreich
450 1786 2570 1952 geneig Leute, dinen dergleichen Freude möchte und sie mich hinzu
452 1869 2530 2003 Das entsprechende Format haben. Ein Mann, das Welt hat und
461 1979 2520 2115 eine Tülle von Begichningen, wie etwa Stefan Zweig oder Subten
1971 2032 2126 2091 ⁠
2407 2043 2493 2096 8.
466 2080 2469 2225 ist für diese Stellung weit geeigneter als ein Mannes, das für
466 2115 2557 2319 gewöhnlich in Mödling u. amtenden 3 Vierteljahre in Mönich¬
471 2246 2469 2359 Kirchau oder soent wo in Gebirge lebt, ja leben nun, weil er
482 2340 2439 2495 mir payebierchen und plegenken Gründen mit in einer Höhe
490 2426 2493 2600 von 800-1000 m. zu simoliorieren beginnt. Was also soll
517 2520 2479 2648 und kann ich bin? Ich erbitte mir ein Orkal von Ihnen,
514 2611 2471 2785 herhauchster Herr Doktor, aber kein pythänhes, ihn eigentlich
509 2707 1371 2862 mehr einen Urteilsspruch!
693 2811 2495 2951 Invenen eher verbleibe ich in der Freude auf ein bildiger
522 2884 2348 3042 Wiederchen mit den Ausdruck der größten Veranbrung
1427 2975 1901 3138 The ergebants,
1564 3368 2370 3649 Mr Wilslgan.
463 3580 892 3740 15. F. 27.
