3193 4168
137 1412 1722 1584 lierta, eingrischieben. Die Zusammentellung
134 1553 1901 1681 der Jahrenspielpläne erfolgt ja heutzulage leider
137 1665 1603 1782 nicht mehr in dem Masse nach dem
132 1758 1692 1949 künstluischen Gerichtspunkten, wie dies früher
143 1899 1150 2024 einmal gewesen sein mag.
262 2066 1758 2196 Dies möchte ich mir mit aller Müh¬
134 2172 1634 2282 richtigkeit geregt haben, die mir die
143 2273 1806 2416 Inchnung für Sie, Herr Doktor, mich er legt,
183 2365 1870 2544 und verbleibe in denen mit den zuglehnten
280 2509 1546 2654 Grüsse ins Wünchen für Ihn
414 2603 1344 2799 leurstehenden Sommer
965 2749 1665 2910 Tho Efgebuhr
1211 2995 1758 3229 Deldynns
130 3086 802 3260 Wödling 27.6.30.
