3155 4199
302 461 414 565 G.H.F.P
729 437 1344 647 Monsieur le Comte de la nouvelle.
485 1045 2582 1188 während es sich bei dieser aus jener Veranlagung in liefsten Gründe sich
496 1198 2561 1273 um etwas Schicksalshafter handelt und soweit um etwas Elementares, das
1501 1251 2614 1365 Vielleicht können wir Mennher über gar
506 1267 1474 1373 jenseits von Zeit und Böse liegt
517 1355 2617 1442 nicht anders als in der Antilhese Goll-Teichel Senken. Ob dem er ist, wege ich
520 1426 1106 1559 nicht zu unterhänden.
634 1469 2622 1623 Nun aber, hochgelehrter Herr Doktor, komme ich auf Ihr liebenswärtiger
541 1583 2529 1747 Kerprechen zurück, mich in Mödling zu berücken. Hiezu ergebe nicht
530 1684 2622 1792 am 16. d. M. (Fronleichnam) insoferne eine günstige Gelegenheit, als am
544 1768 2675 1912 Vormittage dieser Tages bei uns in Mödling in der schönen alten Othmar:
549 1864 2662 1951 Kirche die Missa solennes aufgeführt war, er zu mit Stratsoponsängern
562 1933 2577 2076 und Philkommonikon. Die Aufführung beginnt um 11t und scheinet bis
573 2015 2601 2145 ca. 1h. Nachher würde ich mir die Bitte erlauben, sind Her Doktor bei
578 2092 2572 2230 um speisen. Mein Haus liegt neben der Othmanskirche, je diese erhebt
583 2171 2511 2317 siele sogar gewinnenden aus meinem Garten. Die Karte würde ich
589 2248 2511 2386 Ihnen bewegen, wesund Sie die Güte hätten, mich hiezu telefonierte
597 2344 2601 2487 (Mödling 120) zu ermächtigen. Tabafweint und möglichst früh bald
610 2429 2479 2564 mir deshalb, weil heim eine besonders große Nachfrage nach dem
620 2516 2556 2622 Harten besteht. Es würde nun jedenfalle eine große Ehre und Freude
631 2582 2460 2744 sein, wenn Beethoven der Poychaget wäre, der Sie zu mir brichte.
1002 2696 1787 2818 Invenen bin und verbleibe ich
1450 2765 1986 2932 in grösstes Verhrung
1684 2877 2129 3057 Ihr ergebennten
1882 3367 2391 3648 MntWitelgem
578 3635 1474 3781 Mödling, am 10. Juni 1927.
