4169 4536
1362 492 1572 659 "    "  "
2235 500 2358 584 „ „
3442 478 3621 631 1.° ̃
1038 514 1155 633 „ „
2219 959 3601 1151 zu sagen. Bei Buch hat mir
2221 1102 3841 1259 Interessiert wie wenige andern Bücher.
2251 1259 3698 1400 So stach von dem Leben gefüllt ist,
2192 1435 3804 1580 Ihr Roman, so intime und juggeriaren
2255 1552 3772 1703 wirkt dar an den Seren, dass ei
2239 1717 3766 1880 Ist mir als konnte ich aus- und
2255 1854 3768 2049 innnenden Wien und die Wiener
1809 2049 1884 2164 x
2249 2027 3824 2227 die Jüden und die Christen, die jün¬
2249 2142 3802 2305 Schönen Damm – die scheinte ist Elsse¬
2269 2349 3847 2513 und die Männen (Heinrich inseroisiert
2253 2482 3847 2660 mich mehr als Georg, der alse Ehren¬
2208 2664 3796 2811 burg mehr sei, die edle alte Arzt,
2408 2863 3687 3022 Ein ungewinnen reicher und
2221 3029 3766 3204 tiefes Buch. Ein Buch von Poes.
2249 3186 3710 3347 und Schönheit und so reizend
2245 3349 2906 3512 rein in Stil.
2624 3500 3603 3659 Also ganz entzüren
