<?xml version="1.0" encoding="UTF-8" standalone="yes"?>
<PcGts xmlns="http://schema.primaresearch.org/PAGE/gts/pagecontent/2013-07-15" xmlns:xsi="http://www.w3.org/2001/XMLSchema-instance" xsi:schemaLocation="http://schema.primaresearch.org/PAGE/gts/pagecontent/2013-07-15 http://schema.primaresearch.org/PAGE/gts/pagecontent/2013-07-15/pagecontent.xsd">
    <Metadata>
        <Creator>prov=READ-COOP:name=TrHtr:version=2.1.0:model_id=51170:date=28_07_2023_06:59</Creator>
        <Created>2023-05-10T11:22:42.614+02:00</Created>
        <LastChange>2023-07-28T06:59:06.499+02:00</LastChange>
        <TranskribusMetadata docId="1428148" pageId="55386307" pageNr="8" tsid="131322994" status="IN_PROGRESS" userId="64420" imgUrl="https://files.transkribus.eu/Get?id=NUICIIKOCIDTAVVYYPKGACJS&amp;fileType=view" xmlUrl="https://files.transkribus.eu/Get?id=KYLSPDSUMRFGPUPGDIVZBVFE" imageId="44661206"/>
    </Metadata>
    <Page imageFilename="1428148_0008.jpg" imageWidth="6760" imageHeight="4440">
        <ReadingOrder>
            <OrderedGroup id="ro_1711822016505" caption="Regions reading order">
                <RegionRefIndexed index="0" regionRef="tr_1"/>
            </OrderedGroup>
        </ReadingOrder>
        <TextRegion id="tr_1" custom="readingOrder {index:0;}">
            <Coords points="3538,349 6343,349 6343,4068 3538,4068"/>
            <TextLine id="tr_1_tl_1" custom="readingOrder {index:0;}">
                <Coords points="3522,457 3544,471 3566,460 3602,482 3635,460 3712,460 3759,435 3797,435 3806,264 3729,270 3629,344 3596,322 3566,344 3528,339"/>
                <Baseline points="3538,411 3628,405 3717,399 3807,399"/>
                <TextEquiv>
                    <Unicode>2.1</Unicode>
                </TextEquiv>
            </TextLine>
            <TextLine id="tr_1_tl_2" custom="readingOrder {index:1;}">
                <Coords points="5772,595 5896,606 5998,587 6069,633 6218,556 6257,576 6334,567 6328,452 6113,438 6072,457 5981,438 5888,377 5827,399 5764,388"/>
                <Baseline points="5782,501 5872,507 5961,507 6051,513 6140,513 6230,519 6319,531 6337,531"/>
                <TextEquiv>
                    <Unicode>Sperrejens</Unicode>
                </TextEquiv>
            </TextLine>
            <TextLine id="tr_1_tl_3" custom="readingOrder {index:2;}">
                <Coords points="4122,837 6058,812 6331,771 6339,578 5948,658 4128,697"/>
                <Baseline points="4141,787 4195,787 4284,781 4374,781 4463,775 4553,769 4642,769 4732,763 4821,763 4911,757 5000,751 5090,751 5180,745 5269,745 5359,740 5448,734 5538,734 5627,728 5717,722 5806,722 5896,722 5985,710 6075,710 6164,704 6254,698 6343,698"/>
                <TextEquiv>
                    <Unicode>ich vielleicht darf es ausopreshen, der schon</Unicode>
                </TextEquiv>
            </TextLine>
            <TextLine id="tr_1_tl_4" custom="readingOrder {index:3;}">
                <Coords points="4128,994 5356,945 5510,991 5758,889 5989,903 5992,829 4133,834"/>
                <Baseline points="4147,942 4207,942 4296,936 4386,936 4475,936 4565,930 4654,925 4744,925 4833,919 4923,913 5012,913 5102,907 5191,901 5281,901 5370,895 5460,889 5550,889 5639,883 5729,877 5818,877 5908,871 5997,865"/>
                <TextEquiv>
                    <Unicode>in dogmatischen Hausicht vollkommen</Unicode>
                </TextEquiv>
            </TextLine>
            <TextLine id="tr_1_tl_5" custom="readingOrder {index:4;}">
                <Coords points="4114,1137 6080,1104 6105,961 4120,1022"/>
                <Baseline points="4129,1104 4141,1104 4231,1098 4320,1092 4410,1092 4499,1086 4589,1086 4678,1080 4768,1074 4857,1074 4947,1068 5036,1062 5126,1056 5215,1056 5305,1050 5394,1044 5484,1044 5573,1038 5663,1038 5752,1032 5842,1032 5931,1026 6021,1026 6110,1020"/>
                <TextEquiv>
                    <Unicode>konfessionslos,seine Stammeszugehörig.</Unicode>
                </TextEquiv>
            </TextLine>
            <TextLine id="tr_1_tl_6" custom="readingOrder {index:5;}">
                <Coords points="4111,1272 4557,1322 4803,1253 6067,1258 6072,1126 5967,1079 4117,1170"/>
                <Baseline points="4129,1253 4195,1253 4284,1247 4374,1247 4463,1241 4553,1235 4642,1235 4732,1235 4821,1229 4911,1223 5000,1223 5090,1217 5180,1217 5269,1205 5359,1199 5448,1199 5538,1193 5627,1193 5717,1187 5806,1181 5896,1181 5985,1175 6075,1175"/>
                <TextEquiv>
                    <Unicode>keit niemals verleugnet und nichtsel.</Unicode>
                </TextEquiv>
            </TextLine>
            <TextLine id="tr_1_tl_7" custom="readingOrder {index:6;}">
                <Coords points="5629,1413 5720,1402 5827,1424 5918,1391 5981,1432 6028,1418 6039,1256 5995,1239 5904,1250 5871,1275 5821,1253 5758,1289 5728,1289 5709,1269 5637,1280"/>
                <Baseline points="5646,1368 5681,1348 5770,1342 5860,1336 5949,1330 6039,1330"/>
                <TextEquiv>
                    <Unicode>sinn be¬</Unicode>
                </TextEquiv>
            </TextLine>
            <TextLine id="tr_1_tl_8" custom="readingOrder {index:7;}">
                <Coords points="4142,1424 4387,1457 4574,1388 5585,1374 5640,1360 5642,1275 4147,1330"/>
                <Baseline points="4159,1414 4207,1408 4296,1402 4386,1402 4475,1396 4565,1390 4654,1384 4744,1378 4833,1378 4923,1378 5012,1366 5102,1372 5191,1366 5281,1360 5370,1354 5462,1368 5462,1368 5555,1348 5646,1368"/>
                <TextEquiv>
                    <Unicode>ten mit einem gewissen Eigens</Unicode>
                </TextEquiv>
            </TextLine>
            <TextLine id="tr_1_tl_9" custom="readingOrder {index:8;}">
                <Coords points="4497,1471 5061,1479 5342,1424 5477,1454 5637,1424 5642,1352 4502,1415"/>
                <Baseline points="4511,1468 4559,1456 4648,1450 4738,1450 4827,1450 4917,1438 5006,1432 5096,1426 5185,1420 5275,1414 5365,1408 5460,1388 5460,1388 5550,1396 5646,1368"/>
                <TextEquiv>
                    <Unicode>darf es vielleicht äusser</Unicode>
                </TextEquiv>
            </TextLine>
            <TextLine id="tr_1_tl_10" custom="readingOrder {index:9;}">
                <Coords points="4142,1625 4412,1556 4571,1644 4728,1556 5216,1603 5623,1509 6064,1581 6072,1410 4147,1484"/>
                <Baseline points="4159,1557 4195,1563 4284,1557 4374,1557 4463,1557 4553,1551 4642,1545 4732,1545 4821,1539 4911,1533 5000,1533 5090,1527 5180,1521 5269,1521 5359,1515 5448,1509 5538,1509 5627,1497 5717,1497 5806,1491 5896,1485 5985,1485 6075,1485"/>
                <TextEquiv>
                    <Unicode>tont hat, dass ein solches Festhalten</Unicode>
                </TextEquiv>
            </TextLine>
            <TextLine id="tr_1_tl_11" custom="readingOrder {index:10;}">
                <Coords points="4142,1795 4910,1713 5221,1762 5472,1696 5989,1713 5995,1575 4150,1630"/>
                <Baseline points="4159,1718 4207,1718 4296,1712 4386,1712 4475,1706 4565,1706 4654,1700 4744,1694 4833,1688 4923,1682 5012,1682 5102,1676 5191,1676 5281,1665 5370,1665 5460,1659 5550,1659 5639,1659 5729,1653 5818,1647 5908,1647 5997,1641"/>
                <TextEquiv>
                    <Unicode>an Äeusserlichkeiten der Religion</Unicode>
                </TextEquiv>
            </TextLine>
            <TextLine id="tr_1_tl_12" custom="readingOrder {index:11;}">
                <Coords points="4142,1914 5218,1895 5472,1828 6061,1881 6149,1848 6155,1754 5846,1707 4571,1768 4348,1842 4147,1804"/>
                <Baseline points="4159,1873 4189,1873 4278,1867 4368,1867 4457,1861 4547,1855 4636,1855 4726,1850 4815,1844 4905,1844 4995,1838 5084,1832 5174,1826 5263,1826 5353,1820 5442,1820 5532,1814 5621,1814 5711,1808 5800,1802 5890,1796 5979,1796 6069,1790 6158,1790"/>
                <TextEquiv>
                    <Unicode>wie es der Antisemitismus auch in man-</Unicode>
                </TextEquiv>
            </TextLine>
            <TextLine id="tr_1_tl_13" custom="readingOrder {index:12;}">
                <Coords points="4150,2049 5477,2046 5910,1958 6155,2027 6215,1870 4155,1958"/>
                <Baseline points="4165,2029 4249,2023 4338,2023 4428,2011 4517,2011 4607,2011 4696,2011 4786,2005 4875,1999 4965,1993 5054,1993 5144,1987 5233,1981 5323,1981 5412,1975 5502,1969 5591,1969 5681,1963 5770,1957 5860,1951 5949,1945 6039,1945 6128,1939 6218,1939"/>
                <TextEquiv>
                    <Unicode>chen von den besten, aufgeklärtesten und</Unicode>
                </TextEquiv>
            </TextLine>
            <TextLine id="tr_1_tl_14" custom="readingOrder {index:13;}">
                <Coords points="4169,2214 4731,2175 4855,2228 5158,2151 5519,2211 5984,2131 5987,2043 4172,2109"/>
                <Baseline points="4183,2184 4201,2178 4290,2178 4380,2178 4469,2166 4559,2166 4648,2160 4738,2160 4827,2154 4917,2148 5006,2148 5096,2142 5185,2142 5275,2136 5365,2136 5454,2130 5544,2124 5633,2118 5723,2118 5812,2112 5902,2106 5991,2100"/>
                <TextEquiv>
                    <Unicode>tapfersten Juden als psychologisch</Unicode>
                </TextEquiv>
            </TextLine>
            <TextLine id="tr_1_tl_15" custom="readingOrder {index:14;}">
                <Coords points="4169,2352 4351,2393 4505,2330 4673,2407 5488,2277 6177,2277 6254,2250 6259,2104 5967,2197 4172,2261"/>
                <Baseline points="4183,2333 4201,2327 4290,2327 4380,2327 4469,2321 4559,2321 4648,2315 4738,2309 4827,2303 4917,2303 5006,2297 5096,2297 5185,2291 5275,2285 5365,2285 5454,2279 5544,2273 5633,2273 5723,2267 5812,2261 5902,2261 5991,2255 6081,2249 6170,2249 6260,2243"/>
                <TextEquiv>
                    <Unicode>begreiflichen Widerstand bezeichnet nur</Unicode>
                </TextEquiv>
            </TextLine>
            <TextLine id="tr_1_tl_16" custom="readingOrder {index:15;}">
                <Coords points="4175,2514 5998,2509 6243,2445 6246,2330 4177,2426"/>
                <Baseline points="4189,2494 4278,2488 4368,2488 4457,2482 4547,2476 4636,2470 4726,2464 4815,2464 4905,2458 4995,2452 5084,2452 5174,2446 5263,2440 5353,2440 5442,2434 5532,2434 5621,2428 5711,2422 5800,2422 5890,2416 5979,2410 6069,2410 6158,2405 6248,2399"/>
                <TextEquiv>
                    <Unicode>dass gerade dieses Festhalten (das sich</Unicode>
                </TextEquiv>
            </TextLine>
            <TextLine id="tr_1_tl_17" custom="readingOrder {index:16;}">
                <Coords points="4180,2646 4646,2701 5948,2649 6226,2580 6232,2467 5152,2498 4993,2566 4692,2572 4568,2503 4183,2544"/>
                <Baseline points="4195,2637 4266,2643 4356,2637 4445,2637 4535,2631 4625,2625 4714,2619 4804,2619 4893,2613 4983,2607 5072,2607 5162,2607 5251,2601 5341,2595 5430,2590 5520,2590 5609,2584 5699,2578 5788,2578 5878,2572 5967,2566 6057,2560 6146,2560 6236,2554"/>
                <TextEquiv>
                    <Unicode>in manchen bürgerlichen Beziehungen und</Unicode>
                </TextEquiv>
            </TextLine>
            <TextLine id="tr_1_tl_18" custom="readingOrder {index:17;}">
                <Coords points="4177,2823 5816,2820 6039,2776 6044,2666 5312,2655 5127,2734 4852,2666 4643,2704 4478,2652 4323,2737 4183,2690"/>
                <Baseline points="4195,2798 4255,2798 4344,2792 4434,2792 4523,2786 4613,2780 4702,2775 4792,2775 4881,2769 4971,2763 5060,2763 5150,2757 5239,2751 5329,2751 5418,2745 5508,2745 5597,2739 5687,2733 5776,2727 5866,2727 5955,2721 6045,2721"/>
                <TextEquiv>
                    <Unicode>im Geschäftsleben störend bemerkbar</Unicode>
                </TextEquiv>
            </TextLine>
            <TextLine id="tr_1_tl_19" custom="readingOrder {index:18;}">
                <Coords points="4172,2982 6174,2924 6262,2913 6268,2801 4177,2886"/>
                <Baseline points="4189,2954 4213,2948 4302,2954 4392,2948 4481,2942 4571,2942 4660,2936 4750,2930 4839,2924 4929,2924 5018,2918 5108,2918 5197,2912 5287,2906 5376,2900 5466,2900 5555,2894 5645,2894 5735,2888 5824,2882 5914,2876 6003,2876 6093,2870 6182,2864 6272,2870"/>
                <TextEquiv>
                    <Unicode>machte) zu den Ursachen und zwar zu der</Unicode>
                </TextEquiv>
            </TextLine>
            <TextLine id="tr_1_tl_20" custom="readingOrder {index:19;}">
                <Coords points="4202,3139 6259,3062 6292,2900 4863,3046 4370,2960 4208,3057"/>
                <Baseline points="4219,3109 4231,3103 4320,3109 4410,3097 4499,3097 4589,3091 4678,3091 4768,3085 4857,3085 4947,3079 5036,3073 5126,3073 5215,3067 5305,3061 5394,3061 5484,3055 5573,3049 5663,3043 5752,3043 5842,3037 5931,3037 6021,3031 6110,3025 6200,3019 6290,3019"/>
                <TextEquiv>
                    <Unicode>vermeidbaren, zu den wenigen vermeidharen</Unicode>
                </TextEquiv>
            </TextLine>
            <TextLine id="tr_1_tl_21" custom="readingOrder {index:20;}">
                <Coords points="4197,3293 5474,3277 5574,3222 5882,3269 6212,3192 6215,3131 5758,3073 4962,3183 4202,3170"/>
                <Baseline points="4213,3264 4249,3264 4338,3264 4428,3258 4517,3252 4607,3252 4696,3246 4786,3246 4875,3240 4965,3234 5054,3228 5144,3228 5233,3222 5323,3216 5412,3210 5502,3210 5591,3204 5681,3204 5770,3204 5860,3198 5949,3198 6039,3192 6128,3186 6218,3180"/>
                <TextEquiv>
                    <Unicode>Ursachen des Antisemitsmus mir gegol-</Unicode>
                </TextEquiv>
            </TextLine>
            <TextLine id="tr_1_tl_22" custom="readingOrder {index:21;}">
                <Coords points="4216,3522 4290,3528 4337,3492 4359,3497 4461,3445 4522,3472 4555,3448 4574,3459 4640,3448 4640,3371 4604,3376 4560,3338 4486,3362 4389,3274 4351,3274 4312,3302 4290,3282 4216,3302"/>
                <Baseline points="4231,3413 4320,3419 4410,3413 4499,3413 4589,3413 4648,3413"/>
                <TextEquiv>
                    <Unicode>ton hat.</Unicode>
                </TextEquiv>
            </TextLine>
            <TextLine id="tr_1_tl_23" custom="readingOrder {index:22;}">
                <Coords points="4632,3588 5871,3525 6042,3561 6050,3338 5799,3404 5706,3357 4954,3434 4640,3382"/>
                <Baseline points="4648,3556 4708,3550 4798,3550 4887,3550 4977,3544 5066,3544 5156,3538 5245,3532 5335,3526 5424,3520 5514,3520 5603,3520 5693,3515 5782,3509 5872,3509 5961,3503 6051,3503"/>
                <TextEquiv>
                    <Unicode>Und ich scheue den Vorwurf</Unicode>
                </TextEquiv>
            </TextLine>
            <TextLine id="tr_1_tl_24" custom="readingOrder {index:23;}">
                <Coords points="4208,3784 6111,3701 6234,3682 6237,3591 5538,3635 4794,3577 4213,3665"/>
                <Baseline points="4225,3729 4272,3735 4362,3729 4451,3723 4541,3717 4630,3717 4720,3711 4810,3705 4899,3705 4989,3700 5078,3694 5168,3694 5257,3688 5347,3682 5436,3682 5526,3676 5615,3670 5705,3670 5794,3664 5884,3664 5973,3658 6063,3652 6152,3652 6242,3652"/>
                <TextEquiv>
                    <Unicode>des Assimilantentums von Seite der Ju-</Unicode>
                </TextEquiv>
            </TextLine>
            <TextLine id="tr_1_tl_25" custom="readingOrder {index:24;}">
                <Coords points="4208,3957 5243,3855 5337,3910 5877,3833 6292,3880 6301,3671 5978,3676 5830,3756 5392,3723 5125,3814 4990,3756 4213,3828"/>
                <Baseline points="4225,3896 4243,3896 4332,3890 4422,3890 4511,3885 4601,3885 4690,3879 4780,3873 4869,3867 4959,3867 5048,3861 5138,3855 5227,3849 5317,3849 5406,3843 5496,3843 5585,3849 5675,3837 5764,3837 5854,3831 5943,3825 6033,3825 6122,3819 6212,3813 6301,3813"/>
                <TextEquiv>
                    <Unicode>den so wenig als es mich jemals an mei-</Unicode>
                </TextEquiv>
            </TextLine>
            <TextLine id="tr_1_tl_26" custom="readingOrder {index:25;}">
                <Coords points="4208,4076 6124,4009 6130,3850 5400,3946 4436,3894 4213,3954"/>
                <Baseline points="4225,4058 4249,4052 4338,4052 4428,4046 4517,4046 4607,4040 4696,4040 4786,4034 4875,4028 4965,4028 5054,4028 5144,4016 5233,4016 5323,4010 5412,4010 5502,4004 5591,4004 5681,3998 5770,3992 5860,3992 5949,3986 6039,3980 6128,3980"/>
                <TextEquiv>
                    <Unicode>nem Wesen irre gemacht hat, wenn die</Unicode>
                </TextEquiv>
            </TextLine>
        </TextRegion>
    </Page>
</PcGts>
