6728 4456
5484 360 6109 518 Spivak
4208 608 6204 844 das Gefährliche aller jener rituellen
4219 784 6291 976 Gebräuche hinzuweisen, die mit (dem Wesen
4219 952 6246 1191 der Religion, mit der wahren Gottesver-
4219 1097 6336 1276 ehrung nicht das Geringste zu tun haben.
4579 1262 6275 1460 Man hebe nicht nur die für unse-
4208 1407 6246 1602 re Zeit und für unser Klima nicht mehr
4226 1562 6283 1770 passenden Speisegesetze auf,sondern,was
4208 1715 6286 1896 mir noch viel wichtiger dünkt,man mache
4226 1928 6241 2044 sich endlich daran den Sabbath auf den
4245 2022 6236 2214 Sonntag zu verlegen. Selbst der orthout
4226 2178 6315 2364 doxeste Jude wird sich von seinem Rabbi
4219 2322 6323 2491 ner ohne Schwierigkeiten überzeugen las-
4226 2506 6173 2688 sen, dass es Gott, der ja am Ende auch
4219 2643 6336 2848 die Entstehung des Christentums geduddet
4226 2825 6254 3051 hat,vollkommen gleichgültig ist,ob man
4237 2938 6215 3124 des Sabbath oder den Sonntag heilige.
4579 3106 6236 3295 Nicht in den Aeusserlichkeiten,
4232 3274 6159 3445 die ich hier angeführt habe,- xxx das
4190 3432 6162 3611 wirklich nich betont werde - ist der
4368 3556 5476 3653 glaub de zisé est de
4232 3569 6257 3764 jüdische Glaube die Treue zu der ange-
4224 3732 6212 3924 stammten Rasse begründet.Und - gerade
