6712 4456
5439 400 6001 586 Specepnt
4192 690 6242 847 der Speiegesetze, ebenso wie den manche
4184 847 6252 1015 anderer ritkeller Gebräuche,die mit dem
4197 999 6195 1179 Wesen der Religion nicht das Geringste
4176 1151 6195 1331 zu tun haben und deren Aufrechthaltung
4200 1300 5999 1498 nur durch die Macht dertradition,
4197 1423 6255 1647 durch Gedankenlosigkeit oft genug durch
5497 1579 6218 1765 Sr. Prbhver
4192 1634 5450 1810 Trotz verschuldet wurde.
4524 1765 6268 1930 Sie wissen, dass Gott nicht nur in
4202 1912 6093 2113 so furchtbaren Zeiten wie in diesen,
4221 2053 6213 2267 sondern auch in andern ruhigen nicht.
4262 2191 6111 2317 Remblei Werth der auflegt - und sich
4215 2270 6213 2427 dadurch verehrt zu werden wünscht, dass
4244 2364 6067 2461 we de verehl oder verwusselt fällt. Wie
4215 2424 6064 2544 die Gläubigen zu Osten ungesäuertes
4221 2505 6124 2714 Brot verzehren oder gar dadurch, dass
4218 2730 6292 2879 sie hungern, wenn sie dieses ungesäuerte
4215 2829 6077 3026 Brot nicht erhalten können oder gar
4231 3039 6300 3175 dadurch, dass sie schhorren,um ungesäer-
4236 3177 6208 3342 tes Brotz zu erhalten oder irgend eine
4239 3303 6208 3530 andere rituelle Kost, zu einer Zeit,wo
4228 3462 6268 3656 so viel wirkliches Elend, so vieh wirk-
4244 3637 6250 3802 licher Kummer durch Geld bis zu einem
4244 3784 6347 3993 gewissen Grad wenigstens zu mildern wäre
