6760 4440
3523 263 3780 514 nt
5808 372 6397 656 frèrement,
4157 675 6263 852 Deutschnationalen mir mein Deutschtum ab
4163 814 6231 994 zuerkennen versuchten. Und ich hätte die
4168 940 6231 1181 Empfindung für meine Person eine Unehr-
4165 1157 6129 1339 lichkeit, ja eine Feigheit zu begehen,
4173 1305 6188 1513 wenn ich mich dazu hergäbe einen Aber-
4163 1471 6158 1647 glauben zu unterstützen, der bei gutem
4179 1599 6279 1827 Willen,bei einiger Energie und bei einem
4182 1765 6148 1955 etwas politischen Scharfblick der zur
4168 1886 6239 2122 religiösen Führung ihrer Glaubensgenos-
4163 2084 6252 2272 sen berufenen Juden längst hätte aus d
4171 2191 6241 2427 Welt geschafft sein können. Soll gerade
236 2331 512 2486 ce 7bre
4173 2400 6279 2569 der, ein läppischer und schädlicher Rest,
4173 2553 6212 2711 über eine Zeit hinübergerettet werden,
4425 2641 5068 2778 - même toff de
4171 2644 6330 2896 die mit so vielem andern aufräumen wird.-
4216 2842 5749 3051 das zu Ueilengang ruf ist?
