3425 3689
1180 636 1348 715 K. und k.
1035 675 2452 820 DIRECTION J. Schwärker zu Stücks.
1201 749 1349 812 des k. k.
1079 784 1457 865 HOF-BURGTHEATERS.
1454 805 2420 940 Man liebt das Kind, und
1030 913 2427 1074 kein doch nicht daran glauben.
1017 1014 2395 1203 Vielleicht ist es sein Gefall und haupt
1044 1148 2411 1284 damit zusammen, daß kein unser
1058 1252 2429 1381 Hervorrez-des Schongigik immer
1111 1346 2413 1528 quez fai de Roy part au sie zu
1053 1496 2476 1627 tragée mmeq. Mon présent fort
1069 1600 2469 1750 während zwischen Frl. Modding, Frau
1039 1710 2404 1865 Hoh-feh und Fl. Witt, miraus dann
1079 1840 2436 2010 gelegentlich auf Frau Retty warten.
1069 1939 2422 2111 und wünsche Blößler die Sorma
1067 2105 1353 2218 horbei
1097 2180 2508 2324 Nro, lieber fürorten, soll nun geschehen?
1092 2301 2480 2455 Sollen wir wirkliche einen Monaten
1099 2399 2395 2566 Barytbeater, einen Monat Kainz
1069 2522 2384 2674 (denn solange braucht dieß äußerst
1104 2639 2420 2803 filesiorique Arbeit) daran werden?
1102 2754 2478 2877 Und sollen wir sie vollends dieses
1054 2847 1224 2925 Dr.-Nr. 229.
