3394 3688
421 403 629 493 K. und k.
1201 429 1334 541 1:1:
290 459 731 590 DIRECTION
457 541 588 595 des k. k.
321 580 695 670 HOF-BURGTHEATERS
1186 536 2215 711 Wien, den 18. Juni 1899.
798 780 1968 944 Hochverehrte Herren!
647 998 2356 1142 Ihr gefälliges Schreiben vom 15. d. M., die
552 1103 2410 1229 Vertragsangelegenheit des Fräuleins Ottilie Metzl
554 1214 2469 1283 betreffend, habe ich empfangen und ich danke Ihnen
544 1288 2525 1388 Herzlich für das Interesse, das Sie auch an den innern
539 1363 2405 1440 Vorgängen des Hofburgtheaters nehmen. Denn ich
544 1435 2505 1527 setze als selbstverständlich voraus, daß nur dieses sach¬
539 1512 2425 1594 liche Interesse Sie veranlasst, für ein weiteres
526 1578 2592 1686 Engagement eines Mitgliedes so energisch zu plaidieren.
529 1658 2397 1725 Was die Sache selbst betrifft, so beruht der
539 1740 2487 1832 Entschluß, den am 31. August 1899 ablaufenden
526 1799 2512 1909 Contract des Fräulines Metzl nicht zu verlängern
531 1896 2530 1963 auf sehr reiflichen Erwägungen, an denen sammt¬
544 1950 2530 2056 liche bei den Personalverhältnissen des Hofburg¬
526 2040 2474 2120 theaters mitsprechende Factoren betheiligt sind.
547 2115 2448 2228 Es wird nicht gut möglich sein, einen solchen
544 2174 2469 2299 einmal gefassten Entschluß nur deshalb umzu¬
536 2284 2512 2366 stossen, weil er nicht von allen Urteilsfähigen
539 2356 2453 2435 gebilligt wird. Im übrigen bemerke ich, mit
531 2415 2389 2497 Bezug auf eine bestimmte Stelle Ihres
531 2502 2407 2584 gefälligen Schreibens, daß ich bereits am
547 2561 2464 2677 25. Februar dem Fräulein Metzl von der
549 2633 2517 2725 thatsache, daß ihr Vertrag ab 1. September nicht
526 2723 2425 2818 verlängert werden wird, mündlich Mitthei
521 2797 2538 2928 lung gemacht habe, daß ich in einem Schreiben
205 3259 380 3403 Dr.-Nr. 128
