3413 3688
114 1664 1388 1835 gweze Freundlichkeit habe, ist im Laufe
80 1815 1324 1947 der Sonntag-Vormittags (5. Vorbe) in der
90 1907 1297 1993 Kanzlei aufzuhalten? Keine Antwort
83 1993 746 2083 nehm ich als "Ja:-
350 2054 1297 2165 Mit den freundlichsten Günzen
656 2164 1289 2273 Ihr herzlich ergebener
706 2277 1204 2419 R. Rosenmann
1644 1741 2897 1847 Kaum die Zeit haben werde, sich mit Ihnen
1655 1863 2048 1950 Zu besprochen.
1733 1973 2878 2066 Auch mir that es sehr leid, dass unsere
1619 2070 2910 2180 Entrevue gestern uns so jähles Ende fand. Hoffent¬
1611 2152 2504 2277 lich folgt die Fortsetzung bald.
2019 2277 2735 2408 Mit den Löpfteichst ganze
2122 2398 2687 2509 Ihr ganz ergebener
2300 2491 2769 2650 Rkosenbrunn
