3425 3689
315 685 1565 804 mehr finxen. Nur weil mir diese
271 791 1574 958 Überzeugung sehr gegen das Herz geht,
280 892 1651 1020 habe ich nicht das Herz gehabt, sie Ihnen
278 1011 1655 1182 früher offen auszuprochen; nur darum habe
289 1150 1660 1283 ich von Zeit zu ziehen mich immer wieder
266 1264 1678 1407 Ihrer ernsten und so zu sagen feierlichen
258 1379 1637 1504 Arbeit genähert, stets mit dem bessern
253 1483 1609 1621 Willer, mich nicht in meinen Zweifeln,
273 1589 1664 1738 sondern in meiner Hoffnungen zu stärmen.
281 1715 1680 1848 Leider aber ist das genau. Gegenteil
280 1834 1651 1991 der Fall. Sac Stück und seine dramatische
253 1949 1536 2092 Wirnay vient mis ferner and in
250 2057 1604 2200 meinte fest profoppien, wo Sie nahm,
246 2172 1639 2310 Jahren, wenn Sie von jüngeren Worten
258 2296 1549 2423 wieder darauf zurückkommen, dieselbe
248 2398 1487 2558 Erfebray Mathew order. Genr. 8.
241 2501 1611 2667 mez der Wollen größer sein, als in
232 2628 1487 2774 Ihren frühren können. Aber war
242 2742 1582 2896 nazt in der Kauf der Arbei? So
1855 669 3209 825 gens für alle Zeiten Boccacio
1781 784 3182 931 höher stehen wird als Perso, so gewuß
1818 894 3182 1014 wird der Schnitzler der Anatels der Liebeler
1846 1016 3209 1159 der Formänderisten und die Kanade den
1837 1136 3078 1264 Freyöden der Rennisconio-Beatrieb
1809 1264 3159 1402 weite, sehr weit übetreffen. Und den
1805 1370 3198 1492 Ja das Messieur, da Reigen! Schul¬
1793 1501 3138 1618 Sie das möchte' ich aufführen! Im
1820 1593 3202 1742 Sülden zugelitterte und zerstreit sich,
1798 1719 3144 1848 der Interesse zu dem Quelisme die
1786 1821 3135 1965 beiden Contraftfiguren Töchter und Fürst
1772 1947 3174 2112 mit diese Beiten zu verg. lebendig
2869 2096 3190 2174 car deux
1784 2067 2867 2195 worden. Sie sind Begriffen,
1779 2152 3200 2319 themetischen Contraff geboren. Dank
1756 2278 3090 2420 aber ist dem Name der Reingrat
1797 2398 3200 2554 gebrochen, und bei, wovon ein Bühne¬
1786 2505 3087 2667 erfolg leben könnten, liegt im Reig
1789 2628 3138 2767 der Details. Sie wissen, daß die auf
1736 2740 3013 2903 der Theater schon schädigend die
