3415 3704
933 1027 2098 1170 notiz über den Ruf des Lebens, die
935 1145 2169 1291 Samstag in der „Neuen Freien Pierre fand,
936 1244 2239 1405 unrichtig ist. Vielleicht haben Sie die Liebens¬
944 1380 2198 1521 würdigkeit mir durch eine feile oder aus
964 1495 2234 1664 telefomisches Wort gelegentlich zu sagen, ob
1004 1628 2252 1787 Der Ruf des Lebens“ bald in gedruckter Form.
972 1754 2265 1933 vorliegen wird und ob Herr Direktor Zehlen¬
978 1882 2228 2056 ther bis dahin Zeit mit der Lektüre des
982 2062 1328 2153 Stückes hat.
1174 2114 2203 2265 Mit den freundlichsten Grüßen Ihr
1536 2268 2009 2377 Beglich ergebener
1547 2372 2245 2514 Richterstraße
993 2527 2253 2668 Dem „Zwischenzwil“ geht es „nüberufen
980 2616 2156 2803 Sehr gut. Gertrige Einraten über 5400 Kr.
