3435 3688
1134 649 1295 739 K. und k.
987 710 1470 807 DIRECTION
1159 772 1290 834 des k. k.
1037 816 1418 900 HOF-BURGTHEATERS.
1686 1023 2365 1178 Wien, 10. December 1849
1212 1224 2003 1388 Hochgeehrter Herr Doctor,
1130 1386 2338 1563 In höflicher Beantwortung Ihres Briefes
1152 1490 2414 1651 vom 9. d. M. beehre ich mich Ihnen ganz
1154 1591 2385 1805 ergebenst zu melden, dass die Aufführung
1178 1692 2419 1863 Krer beiden Einakter „Die Efähölin“ und
1194 1795 2442 1947 Paracelnis" im Verein mit den Grillparper¬
1190 1928 2460 2087 schen Freywint. Erther für den nächstmächsten
1205 2038 2449 2201 Dienstag projektiert ist. Die dazu nötige Prote¬
1206 2119 2455 2297 wird also Montag, den 18. d. M. stattfinden.
1236 2243 2471 2378 Nur damit nicht allzu früh von überreifigen
1257 2307 2427 2501 „Forschern“ den Gründe dieser Maszregel
1266 2415 2430 2610 nachgefragt werde, würde diesmal ganz
1269 2539 2415 2730 ausnahmewerse auch das Repertoire
1291 2648 2483 2815 blorz bis zum 18. inclusive ausgegten.
1059 2865 1227 2979 Dr.-Nr. 229.
