3425 3689
880 643 2338 773 fertalen ist. Die ditirte neue
990 727 2321 883 ci, die mich anfangen beim Lesen.
1019 852 2277 1026 feriellées. Je istre et chez dieser
1006 970 2354 1124 seelvier laßetes, dass mehr nachte im
1023 1089 2349 1234 an den Hauptgnant gelegen. Und hier
1001 1203 2380 1353 reichsam dann in Zweifel und Bedenken
995 1317 2273 1469 bis zu einer fissen Überzeugnach.
1008 1427 2334 1583 die Sonstellung im Pragkosten wenn
997 1552 2385 1699 viel tun, einzelne Schwärkeiten, Frinheiten
1047 1676 2367 1807 dertheilen und kräge nach Gebüber
1001 1781 2288 1930 hervorzuhoben aber für wird sie
971 1912 2358 2055 Grundschler xyz verbragen, sondern eher
962 2005 2374 2176 nich offenbaren. Der Dichter ist reicht
889 2132 2361 2271 Ansicht noch nicht zu retten, und nicht
1003 2226 2394 2400 terte Kainz. Der Herzog einer Löchterne¬
981 2349 2264 2494 repräsentirt’ verden, also von
1010 2472 2257 2617 dich viel Reimers der Bitte
990 2576 2288 2729 Aber van Beatrick selbst.
966 2701 2325 2831 In diesen Mitemann meiniges
992 2811 2350 2951 sich gewissermaßen die Rügen und
