3415 3704
1690 640 2379 755 BERene W, den 2. März 1906
963 658 1430 762 HOTEL WINDSOR
1629 712 1889 828 Behrenstr. 64/65.
1047 731 1344 801 OTTO THIESS
979 776 1423 885 FERNSPRECHER I 2298.
1187 880 2097 1067 Sehr geehrter Herr Dr.!
1257 1045 2402 1239 Gestern sah ich die Ruf des Lebens.
966 1206 2361 1378 Amt I hat wir auf mich einer fernen
991 1361 2257 1484 Einträm gemacht. Alles tief ich sein
984 1470 2393 1567 motivirt, oder dem Zusammen wirnen von Smiensalen
988 1531 2355 1683 die Charanterem. der Schreiben, in der
986 1660 2370 1746 besser Teil, begleitet. d. Marie auf ihren
1004 1712 2354 1866 Jung ins reifende Leben. Nie aber soll
982 1812 2357 1947 sie sich nur begleiten, aber sie ist wähnt
1006 1911 2406 2058 der ganzen II. Unter nur stimmes unsielebens
986 2018 2411 2147 Zeugin einer Vorgungs, der mit den Intesten
1009 2090 2386 2230 der I. Antrag gar nicht zu bin hat. Wir
989 2199 2434 2327 verhiern über der hineingestrauten Oberst=Affaire
1013 2293 2420 2440 der Mädchen Jo ganz, daß als sich hinter den
1020 2404 2366 2527 Verhauf wollen wieder erschien, das gestrigen
995 2486 2377 2615 neive Porcirin huzern lacht. Auch
1007 2590 2420 2725 ein sollen Monate laut einbenmal
1031 2678 2416 2803 ergriffen gewesenen Publicum nicht, wenn
1022 2759 2350 2904 dremit ihr und postisch alles stimmt.
