4408 3594
2279 663 2825 768 BERLIN S.W. 21/1 1898
1528 704 1920 823 Dr. Paul Schlenther
2250 748 2564 814 Belle Alliance Platz 6a.
2225 780 2750 883 vom 1. Februar a.o.
2099 843 2824 973 Wien I, Residenz Hotel
1935 1041 2488 1137 Lieber Herr Doctor.
1973 1211 2822 1328 Brahm hat mir Jhren Wunsch be-
1711 1300 2863 1458 treffs des Herrn Goldmann übermittelt und
1702 1410 2699 1544 ich habe ihn an Herrn Chefredakteur
1708 1496 2806 1636 Stephany weitergegeben. Aus Jhnen wohl
1708 1579 2885 1707 bekannten Gründen wird aber die Stelle vor
1717 1683 2822 1819 Beginn der nächsten Theatersaison nicht
1711 1811 2168 1912 besetzt werden.
1865 1871 2829 1989 Jn der Hoffnung, Sie recht bald in
1727 1951 2800 2090 Wien begrüssen zu können und bei einem
1732 2032 2807 2184 Besuch in der Frankgasse mehr Glück zu
1737 2137 2682 2257 haben als vorigen Sommer, bin ich
2124 2231 2724 2354 freundlichst grüssend
2288 2245 2907 2444 Jhr ergebener P. S.
1705 2540 2526 2679 Herrn Dr. Arthur Schnitsler,
2237 2657 2401 2714 en.
2032 2692 2406 2809 Frankgasse 1
