3437 3704
1089 590 1248 663 K. u. k.
961 631 1369 738 DIRECTION
984 734 1362 861 HOF-BURGTHEATERS.
1642 1119 2417 1245 Wien, 2. September 1900.
1342 1278 2097 1401 Verehrter Herr Doctor,
1183 1433 2384 1609 Ich glaube, in meinem letzten Schrei¬
1175 1557 2399 1695 ben vom 16. Juni deutlich und aus¬
1189 1669 2381 1830 führlich genug die Situation gekenn.
1202 1800 2385 1923 zeichnet zu haben. Alles, was diesem
1195 1871 2406 2058 Brief vorangegangen ist, waren Vor¬
1193 1998 2362 2159 verhandlungen, die in ihrer Art
1196 2120 2362 2252 keine bindenden Entrektüre invol¬
1174 2244 2337 2364 vieren. Herrn Sie mich nun
1210 2324 2399 2487 von ein Ratergorisches Ja oder kein
1204 2440 2408 2573 stellen, so bin ich in der Consequent
1210 2556 2297 2716 meines letzten Briefes genötigt,
