3435 3688
1435 1199 1656 1297 Privat
1122 1225 1263 1284 K. u. K.
1080 1239 1329 1326 DIreƆTION
1117 1308 1258 1345 DES K. K.
1034 1324 1340 1392 HOFBURGTHEATERS.
1565 1297 2269 1432 Wien, 15. December 1899.
1051 1427 2199 1571 Min hochverehrter lieber Herr Doctor
1026 1539 2239 1700 Schlenthe hat Ihr Manuarpt heute
1021 1639 2292 1782 Nacht, wie er mir sagt, öusserst eilig durch¬
1002 1701 2298 1873 flogen und noch keine bestimmte und and¬
1018 1785 2306 1976 giltige Eindruck behette. Er wird erst jetzt noch¬
1000 1876 2253 2034 mals andechtsvoll sich in die Lectüre verliesen.
1019 1985 2290 2127 Frie steht aber bei ihm fest: Kainz darf nur
1026 2064 2311 2196 die Rolle des Herzogs pielen, das sei gewiss zum
1034 2152 2310 2284 besten des ganzen Stücks, darüber die sich Schleutter
