3425 3689
1037 1104 2324 1261 DIRECTION DES K. K. HOF-BURGTHEATERS.
810 1278 2004 1440 Verehrtester, lœbste Herr Doctor,
822 1376 2594 1577 Hier ist Abel Hormants „La Meute“ — ungeler,
764 1450 2613 1643 leider, leider, ist bin nicht dazu gelangt u. nome Gattin
774 1555 2659 1761 kann mir bei zu die Hälfte. Ich bin ja zu sch mit leberte
736 1749 1130 1870 überhäuft.
932 1744 2661 1954 Kainx hat Ihre „Beatrice“ nicht geles, er erwartet
733 1873 2632 2038 mit Zuversicht baldigst ein gedrücktes Exemplar. Bitte,
745 1964 2668 2133 sobald sie eines haben, senden he es mir, ich schick es ihm
760 2061 2623 2265 nach, ich habe seine Adresse. Oder wenn es Ihnen lieber ist,
795 2236 1061 2348 J. W. Dr. Nr 467.
