3415 3704
248 1013 1387 1171 des Majors von Tellheim
234 1119 1490 1256 ärzt und Adjunt seinen ganz in
227 1226 1524 1345 der schönen Sentimentalität der 18.
179 1353 1430 1465 Ichsliederts; man kam sich sowes dis
213 1428 1524 1593 biden ihrem praktiffen Berufe nach¬
199 1577 1568 1705 geted denken. Wird das ganze nicht
204 1678 1628 1788 eher wie Litteratur, als wir Leben wirken?
184 1786 1492 1935 Sed fällt wird es die Bühne schl.
192 1901 1451 2019 schwer haben das Stück von deren
197 2033 1439 2157 hohen Vorzuges ich nicht erst zu
206 2105 1499 2270 sprechen braut, durchzusetzen. Für
209 2260 1511 2379 das Burg unter kommt hinzu, daß
220 2340 1609 2462 der Stoff hoikel ist. Bevor ich Sie
208 2442 1621 2570 also Bitte des Stück dem Burgheiter
206 2575 1573 2694 zu überlassen, mußte ich die um Ihres
215 2668 1570 2803 Besetzungsideen bitten und Füllung,
213 2748 1616 2920 mit den Behörden nahmen. Wollen
2575 447 2657 534 1
1791 937 2975 1080 Sie mir gestatten die gefälligste
1715 1062 3085 1181 unterstandten Corresturfahren für diesen
1751 1174 2519 1305 Zweck zu verwenden?
2132 1288 2966 1426 Hochauf und ergeb. k.
2503 1442 3104 1582 h. Seilentzel
