3440 3720
1452 1046 2259 1209 Sehr geehrter Herr Doktor!
1335 1248 2459 1367 Auf Ihr gefälliges Schreiben vom 19. Mts.
1328 1319 2477 1458 erwidere ich ganz ergebenst, daß es mir
1340 1409 2481 1549 sehr leid thut, in der nächsten Zeit ein neues
1324 1503 2455 1603 Stück von Ihnen nicht erhalten zu können.
1353 1566 2438 1724 Einer Wiederaufnahme des "Paracelsus"
1351 1655 2462 1796 steht nicht das geringste im Wege. Jedoch
1345 1747 2509 1855 würde es sich wol um Neubesetzung einiger
1350 1829 2449 1942 sollen handeln und ich erbitte mir hiefür
1351 1907 2464 2045 Ihren gefälligen Vorschlag. Betreffs der
1366 1972 2526 2107 "Lebendigen Stunden werde ich mich Anfang
1348 2089 1907 2211 September äußern.
1337 2162 2162 2296 Mit vorzüglicher Hochachtung
2004 2289 2360 2402 ergebenst
1029 2413 1637 2574 Wien, am 20. Juni 1907
1985 2400 2536 2550 P. Sczlenk
1287 2643 1407 2753 An
1246 2699 1945 2886 Herrn d. Arthur Schnitzler
2240 2759 2455 2884 Wien
