3437 3704
1600 1197 2287 1352 Wien, 30. Oktober 1905.
1135 1357 2051 1499 Verehrter Herr Doktor Schnitzler,
1076 1552 2371 1728 Herr Direktor Schnitzler beauftragt mich Ihnen
1074 1660 2383 1874 in Anlehnung an unser letztes Gespräch mitzu¬
1073 1820 2364 1967 teilen, dass er am liebsten warten möchte, bis
1073 1925 2404 2083 Ihr neues Drana »Der Ruf des Lebens im Druck
1079 2044 2418 2191 erschienen ist, wofen hi die baldige Drucklegung.
1074 2175 2384 2359 beabsichtigen. Herr Direktor Sehlenther findet
1069 2297 2426 2485 nämlich, dass das ihm vorliegende Marchinen¬
1078 2453 2396 2632 schrifteremplar schwer Erbar sei, weil es stark
1093 2558 2404 2748 verwischt ist. Im übrigen einmal Her do¬
1099 2709 2313 2872 rektor Schlenther an, dass die Zeitungs¬
