3440 3720
1096 548 1458 794 Schleutt
1796 1097 2391 1233 Wien, 7. zum 1908.
1471 1325 2175 1473 Verehrter Herr Doktor,
1297 1435 2601 1637 Ich hätte Sie in Angelegenheiten Ihrer "Liebelei
1278 1561 2557 1799 gerne gesprochen, konnte Ihrer aber nicht
1299 1674 2585 1889 habhaft werden. Ich höre, hie Rehren Dienstag
1292 1832 2576 2011 wieder nach Kien zurück. Vielleicht rufen
1294 1942 2591 2142 Le mich demnächst einmal telefonisch
1286 2063 2591 2285 (Z. 17616) auf oder, felle Sie der Weg.
1297 2207 2619 2411 am Burgtheater vorbeiführt, thun Sie mir
1312 2370 2567 2535 die Freide, für einen Augenblick sich
