3440 3720
1032 607 1883 888 Rosenbau Schleusi
1657 1186 2244 1325 Wien, 18. Juni 1908.
1327 1401 2244 1566 Verehrter Herr Doktor Schnitzler,
1247 1546 2477 1707 Ich habe Herrn Direktor Schlenther Ihren Vorschlag
1237 1687 2481 1849 betrefft des Einktarebends: „Tuppengworen“ – Leben¬
1244 1827 2516 1984 dazu Stunden unterbreitet. Herr Direktor Schlen¬
1247 1905 2522 2074 ther ist der Sache bereits nahe getreten und erbiet
1252 1987 2535 2200 hit over Ihnen möglichst bald einen vollständigen
1248 2171 2538 2304 Rottenbesetzungsankwurf für alle fünf knikter.
1274 2279 2513 2439 Sie haben also wol die Güte, das möglichst bald zu
1266 2468 1566 2591 veranlassen.
1546 2466 2519 2601 Die Liebelei“ – Sache wird anhandeles,
1258 2567 2450 2724 erledigt werden. Nacholge einer Erkrankung des
