3440 3720
1827 645 2509 753 Wien 28.4.8
1415 1066 2417 1211 Herrn Dr. Arthur Schnitzler
1905 1155 2391 1297 i. z. Riva
1248 1289 2165 1447 Sch geehrter Herr Doctor
1569 1361 2455 1523 Von der Komterre Mitzi
1229 1484 2591 1648 habe ich einer ganz directeischen Eindrän¬
1248 1596 2542 1761 empfergen. Auch glaub. ich, das einz
1282 1702 2569 1854 Vorstellung im Burgtheter der Einträge.
1241 1822 2553 1969 im Namentliches verstorben konnte. Nur
1304 1952 2461 2087 der Prof. Wiederlofer wird auf den
1282 2030 2511 2170 Bühre fatal wirxen, soll in vie
1295 2140 2523 2280 dem kleinen Stück sagen möchte:
1312 2226 2582 2386 desinit in piscen mulid fornosen
1275 2368 2633 2525 superne. die reizendste Figur ihr der
1304 2484 2592 2629 gungen Philipp. Aber ob die Ausur¬
1339 2565 2618 2724 das Stüc wird passieren lassen?
1344 2685 2648 2835 Ihn bitte im Zeit mich darauf
1334 2770 2528 2935 zu erkundigen. Seite überfahr
