3415 3704
928 1124 2244 1284 DIREKION DES K. K. HOF-BURGTHEATERS
907 1240 1852 1358 Sehr geehrter Herr N.
2099 1234 2187 1326 5
874 1332 2503 1482 Es ist hern ziembrn lage her, daß ich Leb. St.
825 1440 2478 1591 gelesen habe, wurde sie wol die Freundenreich¬
850 1505 2545 1638 haben, mir ein Bäde in die Ferien mitzugeben.
840 1617 2457 1718 und mir zu gefallen, dass ich Ihr. Familie
853 1671 2509 1796 Aufrage bis zum 1. Sept. beantworten. In könig
846 1739 2446 1882 im Juni nicht mehr dazu, und im Fäli ist.
863 1808 2499 1934 mir abschite Abstärz in Kertrolibus ver¬
871 1888 2497 2021 arbeit. Vielleicht lege die auch sein zweite
920 1964 2558 2101 darauf, daß ein solches Einfügung ins Repubir¬
899 2048 2520 2221 saren 1907/8 gescholig. Dich. dieser dürfte an
1623 2158 1724 2278 +
684 2179 1046 2301 J. W, — Form.-Nr. 202.
