<?xml version="1.0" encoding="UTF-8" standalone="yes"?>
<PcGts xmlns="http://schema.primaresearch.org/PAGE/gts/pagecontent/2013-07-15" xmlns:xsi="http://www.w3.org/2001/XMLSchema-instance" xsi:schemaLocation="http://schema.primaresearch.org/PAGE/gts/pagecontent/2013-07-15 http://schema.primaresearch.org/PAGE/gts/pagecontent/2013-07-15/pagecontent.xsd">
    <Metadata>
        <Creator>prov=READ-COOP:name=TrHtr:version=2.1.0:model_id=51170:date=25_07_2023_10:44</Creator>
        <Created>2023-05-02T07:48:37.896+02:00</Created>
        <LastChange>2023-07-25T10:44:20.122+02:00</LastChange>
        <TranskribusMetadata docId="1416713" pageId="54951029" pageNr="58" tsid="130599404" status="IN_PROGRESS" userId="64420" imgUrl="https://files.transkribus.eu/Get?id=KLEJVSHFMKPXFMYHKZYNEQHD&amp;fileType=view" xmlUrl="https://files.transkribus.eu/Get?id=PEMJAXHPULBNEPMYTMPLNEQH" imageId="44454755"/>
    </Metadata>
    <Page imageFilename="1416713_0058.jpg" imageWidth="3415" imageHeight="3704">
        <ReadingOrder>
            <OrderedGroup id="ro_1711828659872" caption="Regions reading order">
                <RegionRefIndexed index="0" regionRef="tr_2"/>
                <RegionRefIndexed index="1" regionRef="tr_1"/>
            </OrderedGroup>
        </ReadingOrder>
        <TextRegion id="tr_2" custom="readingOrder {index:0;}">
            <Coords points="990,633 2354,633 2354,1505 990,1505"/>
            <TextLine id="tr_2_tl_1" custom="readingOrder {index:0;}">
                <Coords points="1664,725 1750,730 1811,764 1909,747 1947,773 2151,730 2348,735 2351,627 2247,626 2216,648 2086,612 1940,658 1885,624 1793,644 1667,622"/>
                <Baseline points="1674,701 1683,704 1728,704 1772,704 1817,707 1862,704 1907,704 1951,704 1996,701 2041,701 2086,698 2131,698 2175,698 2220,695 2265,689 2310,686 2354,683"/>
                <TextEquiv>
                    <Unicode>Wien, 2. Nov. 1905.</Unicode>
                </TextEquiv>
            </TextLine>
            <TextLine id="tr_2_tl_2" custom="readingOrder {index:1;}">
                <Coords points="1314,860 1354,864 1380,853 1388,857 1397,850 1417,850 1422,855 1433,847 1441,850 1452,841 1465,841 1469,778 1433,769 1407,785 1402,778 1369,766 1354,778 1338,781 1320,776"/>
                <Baseline points="1325,826 1337,820 1381,820 1426,817 1471,814"/>
                <TextEquiv>
                    <Unicode>DIRECTION</Unicode>
                </TextEquiv>
            </TextLine>
            <TextLine id="tr_2_tl_3" custom="readingOrder {index:2;}">
                <Coords points="980,864 991,864 1006,852 1021,855 1066,847 1087,828 1112,835 1111,739 1078,728 1063,744 1044,751 1021,740 1009,744 991,728 979,727"/>
                <Baseline points="990,832 1035,832 1080,835 1116,832"/>
                <TextEquiv>
                    <Unicode>K.u.k.</Unicode>
                </TextEquiv>
            </TextLine>
            <TextLine id="tr_2_tl_4" custom="readingOrder {index:3;}">
                <Coords points="1003,936 1085,943 1107,925 1164,943 1206,927 1272,958 1417,973 1419,853 1148,888 1131,871 1088,879 1057,847 1004,853"/>
                <Baseline points="1014,907 1020,910 1065,907 1110,907 1155,907 1199,904 1244,907 1289,907 1334,904 1378,901 1423,898"/>
                <TextEquiv>
                    <Unicode>K.K.HOFBURGTHEATERS</Unicode>
                </TextEquiv>
            </TextLine>
            <TextLine id="tr_2_tl_5" custom="readingOrder {index:4;}">
                <Coords points="1124,1059 1472,1114 1827,1085 1890,1049 1967,1087 2209,1039 2209,1011 1914,979 1846,1016 1460,1004 1299,1047 1230,997 1126,1032"/>
                <Baseline points="1134,1059 1140,1059 1184,1059 1229,1059 1274,1062 1319,1059 1364,1056 1408,1056 1453,1053 1498,1053 1543,1050 1587,1047 1632,1044 1677,1041 1722,1044 1766,1044 1811,1044 1856,1041 1901,1041 1946,1044 1990,1041 2035,1038 2080,1035 2125,1032 2169,1029 2214,1029"/>
                <TextEquiv>
                    <Unicode>Sehr geehrter Herr Doctor.</Unicode>
                </TextEquiv>
            </TextLine>
            <TextLine id="tr_2_tl_6" custom="readingOrder {index:5;}">
                <Coords points="1157,1280 1532,1304 1604,1349 1858,1272 1928,1313 2269,1302 2331,1282 2334,1128 2214,1114 2084,1194 1892,1225 1158,1236"/>
                <Baseline points="1167,1274 1172,1271 1217,1274 1262,1274 1307,1271 1352,1268 1396,1265 1441,1265 1486,1268 1531,1271 1575,1268 1620,1265 1665,1265 1710,1262 1754,1259 1799,1259 1844,1256 1889,1256 1934,1256 1978,1256 2023,1253 2068,1253 2113,1253 2157,1253 2202,1250 2247,1250 2292,1247 2337,1247"/>
                <TextEquiv>
                    <Unicode>den Ruf des Lebens habe ich einer</Unicode>
                </TextEquiv>
            </TextLine>
            <TextLine id="tr_2_tl_7" custom="readingOrder {index:6;}">
                <Coords points="1013,1433 1292,1445 1433,1381 1626,1407 1784,1373 1913,1376 1986,1424 2144,1362 2243,1383 2245,1326 1715,1318 1572,1361 1189,1373 1015,1344"/>
                <Baseline points="1023,1384 1038,1384 1083,1390 1128,1393 1172,1390 1217,1387 1262,1387 1307,1384 1352,1384 1396,1384 1441,1381 1486,1381 1531,1381 1575,1378 1620,1372 1665,1372 1710,1372 1754,1372 1799,1372 1844,1369 1889,1369 1934,1366 1978,1364 2023,1364 2068,1364 2113,1364 2157,1361 2202,1361 2247,1361"/>
                <TextEquiv>
                    <Unicode>ganz gelesen. im Zusammenhang mit</Unicode>
                </TextEquiv>
            </TextLine>
            <TextLine id="tr_2_tl_8" custom="readingOrder {index:7;}">
                <Coords points="984,1496 1088,1530 1630,1481 2039,1496 2250,1484 2252,1445 1995,1417 1885,1464 1705,1424 984,1450"/>
                <Baseline points="993,1489 1002,1489 1047,1495 1092,1495 1137,1495 1181,1495 1226,1495 1271,1495 1316,1495 1361,1492 1405,1492 1450,1492 1495,1489 1540,1486 1584,1486 1629,1480 1674,1480 1719,1480 1763,1477 1808,1477 1853,1474 1898,1474 1943,1474 1987,1471 2032,1468 2077,1468 2122,1465 2166,1462 2211,1462 2256,1459"/>
                <TextEquiv>
                    <Unicode>den beiden ersten Anton aus den</Unicode>
                </TextEquiv>
            </TextLine>
        </TextRegion>
        <TextRegion id="tr_1" custom="readingOrder {index:1;}">
            <Coords points="990,1537 2408,1537 2408,2842 990,2842"/>
            <TextLine id="tr_1_tl_1" custom="readingOrder {index:0;}">
                <Coords points="1004,1616 2326,1613 2339,1524 2216,1563 1798,1534 1673,1584 1398,1546 1006,1594"/>
                <Baseline points="1014,1611 1044,1611 1089,1611 1134,1608 1178,1608 1223,1608 1268,1608 1313,1608 1358,1608 1402,1608 1447,1605 1492,1602 1537,1602 1581,1599 1626,1599 1671,1596 1716,1590 1760,1590 1805,1587 1850,1587 1895,1587 1940,1587 1984,1587 2029,1587 2074,1587 2119,1587 2163,1590 2208,1587 2253,1587 2298,1587 2342,1587"/>
                <TextEquiv>
                    <Unicode>dritten. Oberst das Stim. Mitts den 19.</Unicode>
                </TextEquiv>
            </TextLine>
            <TextLine id="tr_1_tl_2" custom="readingOrder {index:1;}">
                <Coords points="984,1745 2255,1709 2350,1700 2351,1643 2084,1643 2026,1685 1736,1640 1422,1690 985,1673"/>
                <Baseline points="993,1728 1011,1728 1056,1725 1101,1728 1146,1725 1190,1725 1235,1725 1280,1722 1325,1719 1369,1716 1414,1719 1459,1719 1504,1719 1549,1713 1593,1713 1638,1710 1683,1710 1728,1710 1772,1707 1817,1704 1862,1701 1907,1701 1951,1698 1996,1698 2041,1698 2086,1698 2131,1695 2175,1692 2220,1692 2265,1692 2310,1692 2354,1689"/>
                <TextEquiv>
                    <Unicode>Inhundert grilte, habe ich mich vielmehr</Unicode>
                </TextEquiv>
            </TextLine>
            <TextLine id="tr_1_tl_3" custom="readingOrder {index:2;}">
                <Coords points="980,1849 1417,1823 1585,1865 1700,1817 2029,1810 2192,1858 2315,1846 2319,1781 2149,1753 1945,1796 1796,1760 1558,1801 1364,1765 1273,1810 982,1796"/>
                <Baseline points="990,1832 1020,1835 1065,1835 1110,1832 1155,1832 1199,1832 1244,1832 1289,1823 1334,1823 1378,1823 1423,1820 1468,1820 1513,1820 1558,1817 1602,1817 1647,1814 1692,1811 1737,1811 1781,1811 1826,1811 1871,1811 1916,1811 1960,1808 2005,1808 2050,1805 2095,1805 2140,1802 2184,1799 2229,1802 2274,1802 2319,1799"/>
                <TextEquiv>
                    <Unicode>in die Mitte des 28 „ versetzt je</Unicode>
                </TextEquiv>
            </TextLine>
            <TextLine id="tr_1_tl_4" custom="readingOrder {index:3;}">
                <Coords points="999,1969 1619,1928 1846,2000 1995,1919 2303,1914 2338,1868 1611,1871 1556,1916 1263,1926 1001,1901"/>
                <Baseline points="1008,1940 1044,1946 1089,1943 1134,1943 1178,1940 1223,1943 1268,1940 1313,1940 1358,1940 1402,1937 1447,1937 1492,1934 1537,1931 1581,1931 1626,1928 1671,1928 1716,1925 1760,1925 1805,1925 1850,1925 1895,1925 1940,1922 1984,1919 2029,1916 2074,1916 2119,1913 2163,1913 2208,1910 2253,1907 2298,1901 2342,1898"/>
                <TextEquiv>
                    <Unicode>fühlte. vor der Wutherzeit; besonders</Unicode>
                </TextEquiv>
            </TextLine>
            <TextLine id="tr_1_tl_5" custom="readingOrder {index:4;}">
                <Coords points="1004,2074 1546,2043 1729,2087 1942,2034 2182,2050 2248,2027 2248,1983 2039,1976 1937,2014 1793,1979 1717,2019 1431,1981 1362,2026 1006,2022"/>
                <Baseline points="1014,2053 1044,2053 1089,2053 1134,2047 1178,2050 1223,2050 1268,2050 1313,2044 1358,2041 1402,2044 1447,2044 1492,2044 1537,2041 1581,2041 1626,2035 1671,2035 1716,2035 1760,2038 1805,2038 1850,2038 1895,2038 1940,2035 1984,2032 2029,2029 2074,2026 2119,2029 2163,2026 2208,2026 2253,2023"/>
                <TextEquiv>
                    <Unicode>war die stilisirten Sprane betrifft</Unicode>
                </TextEquiv>
            </TextLine>
            <TextLine id="tr_1_tl_6" custom="readingOrder {index:5;}">
                <Coords points="1049,2176 2027,2149 2214,2199 2351,2156 2353,2092 2230,2070 1964,2125 1655,2082 1501,2135 1051,2104"/>
                <Baseline points="1059,2163 1104,2160 1149,2160 1193,2157 1238,2157 1283,2157 1328,2157 1372,2154 1417,2151 1462,2151 1507,2145 1552,2143 1596,2143 1641,2145 1686,2143 1731,2143 1775,2143 1820,2143 1865,2143 1910,2137 1954,2140 1999,2140 2044,2140 2089,2137 2134,2137 2178,2134 2223,2131 2268,2131 2313,2131 2357,2128"/>
                <TextEquiv>
                    <Unicode>deren reiche Wortfülle der heutige</Unicode>
                </TextEquiv>
            </TextLine>
            <TextLine id="tr_1_tl_7" custom="readingOrder {index:6;}">
                <Coords points="1049,2293 1287,2327 1556,2260 1837,2319 2175,2242 2360,2260 2362,2192 2247,2211 2137,2171 2051,2226 1803,2197 1724,2243 1198,2204 1051,2233"/>
                <Baseline points="1059,2280 1065,2277 1110,2277 1155,2274 1199,2271 1244,2271 1289,2271 1334,2268 1378,2268 1423,2265 1468,2262 1513,2259 1558,2259 1602,2259 1647,2259 1692,2259 1737,2259 1781,2256 1826,2253 1871,2250 1916,2250 1960,2250 2005,2247 2050,2247 2095,2241 2140,2241 2184,2241 2229,2241 2274,2241 2319,2241 2363,2241"/>
                <TextEquiv>
                    <Unicode>Stadpieler vor dem Leutgen Publicum</Unicode>
                </TextEquiv>
            </TextLine>
            <TextLine id="tr_1_tl_8" custom="readingOrder {index:7;}">
                <Coords points="1009,2442 1436,2442 1835,2372 2045,2430 2236,2358 2380,2365 2382,2326 1743,2300 1503,2360 1011,2370"/>
                <Baseline points="1020,2393 1044,2396 1089,2393 1134,2390 1178,2390 1223,2390 1268,2387 1313,2387 1358,2384 1402,2381 1447,2381 1492,2375 1537,2372 1581,2375 1626,2375 1671,2375 1716,2375 1760,2372 1805,2366 1850,2366 1895,2366 1940,2363 1984,2360 2029,2360 2074,2357 2119,2357 2163,2357 2208,2357 2253,2357 2298,2357 2342,2357 2387,2357"/>
                <TextEquiv>
                    <Unicode>Außerordentlich schwer bewältigen wird.</Unicode>
                </TextEquiv>
            </TextLine>
            <TextLine id="tr_1_tl_9" custom="readingOrder {index:8;}">
                <Coords points="1028,2514 1548,2490 1681,2548 1841,2490 1966,2555 2158,2509 2387,2523 2408,2427 1973,2406 1892,2454 1537,2478 1397,2434 1280,2482 1030,2449"/>
                <Baseline points="1038,2489 1065,2492 1110,2492 1155,2495 1199,2498 1244,2498 1289,2492 1334,2495 1378,2495 1423,2495 1468,2495 1513,2492 1558,2489 1602,2489 1647,2489 1692,2486 1737,2489 1781,2486 1826,2483 1871,2480 1916,2474 1960,2474 2005,2474 2050,2471 2095,2471 2140,2471 2184,2471 2229,2471 2274,2474 2319,2477 2363,2480 2408,2483"/>
                <TextEquiv>
                    <Unicode>manche Sienen empfinde ich als bewusten</Unicode>
                </TextEquiv>
            </TextLine>
            <TextLine id="tr_1_tl_10" custom="readingOrder {index:9;}">
                <Coords points="1059,2656 1350,2670 1805,2598 1907,2648 2194,2646 2392,2615 2396,2555 2218,2504 2009,2562 1721,2540 1477,2593 1063,2547"/>
                <Baseline points="1071,2611 1101,2611 1146,2617 1190,2614 1235,2611 1280,2608 1325,2608 1369,2611 1414,2611 1459,2608 1504,2605 1549,2605 1593,2605 1638,2599 1683,2599 1728,2599 1772,2596 1817,2593 1862,2590 1907,2584 1951,2587 1996,2581 2041,2581 2086,2578 2131,2578 2175,2575 2220,2572 2265,2575 2310,2578 2354,2581 2399,2584"/>
                <TextEquiv>
                    <Unicode>Trotz gegen die dramatissen Präcision.</Unicode>
                </TextEquiv>
            </TextLine>
            <TextLine id="tr_1_tl_11" custom="readingOrder {index:10;}">
                <Coords points="1040,2716 1162,2768 1272,2723 1825,2704 1966,2768 2074,2696 2379,2708 2396,2655 1854,2637 1774,2673 1568,2637 1225,2703 1042,2655"/>
                <Baseline points="1050,2710 1053,2710 1098,2713 1143,2716 1187,2716 1232,2713 1277,2716 1322,2716 1366,2716 1411,2713 1456,2710 1501,2710 1546,2713 1590,2710 1635,2710 1680,2710 1725,2704 1769,2701 1814,2698 1859,2698 1904,2698 1949,2695 1993,2695 2038,2695 2083,2692 2128,2686 2172,2686 2217,2686 2262,2686 2307,2686 2351,2686 2396,2689"/>
                <TextEquiv>
                    <Unicode>Aich die blauen Kürassiert wirken</Unicode>
                </TextEquiv>
            </TextLine>
            <TextLine id="tr_1_tl_12" custom="readingOrder {index:11;}">
                <Coords points="1020,2835 1112,2871 1417,2821 1546,2867 1811,2814 1964,2850 2329,2814 2332,2740 1846,2775 1743,2713 1520,2797 1320,2757 1020,2793"/>
                <Baseline points="1029,2832 1035,2832 1080,2832 1125,2829 1169,2823 1214,2823 1259,2823 1304,2820 1349,2823 1393,2823 1438,2820 1483,2820 1528,2820 1572,2817 1617,2811 1662,2811 1707,2808 1752,2808 1796,2808 1841,2805 1886,2805 1931,2802 1975,2805 2020,2805 2065,2802 2110,2802 2154,2802 2199,2799 2244,2796 2289,2793 2334,2787"/>
                <TextEquiv>
                    <Unicode>auf mich die Regimentskamerode</Unicode>
                </TextEquiv>
            </TextLine>
        </TextRegion>
    </Page>
</PcGts>
