3437 3704
657 404 805 486 K. und k.
1903 380 2062 533 P.S.
528 444 940 568 DIRECTION
668 517 797 578 des k. k.
541 544 916 663 HOF-BURGTHEATERS.
615 663 961 795 3.1053
940 977 2640 1111 Auf Ihre gefällige Zuschrift vom 24. d. M.
821 1088 2775 1222 erlaubt sich die gefertigte Direction ganz erge¬
821 1206 2740 1278 benst zu erwidern, daß nach § 5 des Santirme¬
821 1265 2785 1352 Reverses der Autor das Recht hat, der Direction
797 1346 2790 1447 das ausschließliche Aufführungsrecht mit einer Frist
531 1444 676 1513 8br.
800 1431 2790 1547 von zwei Monaten zu kündigen, falls das betreffende
523 1521 647 1618 votre
789 1515 2806 1634 Stück seit zwei Jahren nicht zur Wiederholung gelangt
797 1581 2880 1705 ist. Erst wenn dann innerhalb der Frist von zwei Monaten
758 1687 2867 1766 das Stück nicht wiederholt worden wäre, so steht es dem
766 1758 2888 1880 Autor frei, die Aufführung des Stückes auch anderer
808 1859 2883 1954 Theatern in Wien oder dessen Polizeivayon zu gestatten,
882 1946 2886 2043 Hiernach steht Euer Hochwohlgeboren das Recht nicht
810 2004 2088 2136 zu Ihre Stücke „zurückzuziehen.“
504 2107 642 2186 G.C.P.
929 2086 2806 2210 Die gefertigte Direction stellt Ihnen Ihr dreiertiges
528 2167 639 2270 xx
808 2173 2777 2289 Schaußiel „Das Vermächtnis“, das zuletzt am 31. Mai 1899 mit
816 2265 2798 2342 einer Tagebeinnahme von 672 Kronen gegeben worden ist,
826 2323 2798 2413 unter Verzicht auf alle ihre Rechte zur freien Versü¬
810 2431 2722 2513 gung, ist aber nicht in der Lage, Ihnen die
805 2487 2849 2598 Aufführung Ihres dreinktigen Schauspiels „Liebelii“
805 2574 2809 2680 und Ihres einäftigen Schauspiels, Die Gepährtin auch
797 2632 2835 2761 für andere Wiener Bühnen zu gestatten. Beide Stücke
800 2717 2856 2796 werden an ein- und demselben Abend in allernächster
789 2788 2841 2899 Zeit wieder zur Aufführung gelangen, der Umstand
776 2886 2703 2986 daß „Liebelii“ seit dem 7. November 1900 nicht
517 3213 681 3371 Dr.-Nr. 428.
