3394 3688
600 780 2490 932 vom 5. März d. J. diese mündliche Mittheilung
592 852 2482 1012 bestätigt habe und daß dann am 16. April die
595 962 2535 1058 eintliche Zuschrift an Fräulein Metzl abgegon¬
575 1018 2495 1188 gen ist. Einer Schauszielerin vom Lange des
592 1088 2582 1262 Fräulein Metzl, die so vornehme und gewichtige
598 1165 2550 1330 Fürsprecher hat, kann es unmöglich fehlen, sich
608 1255 2585 1375 von Ende Februar ab für die nächstfolgende
598 1325 2608 1452 Saison ein neues Engagement zu verschaffen,
592 1410 2548 1532 das ihrer würdig ist und ihren gerechten
578 1508 1505 1632 Ansprüchen genügt.
738 1558 2280 1735 Mit ausgezeichneter Hochachtung
1408 1662 2320 1810 ganz ergebenst
1795 1835 2422 2005 Dr. Schlenthes
598 2655 1510 2828 An die Herren
570 2742 1872 2910 Dr. Arthur Schnitzler und
550 2875 1992 3005 Dr. Huge von Hofmannsthal
