3435 3688
690 416 870 491 K. und k.
1552 441 1678 579 P.S.
562 431 1427 584 DIPr C T I C J C J J J U J II
2111 416 2314 547 H.C.F.P.
722 524 850 582 des k. k.
599 569 980 685 HOF-BURGTHEATERS.
652 629 960 792 Z. 847
975 930 2327 1116 Sehr geehrter Herr Doctor!
1081 1196 2874 1399 Laut hohen Erlass der k. und k. General-
870 1339 2861 1477 Intendanz der k.k. Hoftleater vom 24. Novem¬
858 1437 2828 1587 ber ist Ihrem im gefälligen Schreiben vom 9.
848 1545 2818 1708 November ausgesprochenen Verlangen, das
860 1678 2801 1793 Verfügungsrecht über Ihren Einacter, der
853 1735 2866 1911 grüne "Kakadu" wieder zu erlangen, entspro¬
860 1835 2821 1991 chen worden. Was die beiden anderen Ein¬
848 1938 2803 2109 acter betrifft, so habe ich die Absicht, sie zu¬
850 2041 2849 2204 sammen mit dem Grillparzer’schen Esther - Frag¬
840 2154 2849 2289 ment zu geben, und zwar in dieser Reihen¬
827 2224 2761 2402 folge: Esther, Die Gefährtin, Paracelsus.
858 2339 2786 2505 Herr Kainz wurde dann an diesem Abend
845 2447 2761 2620 zwei Rollen spielen, den Grillparzer’schen
890 2540 2753 2716 König und Ihren Paracolsus und ich hoffe
843 2665 2851 2838 damit einen interessanten, zugkräftigen Burg¬
815 2756 1891 2929 theaterabend zu schaffen.
504 3182 627 3368 Dr.-Nr. 20
