3415 3704
1796 702 3125 870 Seine zwischen dem Espadjecale, den
259 814 1574 925 Was die Darstellung betrifft, so haben
1753 870 3010 971 eint mehr Ritter pielt, wie der
241 877 1553 987 Frere und Albreich allerdings viel gar
1739 927 3086 1037 kapfte war gehören ein höchst gefährten.
220 978 1512 1108 welch. aber Max war sehr brev, und
1776 1025 3063 1154 Gedildprobes. Die spiele der Kindern
220 1071 1500 1211 Besammen, der ich sonst für überhätze
1780 1127 3136 1250 auf die Wiese wunder nicht verstanden.
229 1168 1567 1324 holte, hielt die geführterte Stimme v. ganz
1769 1216 3132 1336 K. Harina, allerdings ganz biletten: Ich doch flekte,
211 1271 1476 1420 außerordentlich fest aufsass. Er hat mich
1783 1315 3061 1436 blieb. eindränglich. Gericht hat mir
211 1404 1521 1507 von allen darstellen gethan am meißen
1787 1402 3097 1549 der praentvolle Notäsbetrei der Eliz.
234 1480 1562 1558 interessirt. Und doch, was giest alle
1783 1505 3125 1632 Lehmen, die dadurch die ganze übrige
229 1563 1524 1687 Oberst ärfere arne. Mein an die
1797 1620 3004 1716 Darstelang in Schotten stellte. Aber¬
230 1636 1583 1760 der Stück ist. Die allen Effenten und Sporre¬
1783 1693 3063 1780 sehr geehrter Herr Doctor. d. J. I.
202 1714 1496 1886 ment deja II. Unk. yedem III. Amt
1762 1813 3134 1909 Amt ist nicht bührenfällig zu meinem.
211 1877 1514 1992 das Leben schwer, der – jedoch III. Auch
1780 1872 3063 1994 dann möchte ich Sie bitten, von
1221 1991 1606 2088 zu ist mußen.
204 1969 1159 2100 fände in in seinem Interessen
1780 1960 2985 2109 der Aufführung daher so mässig
1182 2040 1335 2106 wils
1778 2047 3144 2193 anlebenden Stücken im Dürztheater
204 2056 1562 2185 verstörter Publicum, das nicht in einem
1776 2166 2173 2283 abzusehen.
195 2155 1579 2288 Gefühl getroffen ist, sondern sie in seinen
207 2272 1597 2391 Nürn beurrähigt. Ende nie kommt ein
1927 2313 2673 2443 Hochwegende und
202 2372 1608 2471 ganz Christes Amte, dessen diebeiteten
213 2437 1617 2558 Serinheit sich die Bühne ganz versagt,
222 2551 1588 2643 Der Burghertel könnte für dieser Art
2591 2503 3038 2723 Schleuthung
191 2630 1542 2788 mehr bin, als hier getan würde, aber
172 2714 1597 2866 retten kann es ihm auch nicht. Die langs
