3427 3671
946 744 1473 846 K. K. Ministerium des Aenssern.
1032 827 1364 934 selben Literarisches Bureau.
1683 829 2022 1015 Dienstag
910 1007 2073 1197 Sehr presenten Herr Director.
1009 1164 2181 1325 Sie finitre ici der Anlage ein Vor¬
912 1263 2193 1468 zeichniß jener Striche mit Ab¬
912 1431 2197 1556 anstrungres, die an ihre "gremenie
898 1519 2161 1644 Kostaris noch voorgenommene
888 1598 2153 1759 xx müßten, damit es eine
886 1731 2229 1875 möglich kennte, vom Standpunkte der
876 1832 2239 2005 länger der Aufführung des Stückes
895 1959 2214 2107 im Hofburgtsnatro zwischen Stimmen
907 2053 2195 2237 Faleslich Sr. Schnitzler dazu ersteht.
868 2209 2042 2326 Was ich sehr vereischnie zum
886 2265 2107 2468 habe, die wollwe ist die Güte
888 2395 2190 2556 mit ilec und boron Plaprait
