3427 3671
1035 817 1161 864 K. u. K.
990 849 1224 902 DIRECTION
1518 817 2168 973 Wien, 6. III. 1899.
1028 885 1178 922 DES K. K.
945 902 1266 1007 HOFBURGTHEATERS.
1078 960 2209 1096 Verehrtesten Herrn Doktor Ich hätte die
2080 1080 2248 1196 wenn
929 1081 2060 1213 so gerne gesprochen Leute vormittags,
922 1183 1982 1311 Sind Sie so eiligst darangegangen
934 1271 2180 1405 Ich wollte hi sehr bitten ein wenigsten die
935 1397 2223 1503 „Ininen Katladu“ genau mit den glenken
932 1459 2236 1603 Stricher zu versche u. so einzurichte, wie sie des
955 1533 2246 1694 gütigst für Hofrat Jettel gethan habe. Wettlern
955 1658 2241 1748 Baron Rapport wünscht nun von um auch
949 1691 2284 1822 selch ein wünsche. Und das können nun mir die
2268 1844 2366 1957 G.C.P.
1106 2018 1234 2083 K. u. K.
1060 2068 1299 2128 DIRECTION
1680 2028 2258 2173 Wien, 21. März 1829.
1106 2106 1234 2145 DES K. K
1027 2110 1324 2211 HOFBURGTHEATERS.
1086 2141 2266 2307 Hochverehrter von Doktor, Sie heben wol
988 2239 2284 2379 vergern mit Frau Minnel wegen der Brim¬
997 2341 2274 2459 Hofmeister – Streichung sich im Einvernehmen
993 2420 2258 2548 zu setzen? Ich bitte hie im Namen meines
983 2500 2301 2653 Chefs secht sehr, so rasch als möglich dies nech¬
1000 2575 2279 2748 trage zu wollen. Frl. Brian ist auf geschikt
1013 2645 2314 2776 verlaub, die Rolle voll nicht anders beretzt werden.
997 2758 2213 2901 auf die Hofmeisters zu fallen. Vielleicht
1030 2831 2218 2980 fällt Ihnen ein netter Strichen, im
1017 2907 2032 3048 genielen, wie in Lindaum „befolg“.
