3425 3689
1175 639 2143 737 Lieber Dr. Schnigler! Anbei der
1170 678 2149 775 Reinblat meines ersten fläutiges
1177 716 2177 847 durch zu arbeitung. Hier alle meine Strichs¬
1178 803 2158 901 sint mir selbst paar zweifelöhne. Am
1177 832 2184 942 strittigsten wol die Wegleit des Andren.
1173 880 2140 998 Freundheptlich vernen mocht’ ich Sie
1153 913 2197 1052 vor dem deutschen Pherter das Rühmung
1125 967 2188 1120 jezigen Personale - ohne Kainz v. Sorme -
1129 1044 2173 1150 der Kirchenaufgabe nicht gewachs - ist.
1132 1077 2129 1218 betrifft wurde ich die Postaufführung
1143 1133 2090 1261 am Burgth zur Vorbedingung des
1158 1203 2166 1309 Annahme machen. Sie glaube: nur
1161 1240 2185 1367 die Burgk. keine dieses Stück spielen.
1170 1602 2127 1711 Verehrter Herr Dr.! Zum dritten Mal
1153 1654 2198 1761 möchte ich mich dieser Tage an das Studi¬
1157 1713 2211 1831 Ihrer Stümer und ich bitte die freundlunge
1147 1779 2198 1921 Ihre hart auf die Probe gepelte Geduld
1145 1830 2084 1958 mit einige Tages laufen zu leren,
1134 1904 2201 2027 Bei heute nur foriel: ich wengete, daß
1146 1986 2075 2099 mich da dabei des Beitriss
1141 2066 1958 2189 entzückte wie der Reigen.
1352 2132 1964 2256 nicht herzernenn zu
1701 2203 2030 2280 Ihr ergeben
