3415 3704
1443 967 2198 1125 Wien, 20. November 1905.
1198 1174 1965 1309 Sehr geehrter Herr Doktor.
934 1166 1025 1307 5
1025 1277 2242 1448 Besten Dank für die neue Schlußfassung
1043 1388 2301 1535 vom "Ruf des Lebens". Lassen Sie mich über
1065 1488 2323 1625 meinen Standpunkt zu diesem Stück in Bezug
1067 1575 2326 1761 auf eine Aufführung des Burgtheaters ganz
1063 1677 2296 1836 offen sein. Die Chancen des Erfolges scheinen
1078 1768 2323 1918 mir in brutalen Zahlen ausgedrückt ungefähr
1078 1856 2353 2043 auf 10% zu stehen. Da ich höre, daß die Berliner
1103 1962 2350 2128 Aufführung sehr bald stattfinden soll, so wäre
1101 2062 2337 2206 nur das Angenehmste, wenn ich ihr beiwoh¬
1112 2149 2318 2299 nen könnte und sowol Sie wie ich die letzte
1111 2244 2315 2428 Entscheidung drei Tage nach der Berliner¬
1127 2336 2353 2507 Urpreniere uns vorbehalten. Unter dieser
1130 2420 2391 2603 Voraussetzung würde ich kein Bedenken tragen
