<?xml version="1.0" encoding="UTF-8" standalone="yes"?>
<PcGts xmlns="http://schema.primaresearch.org/PAGE/gts/pagecontent/2013-07-15" xmlns:xsi="http://www.w3.org/2001/XMLSchema-instance" xsi:schemaLocation="http://schema.primaresearch.org/PAGE/gts/pagecontent/2013-07-15 http://schema.primaresearch.org/PAGE/gts/pagecontent/2013-07-15/pagecontent.xsd">
    <Metadata>
        <Creator>prov=READ-COOP:name=TrHtr:version=2.1.0:model_id=51170:date=25_07_2023_10:44</Creator>
        <Created>2023-05-02T07:48:32.819+02:00</Created>
        <LastChange>2023-07-25T10:44:08.685+02:00</LastChange>
        <TranskribusMetadata docId="1416713" pageId="54950877" pageNr="18" tsid="130599343" status="IN_PROGRESS" userId="64420" imgUrl="https://files.transkribus.eu/Get?id=FUWVNOWMYTGGOVWOURBPDCJO&amp;fileType=view" xmlUrl="https://files.transkribus.eu/Get?id=OZCTWPDRYAKWPFSHNOWSKDCI" imageId="44454603"/>
    </Metadata>
    <Page imageFilename="1416713_0018.jpg" imageWidth="3532" imageHeight="3687">
        <ReadingOrder>
            <OrderedGroup id="ro_1711828629838" caption="Regions reading order">
                <RegionRefIndexed index="0" regionRef="tr_1"/>
            </OrderedGroup>
        </ReadingOrder>
        <TextRegion id="tr_1" custom="readingOrder {index:0;}">
            <Coords points="991,744 2295,744 2295,2586 991,2586"/>
            <TextLine id="tr_1_tl_1" custom="readingOrder {index:0;}">
                <Coords points="1022,825 1271,798 1713,852 1828,812 2176,838 2176,750 2115,733 1022,758"/>
                <Baseline points="1032,797 1077,797 1122,794 1167,797 1212,797 1256,800 1301,800 1346,803 1391,803 1435,800 1480,803 1525,803 1570,806 1615,806 1659,806 1704,806 1749,809 1794,812 1839,812 1883,812 1928,812 1973,809 2018,806 2062,806 2107,809 2152,809 2179,809"/>
                <TextEquiv>
                    <Unicode>spielneisen bereits öfter gespielt.</Unicode>
                </TextEquiv>
            </TextLine>
            <TextLine id="tr_1_tl_2" custom="readingOrder {index:1;}">
                <Coords points="1096,979 1266,985 1310,953 1494,1003 2095,942 2236,969 2237,886 1944,868 1688,924 1491,920 1396,873 1258,921 1160,881 1098,913"/>
                <Baseline points="1107,940 1122,940 1167,943 1212,946 1256,946 1301,946 1346,946 1391,946 1435,946 1480,946 1525,946 1570,949 1615,949 1659,949 1704,949 1749,949 1794,949 1839,946 1883,943 1928,940 1973,937 2018,934 2062,934 2107,931 2152,931 2197,931 2242,931"/>
                <TextEquiv>
                    <Unicode>Verm Lie, venchstetten Herr Doktor,</Unicode>
                </TextEquiv>
            </TextLine>
            <TextLine id="tr_1_tl_3" custom="readingOrder {index:2;}">
                <Coords points="1016,1130 1676,1095 1735,1056 1932,1096 2208,1077 2194,952 1741,1035 1018,987"/>
                <Baseline points="1026,1050 1047,1050 1092,1053 1137,1056 1182,1056 1227,1059 1271,1056 1316,1056 1361,1056 1406,1056 1450,1059 1495,1059 1540,1062 1585,1062 1630,1059 1674,1059 1719,1059 1764,1056 1809,1056 1853,1056 1898,1053 1943,1050 1988,1047 2033,1047 2077,1044 2122,1044 2167,1041 2212,1047"/>
                <TextEquiv>
                    <Unicode>damit einverstanden sind, d. h.</Unicode>
                </TextEquiv>
            </TextLine>
            <TextLine id="tr_1_tl_4" custom="readingOrder {index:3;}">
                <Coords points="1000,1173 1509,1207 1839,1168 1928,1220 2106,1162 2229,1172 2229,1080 1904,1127 1308,1101 1170,1149 1000,1132"/>
                <Baseline points="1009,1161 1024,1161 1068,1161 1113,1161 1158,1164 1203,1161 1247,1164 1292,1161 1337,1161 1382,1158 1427,1158 1471,1161 1516,1164 1561,1161 1606,1158 1650,1158 1695,1155 1740,1155 1785,1155 1830,1158 1874,1158 1919,1155 1964,1158 2009,1158 2053,1155 2098,1155 2143,1155 2188,1152 2233,1152"/>
                <TextEquiv>
                    <Unicode>wenn Sie keine schwerwiegenden</Unicode>
                </TextEquiv>
            </TextLine>
            <TextLine id="tr_1_tl_5" custom="readingOrder {index:4;}">
                <Coords points="1016,1260 1727,1289 2006,1245 2075,1286 2159,1242 2290,1276 2290,1149 2106,1162 1955,1229 1729,1180 1579,1225 1016,1194"/>
                <Baseline points="1024,1250 1068,1247 1113,1250 1158,1253 1203,1253 1247,1256 1292,1259 1337,1259 1382,1259 1427,1259 1471,1259 1516,1259 1561,1256 1606,1256 1650,1253 1695,1247 1740,1247 1785,1247 1830,1247 1874,1247 1919,1247 1964,1250 2009,1244 2053,1244 2098,1241 2143,1241 2188,1241 2233,1250 2277,1262 2295,1265"/>
                <TextEquiv>
                    <Unicode>Bedenken gegen die Übernehme der Sonnen¬</Unicode>
                </TextEquiv>
            </TextLine>
            <TextLine id="tr_1_tl_6" custom="readingOrder {index:5;}">
                <Coords points="1013,1384 1464,1364 1735,1401 2017,1342 2199,1371 2266,1359 2266,1297 2117,1265 1985,1321 1851,1281 1480,1337 1013,1302"/>
                <Baseline points="1021,1343 1065,1346 1110,1349 1155,1349 1200,1352 1244,1355 1289,1352 1334,1352 1379,1352 1424,1352 1468,1352 1513,1349 1558,1349 1603,1349 1647,1349 1692,1343 1737,1340 1782,1340 1827,1340 1871,1340 1916,1340 1961,1337 2006,1337 2050,1337 2095,1334 2140,1334 2185,1334 2230,1340 2271,1349"/>
                <TextEquiv>
                    <Unicode>thalschen Rolle durch Sommer Leben,</Unicode>
                </TextEquiv>
            </TextLine>
            <TextLine id="tr_1_tl_7" custom="readingOrder {index:6;}">
                <Coords points="1000,1457 1624,1483 2014,1440 2173,1475 2250,1454 2252,1374 2022,1417 1860,1348 1653,1417 1491,1371 1361,1424 1254,1379 1133,1430 1000,1409"/>
                <Baseline points="1009,1444 1044,1447 1089,1447 1134,1447 1179,1447 1224,1450 1268,1453 1313,1453 1358,1453 1403,1447 1447,1450 1492,1447 1537,1444 1582,1447 1627,1444 1671,1447 1716,1444 1761,1444 1806,1444 1850,1441 1895,1441 1940,1441 1985,1438 2030,1438 2074,1438 2119,1435 2164,1433 2209,1433 2253,1433"/>
                <TextEquiv>
                    <Unicode>so erklären die mit gütigst so rauch nie</Unicode>
                </TextEquiv>
            </TextLine>
            <TextLine id="tr_1_tl_8" custom="readingOrder {index:7;}">
                <Coords points="1003,1592 2183,1568 2290,1555 2292,1465 1005,1528"/>
                <Baseline points="1012,1555 1041,1555 1086,1555 1131,1555 1176,1558 1221,1558 1265,1561 1310,1561 1355,1558 1400,1555 1444,1555 1489,1555 1534,1555 1579,1555 1624,1555 1668,1552 1713,1552 1758,1552 1803,1549 1847,1549 1892,1546 1937,1543 1982,1540 2027,1540 2071,1540 2116,1537 2161,1534 2206,1534 2251,1537 2295,1537"/>
                <TextEquiv>
                    <Unicode>möglich mit dem ganzen Plan einrer¬</Unicode>
                </TextEquiv>
            </TextLine>
            <TextLine id="tr_1_tl_9" custom="readingOrder {index:8;}">
                <Coords points="1029,1690 2253,1684 2273,1573 1981,1629 1713,1578 1278,1648 1030,1627"/>
                <Baseline points="1038,1662 1068,1662 1113,1665 1158,1665 1203,1668 1247,1671 1292,1668 1337,1668 1382,1665 1427,1665 1471,1662 1516,1662 1561,1662 1606,1662 1650,1659 1695,1659 1740,1659 1785,1659 1830,1653 1874,1656 1919,1656 1964,1653 2009,1653 2053,1650 2098,1650 2143,1647 2188,1647 2233,1647 2277,1647"/>
                <TextEquiv>
                    <Unicode>standen, spätestens bis zum nächsten</Unicode>
                </TextEquiv>
            </TextLine>
            <TextLine id="tr_1_tl_10" custom="readingOrder {index:9;}">
                <Coords points="1022,1828 1204,1830 1298,1777 2091,1812 2276,1774 2258,1721 2157,1756 1857,1711 1619,1753 1022,1725"/>
                <Baseline points="1032,1770 1071,1770 1116,1770 1161,1770 1206,1773 1250,1776 1295,1776 1340,1776 1385,1779 1430,1776 1474,1776 1519,1776 1564,1773 1609,1773 1653,1773 1698,1773 1743,1770 1788,1767 1833,1770 1877,1770 1922,1770 1967,1770 2012,1773 2056,1773 2101,1770 2146,1770 2191,1767 2236,1767 2280,1764"/>
                <TextEquiv>
                    <Unicode>Freitag morgens von der Regiesitzung von</Unicode>
                </TextEquiv>
            </TextLine>
            <TextLine id="tr_1_tl_11" custom="readingOrder {index:10;}">
                <Coords points="1016,1910 1392,1924 1530,1968 1706,1891 1977,1879 2109,1920 2125,1807 1705,1791 1629,1843 1454,1867 1404,1836 1351,1870 1101,1822 1016,1843"/>
                <Baseline points="1024,1880 1053,1880 1098,1880 1143,1883 1188,1883 1232,1883 1277,1880 1322,1880 1367,1883 1412,1880 1456,1880 1501,1880 1546,1880 1591,1880 1636,1877 1680,1877 1725,1874 1770,1871 1815,1868 1859,1868 1904,1868 1949,1865 1994,1868 2039,1868 2083,1871 2128,1871"/>
                <TextEquiv>
                    <Unicode>Festsehung des nächsten Repertoires.</Unicode>
                </TextEquiv>
            </TextLine>
            <TextLine id="tr_1_tl_12" custom="readingOrder {index:11;}">
                <Coords points="1143,2066 1419,2101 1814,2051 2133,2111 2249,2095 2225,1985 1971,1993 1926,2027 1867,1995 1586,2001 1494,1955 1144,1993"/>
                <Baseline points="1152,2059 1179,2056 1224,2056 1268,2056 1313,2059 1358,2059 1403,2059 1447,2059 1492,2059 1537,2056 1582,2056 1627,2056 1671,2053 1716,2053 1761,2050 1806,2050 1850,2050 1895,2048 1940,2050 1985,2048 2030,2048 2074,2045 2119,2045 2164,2048 2209,2048 2253,2045"/>
                <TextEquiv>
                    <Unicode>Ich bekze schon danach, weder</Unicode>
                </TextEquiv>
            </TextLine>
            <TextLine id="tr_1_tl_13" custom="readingOrder {index:12;}">
                <Coords points="1005,2180 1289,2202 1655,2165 1801,2202 1915,2157 2032,2196 2104,2160 2226,2180 2228,2104 1502,2096 1148,2147 1006,2119"/>
                <Baseline points="1015,2164 1021,2164 1065,2164 1110,2167 1155,2170 1200,2170 1244,2170 1289,2167 1334,2167 1379,2170 1424,2170 1468,2167 1513,2164 1558,2164 1603,2164 1647,2161 1692,2161 1737,2155 1782,2155 1827,2152 1871,2149 1916,2149 1961,2146 2006,2146 2050,2149 2095,2149 2140,2146 2185,2146 2230,2140"/>
                <TextEquiv>
                    <Unicode>einmal eine Stunde bei Ihnen zu</Unicode>
                </TextEquiv>
            </TextLine>
            <TextLine id="tr_1_tl_14" custom="readingOrder {index:13;}">
                <Coords points="982,2327 1018,2340 1061,2340 1093,2355 1120,2334 1175,2338 1181,2330 1205,2345 1231,2338 1228,2247 1127,2242 1099,2221 1072,2218 1024,2225 1011,2239 981,2236"/>
                <Baseline points="991,2283 1035,2280 1080,2283 1125,2286 1170,2286 1215,2283 1232,2286"/>
                <TextEquiv>
                    <Unicode>sehen.</Unicode>
                </TextEquiv>
            </TextLine>
            <TextLine id="tr_1_tl_15" custom="readingOrder {index:14;}">
                <Coords points="1420,2406 1631,2454 1802,2398 1947,2393 2221,2438 2221,2367 2162,2348 1798,2375 1753,2350 1687,2379 1534,2330 1420,2363"/>
                <Baseline points="1430,2397 1474,2400 1519,2400 1564,2400 1609,2400 1653,2400 1698,2400 1743,2397 1788,2397 1833,2397 1877,2394 1922,2394 1967,2394 2012,2394 2056,2397 2101,2400 2146,2403 2191,2403 2224,2403"/>
                <TextEquiv>
                    <Unicode>Herzlichst und ergebenst</Unicode>
                </TextEquiv>
            </TextLine>
            <TextLine id="tr_1_tl_16" custom="readingOrder {index:15;}">
                <Coords points="1705,2475 1735,2465 1772,2475 1794,2464 1828,2480 1852,2475 1871,2488 1884,2486 1908,2473 1905,2395 1817,2440 1762,2438 1746,2446 1722,2430 1703,2433"/>
                <Baseline points="1713,2457 1758,2457 1803,2459 1847,2462 1892,2462 1913,2462"/>
                <TextEquiv>
                    <Unicode>L.A.</Unicode>
                </TextEquiv>
            </TextLine>
            <TextLine id="tr_1_tl_17" custom="readingOrder {index:16;}">
                <Coords points="1472,2582 1708,2627 1945,2581 2136,2632 2135,2517 2088,2497 2046,2512 1939,2472 1740,2480 1695,2459 1632,2485 1597,2467 1546,2497 1469,2472"/>
                <Baseline points="1480,2567 1525,2558 1570,2558 1615,2552 1659,2549 1704,2543 1749,2543 1794,2543 1839,2543 1883,2543 1928,2546 1973,2555 2018,2561 2062,2570 2107,2573 2140,2576"/>
                <TextEquiv>
                    <Unicode>Dr R K. Kosenheim</Unicode>
                </TextEquiv>
            </TextLine>
        </TextRegion>
    </Page>
</PcGts>
