3435 3688
997 1129 2274 1308 nach dieser einmaligen Lectüre schon völlig klar.
1015 1220 2287 1387 Und – fügt er knizu – er möchte gar nicht gern
1003 1305 2249 1473 erst höre, dass Heinz vor eine Vahl gestellt werde,
1002 1393 2207 1556 sondern er möge gleich lieber auf die Rolle
997 1476 2245 1643 das Herzoge hingewiesen werden. Diese ganz
1011 1587 2261 1763 private Mitteilung wird Ihnen vielleicht am
1023 1618 2308 1829 Fingerzeig sein. Sie könne mir Kässig gleich ein
1021 1724 2279 1881 Exemplar vorlegen. Schlänther meint auch, bevor
1016 1794 2225 1966 er Ihnen werde Ausdrungen, Striche etc. angebe¬
1039 1858 2311 2028 können; werde doch noch einige Zeit vergehen. Wäre
1049 1928 2318 2099 es de denn doch nicht besser, wenn ha' baldigst mit
1039 1988 2356 2166 Den Satz beginnen und sich mit dem Auskunstsmittl
1052 2057 2362 2232 der eckige Klammern behölfen. Herzlichst und ergebenst
1672 2109 2310 2236 Ihr Dr. Richard Rosenburg
