3560 4248
335 352 2713 714 Mein bin ich selbst nicht; Du meine Eltern
1954 556 2740 839 wein Gebält
266 845 1812 1200 kann nur darulich von sieben.
319 1082 1240 1316 it has not in
329 1158 2983 1595 Einen, der w. Mahnsungen oder Vieltheln, kau¬
312 1463 2851 1835 Mnd and I told you saith in la fille
332 1904 1582 2131 Nisin ist zur ver
2194 2026 3052 2322 - ich gehörige
309 2098 2098 2424 man ist auch ihn halber nicht,
2526 2302 2963 2565 Flui
1736 2345 2437 2624 h. uf kein
312 2384 1681 2743 I am felt it in and I
865 2654 2953 2976 is wunsch:- ofituait out formark
266 2733 773 3006 durch zu
2095 2891 3039 3230 a/ veu Sklavin
289 3022 2003 3322 Ihr Nicht Jahre ihn, ten Eile
730 3308 2832 3621 nur nur jelellig ist in den un¬
276 3355 671 3693 Dixx
1339 3512 3239 3808 I will in the best is in long out
1339 3746 2407 3970 mit O ihr drei
