3448 4280
222 315 1618 723 Fahr in d Malt sowas.
301 551 1589 948 Vielleicht bei ich mit
1832 641 3139 991 schaffen, ganz in besicher
1600 709 1786 1013 r
225 923 3103 1274 vielleicht hat man Art zu wenig kruft, ein
247 1242 2094 1600 und gänzlich einzutrunken.
290 1492 3139 1736 jedenholt steht das Ehe, daß mit vor der schauert
247 1754 2179 2061 Bei. Undnt wll dit us
329 1943 2849 2348 il, ich fühalt mag in Zügen auch gehe ein
254 2312 2362 2627 not fomend anamwint unter
243 2512 2938 2834 Be. Sie werde soll ich dir sein -.
2230 2877 3071 3063 I am very
258 2849 2233 3124 fl. Noch in erleiche nicht
165 3142 1177 3411 bouil hof N
759 3325 2913 3683 mit last Mart Bortich - f gefahren
276 3443 573 3629 Rei.
587 3672 877 3955 -to
959 3593 1485 4058 in first
1907 3733 3013 4008 to tell - so. my
