3352 4184
194 351 676 684 sulen.
187 654 3190 1023 Magnoni sovog! – wegen einer dem – denkleich
168 949 1636 1289 ist da nicht eintzelt.
833 1229 3040 1580 brenspielt - u. lagen ihr alles noch
202 1296 452 1636 sagt
2103 1565 2954 1849 Acht nach
176 1625 2084 1924 Diese schrift wollt ich sei
138 1845 2981 2204 meinen Lebens an und Teil haben - ich ist
411 2148 3029 2469 nicht gehörtn - ich wolle die wolch
213 2368 3051 2820 li uit liebe... Das die liebe ist an
1143 2685 3130 3085 Gätt ich sie einen in unterm
164 2839 1109 3149 in weiß.
1920 3048 2932 3302 Uneif imand
303 3108 1901 3455 halten - sie für
232 3347 2741 3679 gebrecht ist jeden. Man ist die am
680 3627 3160 3963 Et - das auf den Flück: - Ihr ist ein
314 3731 631 4015 Ihnk
