3560 4184
120 240 2963 737 Cjosten. Uin, in will f de cœur fl ue sest
192 545 3065 984 u einem gewiss Kugelte lassen. Aber die
813 752 3028 1231 falsch. Dann nach der geht endelte
178 930 824 1242 lebenshof
229 1039 3036 1467 ihr ein ihnen Zaun. - Glaub mir, so ert
2400 1289 2970 1569 1 Teil-
2117 1431 2295 1612 me
247 1420 1935 1765 ist. Sie ist dein, daß die
2705 1681 2861 1885 d
1979 1656 2702 1932 Seale - -
189 1678 1935 2059 laar. Aam wittmit uni
290 1863 3061 2342 Erben 4 ffl des. Wir wenn ich nie so
225 2095 3156 2546 ten hätte – aber mein nicht. Zweck so wie & nicht
276 2266 2938 2796 man, daß ihm über wie an ihr Beitgeben
2211 2509 3141 2883 o fille huon
1206 2709 2168 3014 1 bis jetzt auf die
301 2840 1064 3097 wolleh -
2589 2836 2974 3134 levg
309 2927 2491 3359 nicht ander gilt und abenus.   2
2128 3119 3221 3486 tret in die Fuhrheit
1594 3275 1968 3620 Gedicht
301 3326 1540 3675 habe all bis bey.
2357 3486 3014 3831 be sent it.
2204 3540 2360 3914 l
389 3657 2164 4005 seit s wendlich an —:
