<?xml version="1.0" encoding="UTF-8" standalone="yes"?>
<PcGts xmlns="http://schema.primaresearch.org/PAGE/gts/pagecontent/2013-07-15" xmlns:xsi="http://www.w3.org/2001/XMLSchema-instance" xsi:schemaLocation="http://schema.primaresearch.org/PAGE/gts/pagecontent/2013-07-15 http://schema.primaresearch.org/PAGE/gts/pagecontent/2013-07-15/pagecontent.xsd">
    <Metadata>
        <Creator>prov=READ-COOP:name=TrHtr:version=2.1.0:model_id=51170:date=29_07_2023_17:51</Creator>
        <Created>2023-05-10T11:56:55.271+02:00</Created>
        <LastChange>2023-07-29T17:51:52.109+02:00</LastChange>
        <TranskribusMetadata docId="1428559" pageId="55409477" pageNr="353" tsid="131451865" status="IN_PROGRESS" userId="64420" imgUrl="https://files.transkribus.eu/Get?id=VGNHAJYBXPRXXJGHQTKGXBVP&amp;fileType=view" xmlUrl="https://files.transkribus.eu/Get?id=CFDOMWBSDDHGMZMYPUTJJCEI" imageId="44683622"/>
    </Metadata>
    <Page imageFilename="1428559_0353.jpg" imageWidth="3480" imageHeight="4248">
        <ReadingOrder>
            <OrderedGroup id="ro_1711795316949" caption="Regions reading order">
                <RegionRefIndexed index="0" regionRef="tr_1"/>
            </OrderedGroup>
        </ReadingOrder>
        <TextRegion id="tr_1" custom="readingOrder {index:0;}">
            <Coords points="253,350 3021,350 3021,3646 253,3646"/>
            <TextLine id="tr_1_tl_1" custom="readingOrder {index:0;}">
                <Coords points="270,567 1804,666 2695,420 3010,475 3020,297 2613,393 1469,311 813,454 284,369"/>
                <Baseline points="289,558 334,558 379,561 423,561 468,564 513,564 558,561 603,558 647,555 692,549 737,549 782,546 826,549 871,540 916,537 961,537 1006,531 1050,528 1095,525 1140,522 1185,522 1229,516 1274,513 1319,513 1364,513 1409,507 1453,504 1498,498 1543,495 1588,489 1632,498 1677,498 1722,492 1767,486 1812,483 1856,477 1901,474 1946,474 1991,474 2035,471 2080,468 2125,468 2170,465 2215,462 2259,459 2304,453 2349,453 2394,450 2438,444 2483,444 2528,438 2573,435 2618,435 2662,432 2707,429 2752,426 2797,414 2841,411 2886,405 2931,403 2976,400 3021,403"/>
                <TextEquiv>
                    <Unicode>Wußt die wäre ich sei - nicht kurz bei - 2,000</Unicode>
                </TextEquiv>
            </TextLine>
            <TextLine id="tr_1_tl_2" custom="readingOrder {index:1;}">
                <Coords points="1148,895 1285,926 1845,762 2050,755 2262,854 2661,717 2839,765 2853,584 2723,512 2487,577 2265,509 1800,663 1175,574"/>
                <Baseline points="1173,794 1200,791 1244,791 1289,785 1334,782 1379,776 1423,773 1468,770 1513,767 1558,761 1603,761 1647,761 1692,758 1737,755 1782,749 1826,746 1871,749 1916,740 1961,737 2006,731 2050,728 2095,722 2140,722 2185,719 2229,716 2274,716 2319,713 2364,713 2409,707 2453,701 2498,698 2543,686 2588,674 2632,665 2677,656 2722,650 2767,647 2812,641 2858,639"/>
                <TextEquiv>
                    <Unicode>sie in e Nacht. etc.</Unicode>
                </TextEquiv>
            </TextLine>
            <TextLine id="tr_1_tl_3" custom="readingOrder {index:2;}">
                <Coords points="236,868 318,857 383,905 526,946 598,943 656,902 721,926 721,721 594,697 489,738 393,741 342,711 287,728 236,704"/>
                <Baseline points="253,814 280,817 325,814 370,814 414,814 459,811 504,814 549,814 594,817 638,820 683,817 731,817"/>
                <TextEquiv>
                    <Unicode>auch</Unicode>
                </TextEquiv>
            </TextLine>
            <TextLine id="tr_1_tl_4" custom="readingOrder {index:3;}">
                <Coords points="741,875 857,885 970,957 1052,943 1066,666 1021,680 1008,663 929,666 902,639 875,649 847,629 813,642 789,618 758,622"/>
                <Baseline points="764,838 803,841 847,835 892,835 937,832 982,832 1026,823 1071,823"/>
                <TextEquiv>
                    <Unicode>4</Unicode>
                </TextEquiv>
            </TextLine>
            <TextLine id="tr_1_tl_5" custom="readingOrder {index:4;}">
                <Coords points="335,1121 2337,1032 2818,950 2832,779 2197,916 1913,820 345,967"/>
                <Baseline points="352,1098 364,1092 408,1089 453,1083 498,1080 543,1080 588,1080 632,1080 677,1080 722,1083 767,1083 811,1083 856,1086 901,1083 946,1080 991,1077 1035,1068 1080,1068 1125,1059 1170,1056 1214,1053 1259,1047 1304,1041 1349,1035 1394,1029 1438,1023 1483,1014 1528,1011 1573,1006 1618,997 1662,991 1707,985 1752,979 1797,976 1841,973 1886,964 1931,964 1976,964 2021,964 2065,961 2110,955 2155,955 2200,955 2244,952 2289,949 2334,946 2379,946 2424,946 2468,943 2513,943 2558,937 2603,931 2647,928 2692,928 2737,919 2743,919 2788,913 2830,922"/>
                <TextEquiv>
                    <Unicode>vnt sich schon krank war – dar ich</Unicode>
                </TextEquiv>
            </TextLine>
            <TextLine id="tr_1_tl_6" custom="readingOrder {index:5;}">
                <Coords points="748,1394 2104,1288 2887,1131 2733,1049 2388,1121 1828,1069 1189,1257 762,1264"/>
                <Baseline points="773,1340 806,1340 850,1322 895,1316 940,1319 985,1313 1029,1310 1074,1307 1119,1304 1164,1304 1209,1298 1253,1295 1298,1292 1343,1292 1388,1289 1432,1289 1477,1280 1522,1274 1567,1268 1612,1259 1656,1253 1701,1247 1746,1247 1791,1244 1835,1235 1880,1229 1925,1226 1970,1223 2015,1217 2059,1217 2104,1214 2149,1212 2194,1209 2238,1206 2283,1200 2328,1197 2373,1194 2418,1188 2462,1185 2507,1182 2552,1179 2597,1176 2641,1167 2686,1158 2686,1158 2731,1152 2776,1152 2821,1152 2865,1158 2892,1161"/>
                <TextEquiv>
                    <Unicode>einlei im Dich kritch Mord u.</Unicode>
                </TextEquiv>
            </TextLine>
            <TextLine id="tr_1_tl_7" custom="readingOrder {index:6;}">
                <Coords points="379,1421 434,1418 489,1384 502,1404 523,1394 584,1435 629,1418 646,1428 656,1418 673,1442 707,1435 724,1271 653,1230 612,1240 584,1216 564,1233 530,1213 502,1226 485,1203 400,1213"/>
                <Baseline points="401,1392 411,1391 456,1376 501,1370 546,1367 591,1361 635,1361 680,1355 727,1348"/>
                <TextEquiv>
                    <Unicode>t in</Unicode>
                </TextEquiv>
            </TextLine>
            <TextLine id="tr_1_tl_8" custom="readingOrder {index:7;}">
                <Coords points="301,1653 1298,1599 1401,1667 2364,1476 2757,1548 2842,1281 1599,1486 1144,1346 892,1469 311,1510"/>
                <Baseline points="322,1626 331,1629 376,1618 420,1615 465,1612 510,1609 555,1603 600,1600 644,1600 689,1597 734,1594 779,1591 823,1585 868,1579 913,1576 958,1573 1003,1570 1047,1564 1092,1561 1137,1558 1182,1555 1226,1549 1271,1549 1316,1549 1361,1549 1406,1546 1450,1546 1495,1543 1540,1537 1585,1534 1629,1531 1674,1531 1719,1525 1764,1522 1809,1516 1853,1513 1898,1510 1943,1507 1988,1504 2032,1498 2077,1495 2122,1492 2167,1489 2212,1483 2256,1480 2301,1474 2346,1468 2391,1465 2435,1462 2480,1456 2525,1453 2570,1450 2615,1447 2659,1441 2704,1441 2749,1435 2794,1438 2838,1435"/>
                <TextEquiv>
                    <Unicode>tit mit hach Munt ganast - wolle no 1</Unicode>
                </TextEquiv>
            </TextLine>
            <TextLine id="tr_1_tl_9" custom="readingOrder {index:8;}">
                <Coords points="1657,1756 1947,1797 2282,1705 2405,1746 2610,1660 2692,1708 2730,1698 2740,1592 2610,1530 2210,1647 2111,1578 1671,1616"/>
                <Baseline points="1674,1752 1683,1752 1728,1743 1773,1740 1818,1734 1862,1734 1907,1731 1952,1728 1997,1725 2041,1722 2086,1719 2131,1713 2176,1710 2221,1704 2265,1701 2310,1695 2355,1686 2400,1680 2444,1671 2489,1671 2534,1665 2579,1668 2606,1659 2609,1662 2653,1656 2698,1659 2743,1656"/>
                <TextEquiv>
                    <Unicode>recht 1 la C.</Unicode>
                </TextEquiv>
            </TextLine>
            <TextLine id="tr_1_tl_10" custom="readingOrder {index:9;}">
                <Coords points="352,1869 1001,1807 1466,1848 1592,1817 1606,1640 844,1753 601,1694 454,1797 355,1790"/>
                <Baseline points="370,1832 414,1838 459,1841 504,1838 549,1838 594,1832 638,1823 683,1818 728,1812 773,1809 817,1809 862,1803 907,1803 952,1800 997,1797 1041,1794 1086,1791 1131,1788 1176,1782 1220,1779 1265,1779 1310,1776 1355,1776 1400,1773 1444,1773 1489,1770 1534,1770 1579,1776 1609,1758"/>
                <TextEquiv>
                    <Unicode>re tout a et Miss</Unicode>
                </TextEquiv>
            </TextLine>
            <TextLine id="tr_1_tl_11" custom="readingOrder {index:10;}">
                <Coords points="400,2101 909,2152 1315,2050 1657,2132 2142,1981 2883,1971 2897,1800 1452,1981 857,1910 625,2016 413,1934"/>
                <Baseline points="417,2092 435,2092 480,2089 525,2083 570,2074 614,2071 659,2071 704,2065 749,2068 794,2068 838,2068 883,2071 928,2068 973,2065 1017,2059 1062,2056 1107,2053 1152,2056 1197,2053 1241,2047 1286,2044 1331,2041 1376,2038 1420,2032 1465,2029 1510,2029 1555,2026 1600,2026 1644,2023 1689,2018 1734,2015 1779,2012 1823,2009 1868,2000 1913,1994 1958,1985 2003,1982 2047,1976 2092,1973 2137,1964 2182,1958 2226,1955 2271,1952 2316,1946 2361,1943 2406,1937 2450,1937 2495,1931 2540,1931 2585,1928 2629,1925 2674,1922 2719,1916 2764,1913 2809,1910 2853,1907 2898,1910"/>
                <TextEquiv>
                    <Unicode>th als sie ny nantal i sieren for</Unicode>
                </TextEquiv>
            </TextLine>
            <TextLine id="tr_1_tl_12" custom="readingOrder {index:11;}">
                <Coords points="290,2378 492,2337 663,2446 2169,2197 2542,2238 2784,2159 2794,2063 2470,2036 1028,2279 782,2183 301,2268"/>
                <Baseline points="313,2349 334,2346 379,2343 423,2340 468,2337 513,2334 558,2334 603,2334 647,2334 692,2337 737,2340 782,2337 826,2334 871,2334 916,2331 961,2328 1006,2325 1050,2325 1095,2322 1140,2316 1185,2310 1229,2310 1274,2307 1319,2301 1364,2298 1409,2295 1453,2286 1498,2283 1543,2277 1588,2274 1632,2268 1677,2265 1722,2259 1767,2250 1812,2238 1856,2229 1901,2224 1946,2218 1991,2209 2035,2206 2080,2203 2125,2197 2170,2194 2215,2188 2259,2185 2304,2179 2349,2173 2394,2167 2438,2164 2483,2161 2528,2161 2573,2158 2618,2155 2662,2152 2707,2152 2752,2149 2797,2146"/>
                <TextEquiv>
                    <Unicode>ihn nach ein anderer - um das</Unicode>
                </TextEquiv>
            </TextLine>
            <TextLine id="tr_1_tl_13" custom="readingOrder {index:12;}">
                <Coords points="1510,2501 1776,2487 2019,2531 2238,2436 2590,2405 2596,2330 2436,2333 2340,2262 1988,2262 1681,2395 1524,2385"/>
                <Baseline points="1529,2494 1564,2492 1609,2483 1653,2480 1698,2477 1743,2474 1788,2474 1832,2468 1877,2465 1922,2459 1967,2456 2015,2450 2015,2450 2062,2444 2107,2438 2152,2432 2197,2427 2241,2418 2286,2412 2331,2409 2376,2406 2421,2403 2465,2403 2510,2400 2555,2397 2597,2400"/>
                <TextEquiv>
                    <Unicode>und mittlenden.</Unicode>
                </TextEquiv>
            </TextLine>
            <TextLine id="tr_1_tl_14" custom="readingOrder {index:13;}">
                <Coords points="335,2610 690,2658 1172,2538 1240,2590 1387,2555 1472,2607 1493,2402 1380,2371 1056,2463 762,2449 625,2514 348,2463"/>
                <Baseline points="352,2600 376,2594 420,2591 465,2588 510,2588 555,2588 600,2588 644,2582 689,2585 734,2579 779,2570 785,2570 817,2564 862,2561 907,2555 952,2546 997,2537 1041,2534 1086,2528 1131,2528 1176,2525 1220,2522 1265,2519 1310,2516 1355,2510 1400,2510 1444,2510 1490,2496"/>
                <TextEquiv>
                    <Unicode>der h. wurdit</Unicode>
                </TextEquiv>
            </TextLine>
            <TextLine id="tr_1_tl_15" custom="readingOrder {index:14;}">
                <Coords points="345,2825 2412,2709 2651,2658 2661,2528 1889,2514 1623,2620 1008,2600 687,2706 362,2654"/>
                <Baseline points="370,2764 391,2767 435,2773 480,2779 525,2785 570,2791 614,2794 659,2794 704,2797 749,2788 794,2785 838,2779 883,2776 928,2776 973,2767 1017,2767 1062,2764 1107,2764 1152,2761 1197,2761 1241,2755 1286,2752 1331,2746 1376,2740 1420,2731 1465,2731 1510,2731 1555,2725 1600,2719 1644,2710 1689,2704 1734,2698 1779,2689 1823,2683 1868,2683 1913,2680 1958,2677 2003,2671 2047,2662 2092,2656 2137,2650 2182,2644 2226,2641 2271,2635 2316,2635 2361,2629 2406,2618 2406,2618 2450,2612 2495,2612 2540,2606 2585,2606 2629,2597 2662,2600"/>
                <TextEquiv>
                    <Unicode>do to be leof in Vnfra jure</Unicode>
                </TextEquiv>
            </TextLine>
            <TextLine id="tr_1_tl_16" custom="readingOrder {index:15;}">
                <Coords points="895,3119 1080,3163 1366,3013 1476,3071 1633,3051 1650,2887 1448,2832 1390,2870 1288,2859 1250,2825 1015,2876 957,2928 912,2914"/>
                <Baseline points="916,3053 928,3053 973,3050 1017,3044 1062,3044 1107,3038 1152,3033 1197,3027 1241,3021 1286,3018 1331,3015 1376,3012 1420,3009 1465,3000 1510,2997 1555,2994 1600,2988 1644,2988"/>
                <TextEquiv>
                    <Unicode>All to</Unicode>
                </TextEquiv>
            </TextLine>
            <TextLine id="tr_1_tl_17" custom="readingOrder {index:16;}">
                <Coords points="553,3362 854,3433 1069,3338 1370,3399 1568,3327 1797,3392 2166,3293 2364,3362 2784,3317 2801,3030 2217,3136 1455,3099 1045,3256 775,3181 560,3232"/>
                <Baseline points="573,3355 603,3352 647,3355 692,3355 737,3355 782,3355 826,3358 871,3355 916,3352 961,3346 1006,3340 1050,3340 1095,3337 1140,3334 1185,3331 1229,3331 1274,3328 1319,3322 1364,3325 1409,3322 1453,3313 1498,3310 1543,3301 1588,3295 1632,3289 1677,3286 1722,3289 1767,3286 1812,3283 1856,3286 1901,3277 1946,3277 1991,3280 2035,3277 2080,3283 2125,3280 2170,3280 2215,3280 2259,3277 2304,3277 2349,3274 2394,3271 2438,3265 2483,3256 2528,3253 2573,3253 2618,3250 2662,3244 2707,3241 2752,3238 2797,3241"/>
                <TextEquiv>
                    <Unicode>nicht an ein Wirns hat ich mich weggen</Unicode>
                </TextEquiv>
            </TextLine>
            <TextLine id="tr_1_tl_18" custom="readingOrder {index:17;}">
                <Coords points="632,3655 1216,3587 1520,3676 1660,3611 2490,3625 2644,3584 2654,3399 2374,3406 2149,3304 1869,3474 1585,3420 1390,3529 779,3437 639,3495"/>
                <Baseline points="650,3630 686,3636 731,3621 776,3618 820,3612 865,3612 910,3606 955,3603 1000,3597 1044,3594 1089,3591 1134,3588 1179,3582 1223,3582 1268,3579 1313,3576 1358,3579 1403,3579 1447,3579 1492,3579 1537,3579 1582,3576 1626,3570 1671,3567 1716,3561 1761,3561 1806,3558 1850,3549 1895,3543 1940,3540 1985,3537 2029,3534 2074,3531 2119,3534 2164,3534 2209,3534 2253,3534 2298,3531 2343,3534 2388,3534 2432,3534 2477,3531 2522,3528 2567,3525 2612,3522 2656,3522"/>
                <TextEquiv>
                    <Unicode>- das war wünfseln - &amp; an Gegenst</Unicode>
                </TextEquiv>
            </TextLine>
        </TextRegion>
    </Page>
</PcGts>
