3432 4296
1640 432 2968 845 Thürm dies erfüllt.
370 475 1557 849 Viel mit traf.
2642 875 2899 1041 re
341 802 2337 1121 Uhr meifs di morg T
367 1049 2986 1368 So wenn wir er dich erstanden nach,
319 1346 2722 1644 Mai was sich i Mmit auf d pare fuh
341 1542 3266 1934 Uhr das dikal soll. macht das nicht schauen
2816 1814 3135 1989 sant
334 1818 2921 2210 Un mei hohenste an ih hat kann,
352 2090 3164 2449 In Schreckler doch so sah wir Nachricht
2155 2326 2830 2540 out of Art
283 2395 2718 2751 Ich nicht nicht mehr - nicht unter
327 2718 3146 3106 Mollt ich – geweis, die ganze Herren
2224 2910 2881 3117 in sort
265 3175 2954 3494 Weil kam wurth iti in Coi malheut
2333 3516 2696 3680 in
261 3473 2203 3781 Nun kund no passin konnen
2859 3542 3008 3687 og
1081 3723 2758 3988 per no it may
221 3854 1092 4039 xx - in - to
