3384 4280
286 488 3023 799 nach nur lebe weiter ohne doch je Erben.
246 770 3074 1096 des gelangt's mir nicht. bei... leß ist sicher
170 1049 2184 1360 Zeitweil. d. Mart g. solle
579 1262 1302 1551 you
264 1526 2144 1819 be but all in part I
260 1779 3052 2188 te bin je do ihr. Mayf it nochmen
250 2188 3153 2437 Dich in diesem seile. so haut 2, in mit
1197 2427 3171 2799 Ihr nicht wein auf die niemand
213 2437 1157 2719 und zu storben
199 2662 3009 3009 durchlasse, wenn das Augenblick, als ich
814 3020 2973 3407 hr, mich heft ist, biss in die
166 3088 825 3428 him by
897 3432 1718 3714 auf mein - -
174 3374 904 3620 me with
253 3642 1663 3974 Be. I. get it mit
1866 3576 2980 4003 fiffering - for
