3544 4216
343 309 3184 666 ¼ l. Nicht das ist mehr. biß ich im bereit.
301 587 3120 930 Rie. Gewiss Sie ich bereit. — mich dricht, als
267 854 2582 1171 Gält ich eben darauf gewartet.
260 1103 3139 1415 Til. Voor.... die Stimme alle? .  def die sie
297 1385 1690 1728 nicht mehr sehr sollst
279 1585 3218 1965 Bea. ich kann laß die... aber sich nur it
233 1810 3188 2168 nicht, als wäre er sein, an ich kommen.
275 2100 3135 2409 All das sel ich laße gefühlt. Dich seit ich dir
192 2303 3214 2736 kann. ist mir ganz berußt... wie ist
233 2691 3003 3019 undt kein mit nur wiederf im Zoll in
279 2973 2446 3256 einen Elle fern auch ausgereicht.
324 3139 3109 3481 A. We h wapr p p hin.
1577 3369 2608 3561 Ma rauf... Ohl bin
233 3497 3222 3801 Bei dem nehmen? Me soll ich ihn wisse.
689 3700 3207 4023 Ich denke, ich Sie gewand in meam Kriven
245 3783 561 4016 Til
