3464 4216
648 449 1731 807 Klepp (allein)
402 797 2316 1110 Qul il d'huyes geht - s'est une jeune
302 1043 1309 1346 Es sei sie fortgeschriebt
329 1226 2734 1558 wie ihr jetzt, als hatt ich selbst noch in tief
199 1459 2768 1781 Ägeollnd ebenes Sie kein, maß ich er so nie
1678 1618 2442 1821 bgeschollter
1704 1704 2891 2027 (cette) thn, it has
186 1781 1522 2096 gen gewinne hätte
256 1990 2827 2316 sie uns im traum zu nehmen, u in
163 2266 2837 2562 sey sollen - - doch dazu nicht die Kracht
169 2638 2837 2884 einem (dtschluft nicht aus. - Oder ich habe
299 2817 2847 3170 in troh soll hier. ich hält vielleicht
146 3117 2724 3512 der höchst glück und sechs Schmerz vornten.
126 3445 2764 3788 verhärt.... das schweis zu Thale be¬
1322 3708 2661 4024 lt gekommen. Das
253 3741 1322 3997 I must amt d Mr
