3464 4280
371 785 2221 1049 diret nicht geringlich. mit.
334 982 3019 1323 Bis ich nach nicht genügen das nun gemacht
314 1236 1540 1486 O klamt ohr gleichen
367 1326 2796 1640 Nun - auf d hatzeit sei ich geht wen d
261 1510 2609 1900 Arpenblus in Efter leut - sie xxx
304 1810 2104 2098 Er habe und der seye sie mehr
301 1937 2799 2338 hat ich in Recht dazu. Wollte sie auch
250 2241 2021 2552 hat ich sie nicht freigegeben.
317 2408 2973 2792 Ob schrift in aif trommen sagen - so in
274 2662 2254 3019 sine hare à mit un pab –
428 2822 2912 3226 Nisi. und Chibt nicht andere N 2/3
404 3136 2896 3477 machen.. Ich bin s. gewest – at might
474 3400 2939 3828 - Ah. Boden - so muß in die Schuh¬
421 3474 952 3694 Zufändlich
458 3764 1830 4058 das auf der recht hinzu¬
