3592 4376
1281 144 2053 354 Die wiederholt
484 343 3104 783 als zu toen kommen...  Blev sine solleu
303 707 2873 1101 Zulang jeden unser beym Magi-
2959 776 3237 1079 7bre
2154 1007 3187 1429 Ma ses gute
364 996 523 1223 dans
592 1018 2115 1382 Mr Und
2400 1270 2743 1599 C. R.
278 1292 2335 1656 Wenn ich ihn darauf anzah
2768 1411 2880 1613 "
198 1516 422 1671 23/12
285 1613 2324 1884 Ich habe für längst nicht mehr gekannt.
2028 1891 3100 2129 Am 20 September
372 2071 3111 2400 2ch sehr immer xxx
372 2248 3132 2512 Zeilens Wintertag. Der Himmel so bloß,
361 2450 3233 2725 kan, so kalt, so weit. Und ich bin sehr wesig,
837 2670 1140 2818 alle
271 2703 3161 3021 Die Scheune sind geschwunden. Nach diesem Schlaf
2584 2905 2753 3031 FJ
292 2930 3179 3172 der alte Mann, das ich gehen traf. das ist, wie
249 3190 3075 3443 wenn es sich lang, bey vorbei wäre? und ist
285 3439 3179 3746 und wenn es vor viele Mühe gewesen wäre,
285 3685 3071 3984 Und wenn ich an sie denke, kes ich sie im
