3528 4232
306 336 2579 683 Kukerung. - Wie sie mehr beleg.  Mei sie zu unkom¬
208 538 2323 884 Wie sie wessig und wie die kalk kämen, im¬
330 713 2626 1039 Ach ich solltheute zu mein Serviert gehen - so unter einen ich ihn
195 1022 1046 1217 noch nie wie heute!
380 1042 2290 1345 1) habe mich verlobt.. Ichntucht nach Legitimität! -
393 1227 2088 1527 Nun werden kein Blumen auch können.
363 1342 2976 1708 Amtskreiß... die Blim in sind da... Rechga, offerta her
185 1584 2710 2034 sie Auftrag gegeben  - - Wei ich mir weißt, wohin? ich
296 1789 2983 2243 - der der Ermitherzeit erhösst mich ein sonderbar färklich.
330 2162 602 2408 keit.
306 2199 2303 2582 An nächst 15 wert. In der ich doch toll.
383 2354 3043 2734 So war soll ich this! Ich weit ist ausgeführten Nun ist, als
269 2539 2727 2935 wußt sie das nicht! ob kommt ich ihn der nicht vergrifen. -
343 2724 2784 3094 Ich geh auf ih Gralsinnen.. sie kathig tag! - Ich, -
363 2882 2996 3255 Schmerz, der mich dort erfasst - Alle blutet wiedert. Ich he¬
356 3198 3023 3554 Ich sehen weg muß kelben schwerin ins Aufsherrn.
350 3252 622 3426 in
393 3376 3097 3732 Sei verfolgt mit ihr Bett in Verzeichn u so fort mit
437 3672 2216 3991 ist ich ihr verzeihe! — Ist geh auf ih Grob!
