<?xml version="1.0" encoding="UTF-8" standalone="yes"?>
<PcGts xmlns="http://schema.primaresearch.org/PAGE/gts/pagecontent/2013-07-15" xmlns:xsi="http://www.w3.org/2001/XMLSchema-instance" xsi:schemaLocation="http://schema.primaresearch.org/PAGE/gts/pagecontent/2013-07-15 http://schema.primaresearch.org/PAGE/gts/pagecontent/2013-07-15/pagecontent.xsd">
    <Metadata>
        <Creator>prov=READ-COOP:name=TrHtr:version=2.1.0:model_id=51170:date=14_08_2023_16:40</Creator>
        <Created>2023-05-10T14:23:52.900+02:00</Created>
        <LastChange>2023-08-14T16:40:47.770+02:00</LastChange>
        <TranskribusMetadata docId="1428620" pageId="55419434" pageNr="35" tsid="132816144" status="IN_PROGRESS" userId="64420" imgUrl="https://files.transkribus.eu/Get?id=VQMCDWFZBDFZTLJUZRVIVPGY&amp;fileType=view" xmlUrl="https://files.transkribus.eu/Get?id=YOLRABIOJOLKUTUDENWQIJJO" imageId="44693537"/>
    </Metadata>
    <Page imageFilename="1428620_0035.jpg" imageWidth="3496" imageHeight="4312">
        <ReadingOrder>
            <OrderedGroup id="ro_1711821353270" caption="Regions reading order">
                <RegionRefIndexed index="0" regionRef="tr_1"/>
                <RegionRefIndexed index="1" regionRef="tr_2"/>
            </OrderedGroup>
        </ReadingOrder>
        <TextRegion id="tr_1" custom="readingOrder {index:0;}">
            <Coords points="223,460 3260,460 3260,2903 223,2903"/>
            <TextLine id="tr_1_tl_1" custom="readingOrder {index:0;}">
                <Coords points="2062,659 2117,644 2202,670 2250,640 2302,659 2376,611 2454,648 2672,592 2724,614 2735,426 2672,407 2554,448 2461,426 2439,396 2191,463 2080,444"/>
                <Baseline points="2090,552 2111,555 2156,549 2200,546 2245,543 2290,540 2335,537 2379,531 2424,525 2469,525 2514,519 2559,516 2603,516 2648,513 2693,510 2739,511"/>
                <TextEquiv>
                    <Unicode>später, Nachs.</Unicode>
                </TextEquiv>
            </TextLine>
            <TextLine id="tr_1_tl_2" custom="readingOrder {index:1;}">
                <Coords points="307,907 1318,840 1769,933 2724,788 2894,907 3161,844 3165,729 2669,607 1817,703 1569,626 1055,781 315,500"/>
                <Baseline points="328,839 352,839 397,848 441,842 486,845 531,845 576,836 621,830 665,827 710,821 755,821 800,815 845,815 889,815 934,815 979,812 1024,815 1069,815 1113,818 1158,821 1203,824 1248,824 1293,827 1337,830 1382,830 1427,827 1472,827 1516,827 1561,824 1606,821 1651,821 1696,818 1740,815 1785,815 1830,818 1875,818 1920,818 1964,815 2009,818 2054,815 2099,809 2144,809 2188,806 2233,800 2278,794 2323,791 2368,788 2412,785 2457,782 2502,785 2547,782 2591,782 2636,785 2681,785 2726,788 2771,791 2815,797 2860,800 2905,803 2950,803 2995,809 3039,809 3084,806 3129,806 3174,809"/>
                <TextEquiv>
                    <Unicode>Unheimmal, bin ich hiert auch die Classe, aber nicht in</Unicode>
                </TextEquiv>
            </TextLine>
            <TextLine id="tr_1_tl_3" custom="readingOrder {index:2;}">
                <Coords points="348,1084 3250,1121 3250,966 2913,892 2091,992 1680,896 348,966"/>
                <Baseline points="367,1083 412,1078 456,1075 501,1066 546,1060 591,1057 636,1054 680,1051 725,1048 770,1048 815,1051 860,1048 904,1048 949,1051 994,1051 1039,1051 1083,1051 1128,1051 1173,1051 1218,1051 1263,1054 1307,1054 1352,1057 1397,1057 1442,1060 1487,1063 1531,1060 1576,1060 1621,1057 1666,1057 1711,1057 1755,1054 1800,1057 1845,1060 1890,1060 1935,1063 1979,1066 2024,1069 2069,1069 2114,1072 2158,1075 2203,1078 2248,1072 2293,1069 2338,1063 2382,1060 2427,1057 2472,1057 2517,1057 2562,1060 2606,1060 2651,1063 2696,1066 2741,1069 2786,1075 2830,1078 2875,1083 2920,1083 2965,1083 3010,1086 3054,1089 3099,1089 3144,1092 3189,1098 3234,1104 3260,1110"/>
                <TextEquiv>
                    <Unicode>die Stadt. Sondern in stillen Gassen bin ich sogian</Unicode>
                </TextEquiv>
            </TextLine>
            <TextLine id="tr_1_tl_4" custom="readingOrder {index:3;}">
                <Coords points="300,1432 799,1325 1155,1410 3165,1395 3224,1244 2735,1303 2443,1166 1973,1266 1406,1129 296,1218"/>
                <Baseline points="322,1310 367,1301 412,1301 456,1301 501,1298 546,1295 591,1295 636,1293 680,1295 725,1295 770,1295 815,1298 860,1298 904,1298 949,1301 994,1301 1039,1301 1083,1304 1128,1304 1173,1307 1218,1310 1263,1310 1307,1310 1352,1313 1397,1313 1442,1313 1487,1313 1531,1316 1576,1319 1621,1322 1666,1328 1711,1325 1755,1322 1800,1322 1845,1325 1890,1325 1935,1325 1979,1325 2024,1328 2069,1328 2114,1325 2158,1328 2203,1331 2248,1328 2293,1331 2338,1331 2382,1328 2427,1328 2472,1331 2517,1331 2562,1331 2606,1331 2651,1337 2696,1337 2741,1340 2786,1340 2830,1343 2875,1343 2920,1346 2965,1346 3010,1349 3054,1352 3099,1358 3144,1364 3189,1370 3234,1376 3236,1373"/>
                <TextEquiv>
                    <Unicode>gegangen und in Ruckkow, wo die Leberne verle¬</Unicode>
                </TextEquiv>
            </TextLine>
            <TextLine id="tr_1_tl_5" custom="readingOrder {index:4;}">
                <Coords points="296,1614 637,1547 1192,1688 1584,1580 3183,1662 3179,1506 2447,1510 2180,1395 1647,1525 1273,1377 292,1480"/>
                <Baseline points="316,1549 361,1546 406,1540 450,1540 495,1540 540,1537 585,1537 630,1537 674,1537 719,1540 764,1540 809,1543 854,1543 898,1543 943,1543 988,1540 1033,1543 1078,1543 1122,1546 1167,1546 1212,1543 1257,1540 1301,1546 1346,1546 1391,1549 1436,1552 1481,1552 1525,1555 1570,1561 1615,1564 1660,1567 1705,1570 1749,1567 1794,1570 1839,1567 1884,1567 1929,1567 1973,1567 2018,1567 2063,1567 2108,1567 2153,1570 2197,1570 2242,1567 2287,1570 2332,1570 2376,1570 2421,1570 2466,1576 2511,1579 2556,1582 2600,1585 2645,1585 2690,1588 2735,1591 2780,1597 2824,1597 2869,1594 2914,1597 2959,1603 3004,1606 3048,1612 3093,1615 3138,1618 3183,1627 3192,1627"/>
                <TextEquiv>
                    <Unicode>von einander stehe in die Beilagen nie mahl</Unicode>
                </TextEquiv>
            </TextLine>
            <TextLine id="tr_1_tl_6" custom="readingOrder {index:5;}">
                <Coords points="281,1858 848,1939 1155,1832 3168,1884 3165,1728 2957,1684 2780,1758 2239,1643 1521,1725 433,1640 278,1717"/>
                <Baseline points="298,1818 343,1809 388,1806 432,1803 477,1800 522,1797 567,1797 612,1797 656,1797 701,1794 746,1794 791,1794 836,1794 880,1794 925,1797 970,1800 1015,1803 1060,1803 1104,1806 1149,1809 1194,1812 1239,1812 1284,1818 1328,1821 1373,1821 1418,1821 1463,1821 1508,1821 1552,1821 1597,1824 1642,1824 1687,1824 1731,1827 1776,1824 1821,1821 1866,1815 1911,1815 1955,1818 2000,1815 2045,1818 2090,1821 2135,1821 2179,1821 2224,1821 2269,1824 2314,1824 2359,1824 2403,1827 2448,1827 2493,1830 2538,1827 2583,1827 2627,1830 2672,1833 2717,1833 2762,1833 2806,1836 2851,1842 2896,1842 2941,1842 2986,1842 3030,1845 3075,1851 3120,1854 3165,1860 3177,1857"/>
                <TextEquiv>
                    <Unicode>berichtet sind. Es ist das ich</Unicode>
                </TextEquiv>
            </TextLine>
            <TextLine id="tr_1_tl_7" custom="readingOrder {index:6;}">
                <Coords points="259,2102 3198,2162 3194,2002 2413,1914 1514,1995 663,1858 255,2017"/>
                <Baseline points="280,2075 325,2072 370,2069 415,2069 459,2066 504,2069 549,2066 594,2066 639,2066 683,2063 728,2066 773,2066 818,2063 862,2063 907,2063 952,2066 997,2066 1042,2069 1086,2072 1131,2069 1176,2072 1221,2072 1266,2072 1310,2078 1355,2075 1400,2075 1445,2078 1490,2084 1534,2081 1579,2081 1624,2084 1669,2087 1714,2087 1758,2084 1803,2087 1848,2087 1893,2090 1938,2093 1982,2096 2027,2093 2072,2096 2117,2093 2161,2093 2206,2096 2251,2093 2296,2093 2341,2090 2385,2090 2430,2096 2475,2093 2520,2096 2565,2093 2609,2099 2654,2105 2699,2108 2744,2111 2789,2111 2833,2120 2878,2120 2923,2120 2968,2126 3013,2132 3057,2135 3102,2135 3147,2132 3192,2132 3207,2135"/>
                <TextEquiv>
                    <Unicode>es überhauptweils, ist ein Zufall. Ich soll Erhält</Unicode>
                </TextEquiv>
            </TextLine>
            <TextLine id="tr_1_tl_8" custom="readingOrder {index:7;}">
                <Coords points="270,2324 318,2324 411,2239 433,2239 433,2154 403,2154 378,2128 359,2121 329,2121 296,2154 270,2154"/>
                <Baseline points="289,2200 304,2197 349,2200 394,2200 438,2197"/>
                <TextEquiv>
                    <Unicode>are</Unicode>
                </TextEquiv>
            </TextLine>
            <TextLine id="tr_1_tl_9" custom="readingOrder {index:8;}">
                <Coords points="204,2406 1088,2458 1925,2354 2421,2469 2598,2376 2865,2498 3172,2410 3172,2213 2298,2180 2110,2265 1899,2180 1732,2291 1480,2176 1158,2265 603,2184 204,2317"/>
                <Baseline points="223,2362 268,2359 313,2353 358,2347 403,2341 447,2341 492,2341 537,2344 582,2341 627,2344 671,2344 716,2350 761,2347 806,2350 851,2350 895,2347 940,2344 985,2341 1030,2338 1075,2335 1119,2335 1164,2332 1209,2335 1254,2338 1298,2338 1343,2338 1388,2341 1433,2341 1478,2341 1522,2344 1567,2341 1612,2341 1657,2344 1702,2344 1746,2344 1791,2347 1836,2347 1881,2344 1926,2347 1970,2347 2015,2347 2060,2350 2105,2350 2150,2353 2194,2353 2239,2353 2284,2353 2329,2356 2373,2356 2418,2356 2463,2359 2508,2356 2553,2356 2597,2356 2642,2356 2687,2359 2732,2359 2777,2359 2821,2362 2866,2362 2911,2359 2956,2365 3001,2365 3045,2365 3090,2371 3135,2371 3180,2371 3183,2371"/>
                <TextEquiv>
                    <Unicode>" Wohn, Monat dreier kenne, bis ich es erfuhr.</Unicode>
                </TextEquiv>
            </TextLine>
            <TextLine id="tr_1_tl_10" custom="readingOrder {index:9;}">
                <Coords points="322,2717 581,2646 959,2735 1336,2598 2125,2717 2347,2617 3168,2650 3135,2435 2506,2550 2306,2443 1995,2524 1577,2432 322,2443"/>
                <Baseline points="343,2603 388,2603 432,2606 477,2603 522,2603 567,2606 612,2603 656,2600 701,2600 746,2600 791,2603 836,2603 880,2606 925,2606 970,2606 1015,2609 1060,2609 1104,2609 1149,2606 1194,2603 1239,2600 1284,2600 1328,2597 1373,2597 1418,2597 1463,2600 1508,2600 1552,2603 1597,2603 1642,2609 1687,2606 1731,2609 1776,2612 1821,2615 1866,2615 1911,2618 1955,2618 2000,2618 2045,2612 2090,2615 2135,2612 2179,2609 2224,2606 2269,2606 2314,2606 2359,2603 2403,2600 2448,2603 2493,2600 2538,2600 2583,2603 2627,2603 2672,2606 2717,2606 2762,2609 2806,2609 2851,2612 2896,2612 2941,2615 2986,2615 3030,2618 3075,2621 3120,2624 3165,2630 3176,2634"/>
                <TextEquiv>
                    <Unicode>If begegnete Vormittags in der xx ihren Onkel</Unicode>
                </TextEquiv>
            </TextLine>
            <TextLine id="tr_1_tl_11" custom="readingOrder {index:10;}">
                <Coords points="289,2894 1155,3013 1281,2902 1436,2976 1995,2902 2284,3009 2606,2887 2802,2994 3153,2942 3153,2776 2850,2820 2417,2665 1928,2809 289,2746"/>
                <Baseline points="310,2884 355,2884 400,2884 444,2887 489,2884 534,2887 579,2890 624,2887 668,2887 713,2887 758,2887 803,2890 848,2890 892,2893 937,2890 982,2890 1027,2893 1072,2890 1116,2890 1161,2890 1206,2887 1251,2884 1295,2884 1340,2878 1385,2875 1430,2875 1475,2872 1519,2872 1564,2872 1609,2872 1654,2872 1699,2875 1743,2878 1788,2878 1833,2878 1878,2878 1923,2875 1967,2878 2012,2878 2057,2881 2102,2884 2147,2887 2191,2887 2236,2887 2281,2887 2326,2887 2371,2884 2415,2878 2460,2878 2505,2875 2550,2875 2594,2875 2639,2875 2684,2872 2729,2872 2774,2875 2818,2881 2863,2878 2908,2884 2953,2884 2998,2887 3042,2887 3087,2893 3132,2890 3162,2893"/>
                <TextEquiv>
                    <Unicode>den ich sehr zwei Jahr lang nicht</Unicode>
                </TextEquiv>
            </TextLine>
        </TextRegion>
        <TextRegion id="tr_2" custom="readingOrder {index:1;}">
            <Coords points="235,2983 3284,2983 3284,4017 235,4017"/>
            <TextLine id="tr_2_tl_1" custom="readingOrder {index:0;}">
                <Coords points="1073,3135 1140,3150 1314,3061 1525,3083 1580,3050 1654,3109 1765,3039 1928,3054 1936,2928 1854,2887 1691,2950 1617,2905 1532,2957 1081,3035"/>
                <Baseline points="1098,3072 1128,3078 1173,3075 1218,3072 1263,3069 1307,3060 1352,3051 1397,3048 1442,3045 1487,3045 1531,3045 1576,3045 1621,3042 1666,3045 1711,3042 1755,3036 1800,3039 1845,3036 1890,3036 1935,3033"/>
                <TextEquiv>
                    <Unicode>not, but</Unicode>
                </TextEquiv>
            </TextLine>
            <TextLine id="tr_2_tl_2" custom="readingOrder {index:1;}">
                <Coords points="296,3294 744,3335 1381,3202 1747,3279 2306,3146 2794,3205 3024,3068 2843,3102 2513,2935 2284,3076 2076,2987 1651,3120 1173,3116 933,2991 304,3102"/>
                <Baseline points="319,3210 346,3210 391,3213 435,3207 480,3204 525,3204 570,3198 615,3198 659,3195 704,3189 749,3189 794,3189 839,3189 883,3186 928,3183 973,3186 1018,3186 1063,3189 1107,3192 1152,3192 1197,3195 1242,3192 1287,3189 1331,3189 1376,3186 1421,3183 1466,3180 1510,3180 1555,3180 1600,3174 1645,3177 1690,3174 1734,3171 1779,3168 1824,3168 1869,3165 1914,3165 1958,3159 2003,3156 2048,3156 2093,3153 2138,3153 2182,3147 2227,3147 2272,3144 2317,3144 2362,3141 2406,3138 2451,3138 2496,3141 2541,3144 2586,3144 2630,3150 2675,3150 2720,3153 2765,3144 2809,3141 2854,3144 2899,3141 2944,3138 2989,3132 3033,3138"/>
                <TextEquiv>
                    <Unicode>gefehr halle, der auf selben in Mein¬</Unicode>
                </TextEquiv>
            </TextLine>
            <TextLine id="tr_2_tl_3" custom="readingOrder {index:2;}">
                <Coords points="2813,3279 2887,3276 2946,3331 2976,3331 3028,3290 3276,3287 3276,3153 3235,3157 3205,3128 3131,3120 3105,3135 3068,3116 3042,3135 2909,3142 2813,3176"/>
                <Baseline points="2833,3239 2836,3239 2881,3239 2926,3242 2971,3245 3016,3245 3060,3245 3105,3245 3150,3248 3195,3242 3239,3239 3284,3236"/>
                <TextEquiv>
                    <Unicode>auffeb</Unicode>
                </TextEquiv>
            </TextLine>
            <TextLine id="tr_2_tl_4" custom="readingOrder {index:3;}">
                <Coords points="1003,3549 1199,3475 1536,3575 1799,3424 2620,3494 2765,3427 3142,3516 3246,3487 3250,3327 2558,3253 2358,3383 2054,3227 1784,3298 1666,3239 1007,3401"/>
                <Baseline points="1024,3478 1042,3478 1086,3478 1131,3478 1176,3478 1221,3475 1266,3472 1310,3466 1355,3463 1400,3460 1445,3454 1490,3449 1536,3445 1562,3432 1609,3428 1654,3422 1699,3425 1743,3425 1788,3422 1833,3419 1878,3416 1923,3416 1967,3410 2012,3410 2057,3410 2102,3413 2147,3413 2191,3416 2236,3416 2281,3422 2326,3422 2371,3425 2415,3419 2460,3413 2505,3404 2550,3401 2594,3401 2639,3401 2684,3404 2729,3404 2774,3404 2818,3410 2863,3413 2908,3407 2953,3407 2998,3407 3042,3407 3087,3407 3132,3407 3177,3410 3222,3413 3254,3416"/>
                <TextEquiv>
                    <Unicode>zu ab seit kamer lernte, ws</Unicode>
                </TextEquiv>
            </TextLine>
            <TextLine id="tr_2_tl_5" custom="readingOrder {index:4;}">
                <Coords points="322,3520 492,3524 537,3498 603,3535 707,3468 759,3464 925,3498 929,3346 885,3346 829,3302 737,3339 644,3279 455,3413 403,3405 326,3438"/>
                <Baseline points="346,3481 352,3481 397,3481 441,3481 486,3481 531,3478 576,3475 621,3472 665,3466 710,3463 755,3460 800,3460 845,3463 889,3466 934,3469"/>
                <TextEquiv>
                    <Unicode>and</Unicode>
                </TextEquiv>
            </TextLine>
            <TextLine id="tr_2_tl_6" custom="readingOrder {index:5;}">
                <Coords points="925,3805 1784,3823 2165,3731 2398,3820 2587,3720 3061,3738 3102,3512 2813,3653 2239,3657 1791,3549 1473,3612 1092,3557 929,3631"/>
                <Baseline points="949,3738 958,3738 1003,3741 1048,3735 1092,3738 1137,3738 1182,3738 1227,3735 1272,3738 1316,3741 1361,3735 1406,3732 1451,3735 1496,3735 1540,3732 1585,3729 1630,3729 1675,3732 1720,3729 1764,3729 1809,3726 1854,3726 1899,3729 1943,3729 1988,3726 2033,3726 2078,3720 2123,3720 2167,3723 2212,3720 2257,3717 2302,3717 2347,3714 2391,3714 2436,3720 2481,3720 2526,3717 2571,3714 2615,3714 2660,3714 2705,3714 2750,3711 2795,3708 2839,3708 2884,3708 2929,3702 2974,3702 3018,3696 3063,3699 3108,3702"/>
                <TextEquiv>
                    <Unicode>"If self the enjure the</Unicode>
                </TextEquiv>
            </TextLine>
            <TextLine id="tr_2_tl_7" custom="readingOrder {index:6;}">
                <Coords points="215,3816 400,3901 485,3838 574,3809 614,3834 770,3760 844,3834 933,3849 940,3594 885,3609 737,3572 596,3605 563,3572 481,3572 374,3612 222,3568"/>
                <Baseline points="235,3756 271,3753 316,3753 361,3753 406,3750 450,3747 495,3747 540,3747 585,3741 630,3744 674,3744 719,3741 764,3738 809,3735 854,3735 898,3735 943,3732"/>
                <TextEquiv>
                    <Unicode>ich hieselbst</Unicode>
                </TextEquiv>
            </TextLine>
            <TextLine id="tr_2_tl_8" custom="readingOrder {index:7;}">
                <Coords points="2924,3842 2976,3838 3013,3868 3031,3853 3061,3868 3128,3831 3198,3831 3198,3746 3153,3757 3109,3746 3091,3760 3009,3698 2968,3720 2920,3705"/>
                <Baseline points="2944,3801 2989,3795 3033,3801 3078,3801 3123,3801 3168,3804 3204,3807"/>
                <TextEquiv>
                    <Unicode>frühe</Unicode>
                </TextEquiv>
            </TextLine>
            <TextLine id="tr_2_tl_9" custom="readingOrder {index:8;}">
                <Coords points="470,3923 522,3909 555,3942 585,3942 633,3905 677,3905 774,3942 814,3920 851,3949 1007,3931 1003,3857 862,3831 774,3764 663,3842 633,3827 614,3842 570,3809 466,3857"/>
                <Baseline points="492,3896 540,3896 585,3896 630,3899 674,3902 719,3905 764,3902 809,3905 854,3908 898,3908 943,3905 988,3908 1015,3914"/>
                <TextEquiv>
                    <Unicode>sakt i</Unicode>
                </TextEquiv>
            </TextLine>
            <TextLine id="tr_2_tl_10" custom="readingOrder {index:9;}">
                <Coords points="1854,3986 2191,4038 2413,3997 2528,4068 2750,3964 2980,4071 3083,4016 3250,4034 3253,3842 3083,3890 2769,3790 2635,3864 2365,3805 2221,3894 2132,3846 2039,3909 1969,3857 1858,3912"/>
                <Baseline points="1875,3971 1920,3971 1964,3971 2009,3977 2054,3977 2099,3974 2144,3971 2188,3974 2233,3977 2278,3974 2323,3974 2368,3968 2412,3965 2457,3962 2502,3959 2547,3953 2591,3953 2636,3953 2681,3950 2726,3947 2771,3944 2815,3941 2860,3947 2905,3944 2950,3944 2995,3947 3039,3944 3084,3947 3129,3947 3174,3947 3219,3947 3263,3944"/>
                <TextEquiv>
                    <Unicode>— gesprochen. Zuerst</Unicode>
                </TextEquiv>
            </TextLine>
            <TextLine id="tr_2_tl_11" custom="readingOrder {index:10;}">
                <Coords points="1506,4020 1529,4020 1562,4031 1577,4023 1592,4031 1614,4027 1614,3901 1588,3905 1577,3897 1566,3897 1558,3905 1551,3897 1543,3905 1506,3901"/>
                <Baseline points="1525,3968 1570,3968 1615,3968 1618,3968"/>
                <TextEquiv>
                    <Unicode>m</Unicode>
                </TextEquiv>
            </TextLine>
            <TextLine id="tr_2_tl_12" custom="readingOrder {index:11;}">
                <Coords points="1636,4060 1662,4057 1691,4071 1725,4049 1736,4053 1762,4023 1777,4034 1799,4016 1825,4016 1817,3879 1777,3890 1765,3879 1751,3886 1728,3872 1717,3883 1684,3879 1654,3894 1629,3890"/>
                <Baseline points="1654,3968 1699,3971 1743,3974 1788,3974 1830,3977"/>
                <TextEquiv>
                    <Unicode>auf</Unicode>
                </TextEquiv>
            </TextLine>
            <TextLine id="tr_2_tl_13" custom="readingOrder {index:12;}">
                <Coords points="318,4031 640,4016 766,4075 833,4038 973,4082 1173,4023 1281,4038 1325,4027 1329,3812 1258,3809 1181,3872 1121,3831 955,3949 633,3905 585,3942 507,3912 466,3953 433,3916 370,3964 322,3946"/>
                <Baseline points="337,3998 352,3998 397,4004 441,4004 486,4004 531,4004 576,4004 621,4004 665,4004 710,4007 755,4004 800,4004 845,4004 889,4004 934,4001 979,3998 1024,3995 1069,3992 1113,3992 1158,3992 1203,3989 1248,3986 1293,3989 1337,3986"/>
                <TextEquiv>
                    <Unicode>in me in Lebe</Unicode>
                </TextEquiv>
            </TextLine>
        </TextRegion>
    </Page>
</PcGts>
