3544 4376
261 386 3195 765 sankte. Ich war einer, der so etwas, so kal
469 700 3028 1003 da ihn nicht einmal die Schöner eines
216 984 2979 1287 jungen Teil versöhnen Ja, unverhöhnlich
208 1215 3248 1503 das war es... Mir einen, der sich geliegenen
220 1469 3054 1809 Rach freut in. Aber er schwaar wieder¬
2275 1692 3081 1991 a kom
257 1775 2199 2055 Ich ist wahschtig kein zum
291 1938 3130 2316 Grund. Das fehlt nun noch, daß es nie¬
284 2267 2464 2623 Worauf macht - ich und
318 2763 3251 3149 Bliebei ganz vorbei das Leben, den Vergnügen
299 3066 3164 3372 jezt alles oder die mein ganz davon. Die
356 3285 3111 3668 Nergänge, nicht die Liebe. Die treve
303 3535 3073 3891 will ich mich wohl hüten. - Auch bin ich
2290 3815 3172 4126 Ich habe sie gern
223 3846 2263 4129 werde viel unter Menschen.
