3480 4328
276 400 2962 718 begegnet ihn gefall auf den Cap, und
191 626 3033 955 Jahr war ich er ihm vorbeugangen. - Inf
191 863 2916 1143 gericht. Ich fragt ihn nach seinem Nichts, auf¬
389 1090 3107 1433 bleichkeit, als an Interesse. Ich reicht so unter
272 1157 410 1408 5
234 1302 2902 1649 nach er ihr; wie nicht
361 1532 2891 1890 Novee die kleinen von ihr käme.
1023 1798 2905 2215 peu je sesul, où ils que son
329 1968 994 2190 in am
658 2127 2898 2438 Geschäft, - heilte aus
272 2162 687 2502 letzly
393 2410 2813 2866 wef er ein letzt Ernung auch.
333 2697 2750 3036 Brief kam lange nicht nach ein.
375 2905 3040 3287 und Blüne tinnet it honats,.. ohne
1345 3135 2838 3546 schweigende Verantrag
329 3256 1309 3567 en Mart dazu
453 3457 3072 3748 Klinien.  -  Uuch sagte,  Un in
1327 3694 2626 3875 war in ganz verstammt
1306 3737 3096 4045 gehaben bewies. Sie wissen
432 3797 966 4151 ich ihre
