3512 4280
1616 71 1769 266 bre
385 153 647 404 Deine
2611 314 3224 621 Gefreiß, in
277 352 2397 662 Glas. - Er schreckt zusammen. - War ist der
262 580 3059 853 meiner weiß etwas! - Jetzt, wo er fehlt, doch ein
251 741 3216 1141 rheinlichen Gewalt da ist, sofort er sich nach dem Lebendge¬
254 1010 3265 1350 - Er hat Grethel vornachläßigt u sucht sie wieder auf; vergeblich, -
295 1189 3134 1548 Er macht nun in dieser Provinzstendig, wo der Onkel u. der laubt
310 1339 3142 1776 leben. Er mahl höre daher sie ein tödre war. In so heeft für ein
340 1698 1634 1986 E. E.K. siehen wässt.
