3528 4280
2403 311 2999 603 Clank.
1767 307 2272 629 to knt
255 348 1700 636 Gerichts-lieb in Truby
288 603 1913 921 Uns Nimmerwiedersehen
251 812 3223 1157 das sie die Grundzugeb Geschäft geruhen, - ab¬
251 1071 3201 1381 es war nicht wie damit. – Sie wäre nachlicht
198 1325 3193 1644 untreu gewesen, aber sie soll nicht aufgeferten.
247 1625 3160 1909 zu lieben. Sie verfolgt nach. Wehr, bewallerung,
258 1834 3141 2145 Sie fleht mein Verzeisung an, sie weit zu mein
281 2033 3186 2340 Ihroich Korn. - Eine on Endlich no
258 2272 3167 2587 schloß ich ich mein Thüre. Da kam dem noch ei¬
329 2501 3178 2916 Zeit, wo ich sie zweile, wenn ich der Haus¬
2916 2875 3197 2991 an
292 2774 2677 3104 nalicht, an d 7k om traf wach¬
2815 2980 3122 3077 me
266 3070 3276 3388 in gemessen Entfern folgen sah.. Ich kümmert nur
281 3332 3160 3631 einsach nicht darin.. Zu viel lagen
1958 3557 3223 3822 Joreilam Monsieur
311 3560 1864 3886 wem auf nach Zum korn
314 3781 3119 4006 oft Tzyln sie torenast fui
