3496 4280
388 463 2138 787 Der Tag drauffühlt er sich zweitet
365 713 1435 946 kalt, hell.-kühig:
361 797 2901 1155 Soeckesten! Klänner. Offenbar hat sie noch der Aufwegjegel, aber so so
324 1050 1662 1273 möchliß. - - Allendi -
334 1223 1209 1412 46 knt in Monat
358 1331 3074 1577 der nicht Monat Frist wird der Blumen?  das so benach nahmlich
412 1564 1746 1804 Ich meist in alle Blumenhand geh in
419 1723 1787 2010 Bodersins zu ihr Grab zu gehen.
409 1898 2668 2216 Auf ein Bell ganz hatt und - wie er zuwilckkehrt.
463 2124 3141 2408 Eine dann, die möchte ist, weil sie de kleine wegweh walt
351 2317 1726 2614 mit dem er bericht deshalb! -
436 2665 3087 2982 gete, daß die Blumenhandlern unwirklich, und
733 2898 2682 3286 noch eine einbildet, daß kommt. -
530 2952 676 3165 Mr
578 3269 2182 3614 Angeles; - sie sich wahr
2239 3273 2722 3550 Yorley
936 3543 1837 3779 of in novrs
1918 3546 3057 3881 [illegible?]t!
