3496 4376
184 393 3141 838 nach Schwegen gibt; - nein, er gibt nun Gründe
1927 633 3141 901 te Lußen M treue.
162 769 2997 1122 die schneider, und wie lassen im reinen
195 1004 3104 1298 eine und lauten unser Seele ein, dass
188 1261 3078 1607 zu sein. Das sind so schmerzen. - Ich konnte
169 1541 3082 1894 mich nun hiesetzen und sehr tief die ernste
213 1850 3115 2126 Bücher lesen, an deren ich früher nicht viel
180 2111 1603 2409 Fond Vorpeiin,
1622 2085 3056 2398 und ich drinige betr.
195 2298 3085 2718 in all Ihnen ihnen seit es. Oder ich konnte
213 2578 3104 2935 vor alle Bildertreten die mir früher nichts
188 2905 3122 3258 gesagt, und jetzt zeigt mir ihre gute
2721 3258 3078 3468 Bery
191 3192 2740 3490 Schwehrt auf. Aber nicht auf
1739 3446 2997 3766 Suef Mr Aifaud
213 3398 1754 3751 leihen, der ganze Rk.
239 3755 3107 4053 Und wir ich als manuf lieb komtfr d tott
