3576 4296
1612 81 1749 280 be
306 342 3214 788 doch beilen Phrasen: das klärten, das Falsin
254 600 3118 968 und dem Melt, das ist das allerzeitigste.
383 825 3078 1252 so wie ich dann auf besondere traurigen
2558 1001 2912 1149 Frau.
236 1075 3144 1436 at alles andre. Es war ja gericht sehr auch, at
236 1255 3203 1704 ich darum ihre Betrug inbetrkt. Da
280 1557 3059 1944 war die sich alles dabei. Die Muth und ist
710 1778 3129 2257 b Gafs in de Tkol vor der Dasein im
2507 2028 3284 2463 be gekränkt
2260 2249 2389 2433 P.
1307 2179 2168 2573 ach zu geich.
339 2220 1277 2566 the G pkant
3008 2404 3173 2570 m/
401 2396 3000 2820 Eitelkeit - ich bin so erst nach ein nach¬
1992 2650 3048 3015 And daß sie s
335 2757 1844 3177 ste Schwer gekommen
431 2934 3225 3350 schwunter licht, als sie mich verlehren mußte.
1877 3147 3365 3523 ner troft: - Mit, der
390 3221 1760 3670 war das auch ein Or
412 3505 3280 3928 die Treuen heute eigentlich nichts als die Augen
