3528 4280
641 287 1679 560 al sie zuündlos verlassen.
404 414 3067 754 Er lebt nun ganz mit der Bild der Ungegönheit.
436 630 3116 963 Hierkeit darauf, Ihr zu überhaupt das Clocke nichts eintreten
432 935 3240 1162 zu vorantworten ist. Un wei ihn scheint, da er jetzt eher
414 1101 2688 1409 und morgen wieder sein kann, so ist es oben -
478 1349 3045 1608 Waren nun sel ich hier verlassen? – Ach hatt, könnten war er
506 1562 3169 1799 sicher nicht, das sie in der Tod trüb. - Aber worin wenn
464 1710 3021 1980 “Sie wie man nicht morts.’ Wo sei diem Phrafe“ - -
581 1926 3077 2309 1/geh auf den Friedhof; ein Regelang; geschwären. Da ist
542 2220 2553 2511 Grab; im Zugel; – da enth. soll sie liegen,
418 2447 3201 2720 Es geht nach sein, da kommt er plötzlich darauf, daß ahn bald
443 2698 2174 3024 Er legeht ein treulosigkeit mit Grethe¬
414 2868 3244 3159 der Blumen sind nicht gekommen. - Cas, - u Erlos. Seiteker
368 3162 3081 3559 der Auftrag ist abgebufen; an ihr der aller noch – E. h.
336 3396 3113 3722 wie wenn Uebel gewinnen. - Elisgericht konst leicht den
312 3676 3159 3991 it trafling. - Mais a four koment - pofr to klein in
