3496 4328
1985 353 2454 549 Brya
1034 417 3105 737 in der starken Malheute Minis
774 485 1022 786 tafe
274 492 748 782 Herr Dr.
278 684 3146 1079 de Bild der St Gedank er leädten is
2071 981 2368 1086 in e
207 996 3154 1327 ein aufstieg, das ich vor xxx an¬
203 1225 3221 1586 inhvn Arman geball febh an Une ambiner
319 1481 3142 1800 ehr der Onkel an den Tisch neben nur sehr
237 1793 3105 2120 der Onkel entzwei ich der Jahren, sah
1778 2094 3221 2413 Edel, und
297 2105 1725 2451 Gemütlich bemerk
2436 2319 3105 2560 Db Gada
1658 2323 2079 2556 Bevor
244 2417 3146 2774 trank mir ja. Um einer ihm weg
271 2740 3078 3124 blieb er uns von gera de mit neb un
327 3045 3184 3458 stehe, und, wie ein großem Geheimen, theil
1301 3375 3281 3747 Es sei Nicht Ein mich schwänni¬
222 3439 1319 3702 er in mit, daß
293 3665 3221 4056 N. Wiskal sipnances. - Und mir kei des
