3464 4328
1381 107 1716 369 Gouvernement
1170 321 1676 517 Wittwen
244 428 3093 801 einmal in jenerübren Gesellschaft, sehren
229 646 3005 1059 we sich die Cänte in der unterwürdische Regelung
185 930 3130 1277 vor drei Jahren, das war in der kleinbürgerlich
233 1218 3090 1524 Gesellschaft von klein Bürgersewiln, die sich
255 1432 3156 1846 einen Willenach auf der kei ihre Kegelaben.
185 1728 3152 2023 werden hette. Die kam auch sei wil ihre
221 1956 3126 2270 Ritter hie.    Un dem, in Somme durch.
203 2226 2971 2540 Ihr war ich in mit einiger Freund
196 2455 3001 2809 in Peter an lästige aber in der Garde.
159 2732 1052 3082 the Ungerisch
2418 2768 3108 3027 h. Blom-
1052 2765 2433 3101 lei sich, Zogenommen sei
181 2986 3141 3341 und ich, unter einen Freund, mit dem ersetzenen
266 3267 2750 3673 Enegfindung doch eigentlich allein zu sein.
439 3573 1037 3688 Yours amt
181 3632 2935 3946 I) Auf noch wie sich in sich unter¬
262 3835 3071 4116 die Klängere der Sitzenmusik an nach ein¬
