3544 4280
1466 112 1699 315 G. P.
504 491 2796 741 1. 2. Nachricht er ihre Tod. Frauen. - Verruf
447 616 1202 826 3. Berichj -
1236 677 2975 958 §- 4. 6. 7. 9.-10
447 819 3168 1259 11. 12. - 12 um 4 verbunden u entsprach.
393 1026 1090 1212 andere
1368 1053 2921 1344 13.14.15.16.-17.-18.-
545 1195 2241 1472 in Blumen Kris er nicht wieder.
501 1439 3002 1760 die werden aber so welk, dass man sie weggebe müßte.
440 1577 3046 1899 - Verleih fragt Grathet bei rein? - Wie sie hört, daß
498 1804 2251 2160 sie todt ist, bewesigt hie sich ersch.-
450 2329 3168 2711 Jahr auch, er wäre mir diejenige Theil, vorwenden
443 2840 3145 3135 Endlich an einem seine Trüschert konnte hatte
440 3036 3138 3300 brigt Blumen mit, meint mit kriß gar die wolle
423 3226 3019 3551 wirft sie zum Trechten hinaus – und sieht mich lassen.
494 3503 3097 3879 schathen tief auf in die Leb ist erh: aber der Leb hat recht
768 3751 3172 4032 Mei ich nach Hoof kommen, Eind auch die Blua entfl
487 3900 1256 4048 Ihr so alles sich
1313 3960 1412 4052 —
