3544 4280
455 126 548 355 be
285 241 3236 666 ich vor meine Wohnen, thür Blumen; seiffer
81 589 178 855 Deutscher
926 485 3203 877 fein Teid an die Schnell zu befestigen
281 626 852 870 sie willilf
352 744 3040 1096 Ab unzukam auch Briefe er ich, flehe er
322 1085 3143 1355 aufschlüssens geradezu, die mit der Zeit im
1962 1226 3229 1596 hoffnung daher erneint
318 1303 1973 1607 demüthige, traurige,
363 1492 3162 1844 Mons komle ich thun? - Verpeise komma je me
300 1722 3277 2107 wir man nicht geliebt hat. Endlich kam wird
311 1977 3136 2288 einmal von Brief, der ein Bett entseel
359 2236 3103 2521 Eine Sie müssen Mein ein jener Tagen ver¬
318 2436 3151 2803 lassen; noch einmal auf fünf hiemit voll sie
2110 2714 3162 2969 geb nach. Corne
296 2721 2036 3084 meis sehr in sprechen. - Ich
2066 2906 3173 3232 wach fast ja nicht
348 2936 1940 3288 ein gäntliche Schen. Ich
422 3110 3092 3514 fragt sie nun, was sie an eigentlich zu sagen.
344 3432 3188 3714 sichte? Nun, weil nicht, als daß sie nicht
363 3640 3258 3988 man weggeh, zurück nach Graz, zu ihre Mutter
