3544 4360
1969 257 3092 772 so kreischt sich die
138 440 1947 802 die mir sehr gestorben sind,
235 589 3085 1011 hav nicht, wie sonst. Da tod ist etwas freund
201 903 3051 1332 liches geworden. Es geht unter uns herum
198 1212 2286 1749 er will' und nicht böser thin.
168 1697 3159 2093 I. Etwasseltsames ist seit geschehe. Es
257 1966 3111 2339 Es ist der Tag, an welchem sie und allmonathut
313 2193 3088 2518 die Blumen schickt... die Blumen sind auch
261 2458 3103 2742 Uus de Blume hier werit gekomen at
198 2648 3200 3051 1 at at jatt sich nicht verändert. Sie sein
347 2906 2119 3234 sagung fortmorgen mit ihr stok
310 2999 3234 3309 Trenhaft hat so etwas gebracht, in einem xxx
321 3253 3256 3588 meister lange schmalen Carter, einige Nelke
325 3469 1764 3670 de lager So wir, ausserner Sorge.
287 3517 3066 3894 und Veilchen; - er war gern früh; ich lag an
3122 3629 3204 3782 e
336 3812 2969 4058 Boll, at man we dl perkef hanf
