3464 4264
423 299 3095 685 nun dann kann. Und blieb vergnügter
430 539 3091 911 dem ich wusch, dass das dem Geschäft
186 816 3033 1119 an den xx steh und warten; und ich am
175 1024 3025 1400 ich gewest hätte, die das soll kaum ange¬
951 1305 3029 1629 ich sei auf den Schrychler jenom
343 1473 620 1695 b.
875 1549 3062 1910 gebracht. So dass ich, dachl es ge¬
226 1622 813 1928 in sin if
248 1822 3186 2209 fest und müßte jedrich, das er unsinn war.
2836 2038 3160 2406 Test,
259 2125 2734 2533 Und Grethel
306 2366 2912 2788 k. W. und im Nachricht auf d haar ble¬
2730 2453 3171 2723 levenel
372 2599 3055 3055 hinte mein Tessel stehe, kefte
2213 2909 3131 3288 I am in.
354 2956 2121 3390 de frans - beruft cent ist.
364 3244 2650 3630 dunging sis, but auch als i-
361 3430 2767 3838 der ich schleitetes Uns ich meinte, ich
