3496 4312
782 321 3066 775 so angewichtet.. Ob wie je nicht umys
225 439 712 675 with
2727 616 2970 819 un
258 579 2708 967 schehen zu machen. Sie
1085 838 3111 1199 schreiben! Wie uns diese ich ihr nicht
982 956 1192 1100 ƒ
148 948 922 1240 nicht mehr
2273 1052 3207 1384 in das Schicke
188 1151 2244 1465 verliegen. Blumenwandt sie mei
694 1343 3103 1701 Sie wollte, daß ich ihn die Hand gäbe, als sie
1262 1635 2782 1974 ich hat er nicht gethan.
207 1712 1203 1970 und nachsicht.
221 1841 3177 2277 sub's nicht könne. Ich haben kein mit der frage
188 2148 3166 2557 sung sagen können - ich hat sie zu sich geliebt
406 2472 3170 2830 Und sie ging, und vom Terste an soll ich sie un¬
292 2753 3077 3103 bis zur Straßweck gehöre sehen, wie sie einbe¬
1410 3026 3089 3432 schwierte. Ein mir, Ein
273 3089 1387 3417 an die ich sie no
314 3336 3196 3708 meine, für immer -Jetzt kam sie nicht
339 3675 1616 3970 werden können.
