3576 4312
1830 45 1913 312 me
1604 150 1774 289 1:10:
308 346 3243 733 keine Augenblick früher gestorben ist als
323 639 3216 1022 fei di andere. Schmerz? - Ich rechter
286 860 3183 1278 nicht. - Nein neue gerufs nicht. Mehrmit
1710 1157 1815 1255 15
1582 1229 1852 1360 nid
338 1236 2995 1567 all sichfte falls. das g allgemein
334 1413 3130 1834 Schönen, der man fasst, wenn etwas in Grab
274 1732 3179 2085 sinkt, das mir einmal gehört hat, um dessen
380 1988 3149 2390 Wesen nur noch unweigung abgeblich von
372 2142 3198 2619 Aug sieht mit dem Leichter ich Bligt
342 2465 2995 2908 und mit den Klang der Stimme -
2194 2811 3280 3070 R- idem am
342 2890 500 2991 1717
413 2769 2112 3179 daß mir das Meine noch ist
2330 3074 3055 3265 Yours, Mr
342 3122 2318 3442 nicht verfehlen - wie daß nur ent¬
410 3299 3438 3630 sich wieder können. Es ist freudig, so traurig.
402 3532 3254 3972 Mais mais loyen mer ma cruell. Er sia je
