3624 4376
300 440 2048 850 Da ich sie ein Nägere u
2090 296 3152 827 of one of friends
220 740 3269 1176 Daß man sie wegger sammt hat, ohne mich
1927 1039 3205 1426 Er f geschieht nicht
375 1111 1820 1498 zu fragen. A
2029 1365 3262 1726 ich bestimmte Befehl
300 1221 1938 1733 Die man ihr gewöhnt,
356 1669 3220 2006 geb. – Und der kann ich recht sein. – Weise bei
1881 1923 3326 2348 Unmöglich - Nie kommt
315 2002 1722 2298 hof kleine weg-
2040 2234 3299 2678 Lippo: Mr. F. M.
338 2268 1881 2594 und das Meil noch
1946 2537 3299 2973 Dese kleine sind weg.
372 2643 1578 2932 Drf. Blaumway
2101 2901 3110 3216 stehe sie im
436 2905 1858 3281 Vorwerfen - Auf Gott
379 3182 3243 3550 mir die, - und ich weisser nicht, ob mir die
1752 3603 1896 3884 e
338 3531 1638 3872 wohl oder wehthut -
