3480 4360
312 448 3142 853 so im Zalbdesel eigenthümbes im Justiz und kennte
246 783 3065 1077 abenteuerlich nur, daß der mir der hier der als
198 1033 3160 1374 dann nun das hie erzählt, unter der klinge
2653 1257 3054 1481 Consulat
187 1316 3138 1727 der länsel Cymtals um der jünchende beher
246 1573 3072 1915 Geigen, - und, auch vor kam en Stuur
187 1896 3076 2264 das Mädchen in xxx Arme gefallen hatt. gelegen
232 2198 2991 2506 einer unterhandelung gehalbst gesagt, hatte... der
202 2492 3047 2855 ich das so gut nicht u. dem  nach
735 2731 3175 3105 ihrer letzten Kussens auf den Lippe lag
217 2789 702 3083 der Acht
235 3036 3021 3385 denn vor ein kleines erst halb sie auch je
213 3344 2958 3594 anlassen. – Und nun, früh unmittag
2598 3550 3212 3804 FJ
1102 3528 2580 3782 wie ich ist zufällig lassen u
257 3660 3065 4009 Ich begrüßte ihn, und fragte ich durch, nach den
305 3884 3076 4134 Kaum falle Wir habe kein zum Morde
