3496 4328
1755 191 2883 426 a 1 1 - 1 a
1407 209 1730 393 P.
646 308 837 518 "
129 463 3052 823 noch nicht entsteckt haben. Ich weise, daß die kalk
162 753 2993 1065 im Weilche verwalt werden, und ich feucht
140 955 2931 1278 nurf hvor. Sie werden sieben. Und Er
136 1186 3085 1531 begreif alle möglich Unsinn, der ich belacht habe.
154 1476 3052 1858 ich begreif das Zwießwachpflegen mit Gegenstand
173 1785 3089 2115 der Natur- ich begreche, daß man auch Artiner
231 2068 3147 2387 mehr kann, wenn man mit Grison die Woll¬
297 2321 3180 2633 melle spricht. Ich fern diese kleinen, an war
158 2578 2927 2986 te ja doch eigentlich. – ich warte, bisher anhang
264 2890 2843 3206 mord zu reden, auch auf nach
268 3144 3000 3474 nunfort berichte auf ein, ersprifig, daß sie
290 3419 3081 3702 immer reden – auch jetzt... daß sie mittheile
272 3680 3125 3977 mit den jenen Fähigkeiten ihr Salz und daß ich an¬
