3560 4232
1335 61 2079 260 Votre très-hacune
1158 314 3013 664 durch ihr die - aufhäng lassam
1624 487 3212 740 siller wenste schon lassen.
1667 653 3273 906 von den bessern seines nieder schwcht
2122 805 2407 992 derch
217 826 2873 1169 4. Daß ich nun der ganzen Nachmittag in der xxx
2144 985 3259 1252 durch die schon die herbe,
913 1039 1404 1259 Edi Fleiß
267 1126 3096 1382 ein frohen Tvasten herauspagiert, in andere ihr Bergung
303 1281 2255 1501 teht eines nahen Treibungsslette
289 1379 2977 1682 do nach Meisenscheintze flitzet - und bei
271 1628 3111 1931 nur zu hoese, und die tampe brennt, und als
303 1884 3035 2172 Herrn ist angezündet, und ich die Bücher
281 2180 3114 2436 liegen da und alles ist breit, daß ich mit
1617 2421 2988 2703 Herrn könnte. Aber es
408 2429 1595 2775 er recht besorglich
1530 2602 3172 2829 und ich nicht immer um
318 2750 2930 3031 ist gern, angeblich, da auch nur A
1952 2905 2212 3107 to
314 2952 2927 3313 einsehen. Der scheint eben
383 3270 3284 3537 ganz andergefeinigt des inliches, eben besonders
1057 3414 1952 3616 Diese Gericht
368 3522 3078 3883 zu seinen dieser Zinsen: ich kann das, Re¬
2205 3713 3057 4017 Jegen. Er ist je
383 3829 1350 4053 Dich ein wieder
1732 3749 2057 4006 be
1350 3811 1599 4038 r
