3544 4376
204 377 3194 720 kleißert da recht Wortgefuget,
239 674 3079 1016 Je was mich ganz fröhlich machte - (5 me
212 878 3179 1251 sey merkwürdig, es war ein Art Erwachung
173 1162 2914 1424 Mir war's, als löste sich irgend, ein denen
162 1347 3160 1713 lien Kopf taucht auf. Vielleicht auch. Verleich¬
181 1570 3102 1940 hat diese kalte frisch tuht auf den Land von
2255 1832 3033 2113 die Frau
192 1870 2201 2217 Sien wird freien gemacht.
181 2136 3048 2482 leichter fühle ich mich; das Leben salimod
700 2325 3060 2725 Recht geben kann noch mehr
181 2521 604 2636 2 mna
165 2625 3148 3002 dazu, ein Inselt umgreiche, et als
2382 2921 3064 3252 Leiche wenig
200 2933 2201 3229 als in enimam wihi
1582 3075 2375 3302 kameri wiltl
177 3187 3275 3533 nur zu rechten Zeit, als guten frühen wirkt
258 3441 3094 3745 – die wolken dies schrecklichen welken
2263 3637 2529 3826 gler
227 3683 2998 3991 Blumen wäre nicht auf in einen Zum
273 3899 3160 4157 ret of fim kom. Man satt sich endlag out
