3560 4376
210 510 3166 912 vom Sonnen herkommen, wo es mitten ein zum
165 814 2851 1170 lag, um der neu so verändert aussieht,
1489 1020 3192 1440 ein Zusang mit it übrig.
180 1095 1380 1433 einsam, s. ahn 8
180 1313 3174 1677 Mell, als müsse es jeden erst anbetrkten. Ver¬
210 1579 3185 2014 der geheugte Ofen in den Mittheute; f gleichheit
1523 1909 3177 2258 bey wortweg rück¬
1260 1939 1474 2217 fitz
210 1973 1200 2266 dass wir dt
300 2123 3155 2540 müssen, und die linke Menge an die lieb
341 2348 3155 2783 u. das kltin Gerthel noch nur geegtet
180 2637 3211 2993 war. Da muss ich f. der Classen Seit küsse
203 2907 3170 3267 Und die Rutsahm, sehe im selben stöcket. Wie
3024 3031 3166 3219 se
2622 3207 3136 3395 Yours
263 3219 2401 3526 sich xyz nicht um,
221 3436 3050 3736 wie sie man leide samt nahm. Un dem
229 3706 3181 4025 sagte sie. Zeit hat ich diesendlich wieder¬
2716 3853 2982 4014 selz.
788 3939 3069 4179 salls so xyz oh alles konntet
233 3958 769 4190 2. V-
