3576 4376
1172 220 3118 657 Als hatt fin Mein nicht, at
294 389 1186 705 Mar is nicht, &
305 529 3070 929 soll sie gleich nach ihnen zornag – siebahren ein
2255 757 3221 1058 M? M
264 819 2226 1190 äusslich unbezweifliche Schei ers¬
2020 1065 3188 1304 2 Blumenf im
202 1050 2009 1425 wünsche Ich habe sobst
2255 1205 2894 1425 Grybel
290 1329 3202 1678 konkt sie wieder ins Glas. Dieser aber nach
253 1458 3169 1939 ich und warf sie in der Ofen, dem auch schon
283 1719 3129 2134 mir, als hatt ich sein Aufgeh erfüllt, in
323 1972 3235 2369 der Nothwendigkeit kein Zweifel sein nicht
338 2222 3302 2600 Une the lebens war een sig, vorging in wohlthil
327 2538 1473 2879 unfame leobrit.-
2101 2971 3140 3272 and nad Grath
650 3067 1976 3364 wird nichts zweiten
444 3228 3195 3724 erbe jene Tien gefrochen. Sie ich muß
2009 3511 3100 3904 1, from a
386 3548 1968 4065 gewesen. So ist zertlich
