3544 4328
289 344 3103 714 Umriss meines lehres wenigen fest we¬
255 610 3148 951 sonst. Schon der gehen verschwimmt, und alte
200 891 3026 1291 war ein zur Tage zurückliegt, bekannt
222 1124 3196 1561 in Charakt einrunklan troriner. Ein
203 1420 3155 1775 er neuen, wenn Gruthel zum Gretsel zum
237 1709 3166 2075 mich verlässt, im unterhandl. wenn ich sie mehre¬
166 2027 3107 2308 tag nicht seh, de ist mir, als man der
215 2271 1346 2593 Geschichts, den Compf
1487 2293 3137 2608 laieß vorbei ist. Sie kennte
229 2556 3026 2896 immer noch weil, an so weit! – Weise bei zu
300 2837 3092 3255 gleichten anhängt, ihre freilich bald der
2238 3103 3140 3429 auch bekannt.
229 3118 2208 3466 beim all; und wenn den
2504 3407 2704 3717 me
270 3403 2245 3695 über mein dieser Exktorin halt
2704 3421 2841 3721 n
229 3621 3007 3984 um ich habe ein deutlicher Enghand der
