3624 4344
378 262 3237 766 ge, das Knick wohl auch sein, daß sie eine
2670 621 3182 981 Ogge
349 588 2485 1006 Freundin noch – vor ihren Tod et¬
363 923 3233 1260 geben hatte gebeten hätte - das wäre dem
345 1133 3273 1544 freilich schöner. - Nun, damit sind aber auch
2121 1417 3247 1707 und es gilt geich
345 1435 1671 1736 alle Möglich teilen?
334 1671 3218 2100 ken sind, zuzitten, wenn die Blumen¬
352 1972 1072 2259 kommen.
930 2169 2663 2474 Ich will mit nicht bei er be-
3084 2259 3298 2568 xxx
509 2394 2906 2717 Hismal laß ich mich nicht beworren,
429 2594 3142 2935 mir so sind Blumen, weiln nichts. Es sie
418 2848 3168 3237 ken Grist aus dem Innsents. Es sie kei¬
483 3073 3226 3476 Erinnerungen, die lebendig werde sollen. Er
447 3302 3327 3731 ist kein Ruhe, vom, kein Kufen an ihm
2550 3625 3338 4007 you
530 3640 2568 4014 Gesch.- Blumen sinders, and
