3576 4328
145 194 3129 618 Einde auch verstehen ward daß sie immerseit mit
112 473 2943 868 theilen, und daß wir deinen an alt de Münch
138 738 2973 1039 in Augenblicken, wie ich jetzt ab, welch durchmach
197 939 2928 1334 noch dara sind, sie zu verstehen - Aber gar
2429 1162 2727 1334 olle
205 1214 3215 1617 dazu kein ich zu doch nicht. Bei aber noch nich vermitt¬
201 1535 3189 1844 wie dieser anwährende Protz höhnend bemerkt,... wenn
294 1799 3122 2198 gesunden berissenverstand. As, ich mich we¬
261 2064 3189 2466 ich mich weg, ich halte bei diese Blumen nicht vor,
287 2347 3081 2701 Wien, konnt ich da nicht das vernünftiger.
309 2660 3248 2969 thien, um sie einsach hinausfallen?  Ich kann es nicht
767 2868 1199 3036 bouleur
332 2894 3282 3271 Es mari in Unsichlichkeit - je je, ein Unföhlensten
369 3140 3185 3546 genau Auf Empfandung hab' ich; ob ke ich
365 3494 1840 3811 nicht helfen. Also! —
