3608 4360
170 336 3135 727 ich solle noch der Schlaf iste Cire in Auge.
203 605 3147 963 Geregnehmth gr Nov erst wie ich sehr dere
151 915 3065 1214 war, der Carton zu eröffnen. kam mir et voll
258 1114 3080 1450 Besinnung. Da bin ich beimahl erschrocken.
255 1402 2302 1760 Und ich hielt die halk in Verlesen
2291 1380 3080 1682 in it from
251 1667 3150 1985 ihn kleine. Und da lagen, ziemlich durch ein¬
243 1944 3102 2287 sene Haldheit zusammengesetzte Uelken im
1044 2088 2567 2298 My is anam das Lage sich
963 2195 2992 2519 Öffentrer darüber daß erschloße
310 2239 918 2542 Nurlehren
310 2435 3065 2767 schreck war, muß ich freilich bald lächeln
358 2674 3076 3132 her den wa ich geruht. Ob sie wohl schon leer
2641 2973 3006 3257 Sev
2442 3036 2593 3213 it
332 2995 2317 3338 In & kankt in d Blumenfeuer
361 3257 2910 3597 gal. I Blumen a et geevöhnlich t
590 3545 3154 3947 Schieken! - Oder ob sie, bevor sie krund
1321 3740 1656 3940 Mr
350 3766 3014 4054 murch, Oder für eine gefühlte, daß
