3496 4328
1294 383 3164 773 I nicht weh lautet. Alß
383 416 740 751 daß
725 435 1242 751 Zum jetzt
249 613 3171 1097 auf sogelitten gebekennte hat, er haige Wohlthe
361 933 3011 1275 tei mich gewesen. - Ich hab sie noch alle
368 1216 3160 1550 odem Augenblick kan ich sie wiederlesen
223 1502 3007 1807 die dezende Brief, die im Verzeihung
364 1755 3082 2119 schleiten, ja erte? - Und ich sehr
2639 2004 3037 2190 lungl
268 1955 3178 2498 sie sich von wir, in dem Sinkalten Reis¬
3141 2234 3238 2398 D
260 2335 3126 2625 mit dem thea Nachhut. wie sie a it
320 2546 3204 2911 Ck des Straf storad, in it. Alberttraio
264 2796 3171 3238 wenn ich aus den Zurichts traf. Sie pfteyte
275 3134 3197 3509 nur ein paar Schritt zu folgen.
312 3357 3297 3825 sie: Und zum letzte geinliche Keine, wenn
260 3714 3138 4019 ich ihren Stille nachgegeben hatte; ein letzter
