3512 4296
2328 286 3209 569 e, ni visant
201 294 2309 588 in der Strafte gerkt es mich da
736 495 3079 859 6, muß nach einer freutenden
234 606 654 811 Herrn
2849 692 3079 870 be
1670 747 1811 892 1
316 707 3154 1075 sehen. Und da sein sie dann in den ganzen
182 985 3161 1339 stär, da Messer ist trüb zwar wie ich si er¬
223 1220 3220 1621 lassen. Gefen aber hat ich nachher
2265 1413 3146 1796 Greb annt
260 1558 2216 1815 gemeint, wie wir auch
257 1711 3120 2105 um habe gar nicht an die jedocht, er den
208 2038 2949 2373 sie eigentlich kein an. -
234 2287 3057 2562 Vielleicht wie ich auch; aber mir ist, als fehlt
219 2536 2997 2830 auch Gruthet die Anwesenheit vor wyr etwas
2019 2752 2138 2878 r
1008 2718 2001 2949 toltsame in to
2231 2763 2492 2904 in
164 2823 3075 3113 unendlich nur sehr wingen in ihren seinen. Sie
2332 3046 3116 3295 is last nuss
822 3072 2268 3377 fribl, sie Seit La
435 3146 684 3410 nicht
182 3113 390 3421 s.
223 3272 3124 3644 mehr wenn sie den ist bei uns ist. Sie sich
197 3581 2670 3931 leiser nicht so laut, nicht mit diesem
