3512 4360
294 291 3028 736 Und wie ich die Blauern ist die Herr nahm,
235 684 3075 982 kann und ging mir in Schauer damahr sein,
213 879 2995 1254 schweifs, wiese sie auf mich heute noch
243 1115 3112 1494 gekommen sind. Mei sie ihre Kratsen
221 1387 3131 1799 nahen, wie sie sich vielleicht sehr an ihm
357 1666 3101 1987 er unhein Todes fehlte, ging sie noch
430 1887 986 2082 gemacht
195 1909 3116 2281 die Beflug in der Klimersanab gegeben
239 2170 3197 2446 wie de nie damit if ihr fehlenkeit
206 2413 3127 2796 verwissen sollte. Ich solle ihr z. Aufkeit
1814 2605 2873 2921 Gerich, B ist?
291 2748 1777 3009 nicht vermessen.
1151 2891 3160 3189 i erklären; als etwa voll
349 3006 1023 3215 Sreiben
338 3134 3189 3624 nete dieses; - mehrere konnte ihr kommen
335 3410 3050 3859 etwa neien. als etwa rührenden
1196 3686 3189 3966 „Uor doch wie ich sie in der
335 3756 1137 4021 vielleicht
