3592 4328
1807 86 1926 358 re
291 350 3174 782 allerletzter Mal noch wollt sie mich sehen u an
279 644 3237 950 noch einmal die Haus küssen, wie sie schrieb! —
309 890 3133 1263 Und wie sie nur auf den Best lag
253 1185 3118 1524 mit dem und paar, mit it großen
276 1453 3118 1859 Augen in den stauernen Augen. im
600 1721 1546 1963 werden durch
2168 1714 3204 2034 le 6 mehr
309 1829 2071 2127 dem besten lieben Gesicht.
313 2082 3312 2444 blafs iner cind se schmul au na saimt me. Vnd
879 2377 3140 2745 hier, sien, u diesen Zimmer ist sie
391 2634 3278 3032 gestanden, ja und hat's nur zum letzten
1375 2932 3356 3323 hat Abschien og und zwischen
466 3028 1341 3323 Mul gebrgt
2693 3256 3293 3542 / eigneur/
317 3248 2604 3591 und und von ihr Keue erzählt wollig
369 3528 3215 3922 im Ged kein rechte Mal gefunde. I
440 3766 3297 4127 Auf sie zu dem, nach fast wenig – eisern aber
