3528 4280
403 527 3210 934 Gretsel schick sie auch Blumen, was ihm schrecklich
400 779 1359 1055 dien werkant.
456 1012 3277 1274 Sie nun de andere und weiß sie auf i Bar.
393 1214 2477 1638 er will sie anfengelassen kann.
418 1564 3153 1784 Nachts geht aus Ein erlaubt die zum Theile uit Blatt
414 1773 3195 2074 zu seinen, wie er wir ich wie in Herz. - Offent¬
421 1953 2827 2275 ihr ein ganz telle, ich ich überbeit dort nachdenk¬
446 2360 3195 2658 15. Wie gewohnte  -  Nuls drüb zu sagen. Zu sich am
464 2654 1508 2919 mich wohne.
1525 2619 2994 2888 -214 Bl hoh. nicht aber sehr
418 2877 3263 3224 in n'ein werd ich frey – da erfährt möchte
