3624 4344
343 317 3202 718 in die Hand genommen als sonst, jeder,
2027 624 3029 862 richter vorleglich
361 656 1911 938 als wie sie zerwehlen
325 905 3155 1118 als kund, man ihnen leidt enthien, wenn
382 1165 3159 1435 man sie sie samt anfasste. Da konnte ihre
408 1403 3109 1688 dessen stilten Leiben leise zu meinem
339 1641 3199 1976 anfangen. Und wie sie jetzt was mir anfasst
1955 1846 3210 2182 Schlank Glar, der
382 1904 1955 2279 Schreibtisch stehn, in den
736 2164 3238 2506 sie hergerichtet, da ist mir, als neigte
361 2312 494 2409 2/
415 2409 3217 2777 sich die Bluthen in Leunigern deck. Nur jetzt
393 2687 3260 3026 während ich es herschen kann ich drauf, daher
400 3051 3199 3336 das eigentlich alles noch oder mich schon
2207 3166 3318 3455 Cilapfern
361 3336 3195 3610 wil dit wurde abgekomst konnte
404 3541 3303 3942 sion, do sich bei solch Gelegenheiten auflagen
1641 3898 3174 4089 Fasenkammertei
974 3909 1378 4133 27/7
649 3931 847 4118 " "
