<?xml version="1.0" encoding="UTF-8" standalone="yes"?>
<PcGts xmlns="http://schema.primaresearch.org/PAGE/gts/pagecontent/2013-07-15" xmlns:xsi="http://www.w3.org/2001/XMLSchema-instance" xsi:schemaLocation="http://schema.primaresearch.org/PAGE/gts/pagecontent/2013-07-15 http://schema.primaresearch.org/PAGE/gts/pagecontent/2013-07-15/pagecontent.xsd">
    <Metadata>
        <Creator>prov=READ-COOP:name=TrHtr:version=2.1.0:model_id=51170:date=14_08_2023_16:40</Creator>
        <Created>2023-05-10T14:23:49.506+02:00</Created>
        <LastChange>2023-08-14T16:40:40.943+02:00</LastChange>
        <TranskribusMetadata docId="1428620" pageId="55419326" pageNr="14" tsid="132816114" status="IN_PROGRESS" userId="64420" imgUrl="https://files.transkribus.eu/Get?id=EVRCMFTBJLAJDYPNERUWSWSD&amp;fileType=view" xmlUrl="https://files.transkribus.eu/Get?id=VAXZEJKTBDVHYFVCJGHMWBRQ" imageId="44693429"/>
    </Metadata>
    <Page imageFilename="1428620_0014.jpg" imageWidth="3528" imageHeight="4280">
        <ReadingOrder>
            <OrderedGroup id="ro_1711821315989" caption="Regions reading order">
                <RegionRefIndexed index="0" regionRef="tr_1"/>
                <RegionRefIndexed index="1" regionRef="tr_2"/>
            </OrderedGroup>
        </ReadingOrder>
        <TextRegion id="tr_1" custom="readingOrder {index:0;}">
            <Coords points="256,529 3232,529 3232,2406 256,2406"/>
            <TextLine id="tr_1_tl_1" custom="readingOrder {index:0;}">
                <Coords points="237,626 445,663 534,745 667,612 715,619 719,400 667,404 589,482 497,511 452,493 385,515 330,474 241,474"/>
                <Baseline points="256,579 301,584 346,587 390,590 435,593 480,590 525,593 570,590 614,590 632,587 650,584 677,579 722,579"/>
                <TextEquiv>
                    <Unicode>noch?</Unicode>
                </TextEquiv>
            </TextLine>
            <TextLine id="tr_1_tl_2" custom="readingOrder {index:1;}">
                <Coords points="348,945 515,875 856,982 1053,867 1568,860 1764,971 1990,860 2628,919 3184,834 3187,667 2791,612 2491,730 2194,615 1701,634 1338,749 849,615 600,749 356,734"/>
                <Baseline points="373,880 417,874 462,874 507,877 552,877 596,877 641,874 686,877 731,874 776,871 820,868 865,865 910,862 955,862 999,862 1044,862 1089,862 1134,865 1178,865 1223,865 1268,862 1313,862 1358,859 1402,856 1447,856 1492,856 1537,859 1581,862 1626,865 1671,865 1716,862 1760,862 1805,862 1850,862 1895,859 1940,853 1984,850 2029,853 2074,850 2119,850 2163,850 2208,847 2253,844 2298,844 2342,841 2387,838 2432,838 2477,838 2522,838 2566,832 2611,832 2656,829 2701,829 2745,823 2790,817 2835,817 2880,814 2924,814 2969,814 3014,817 3059,817 3104,817 3148,823 3193,826"/>
                <TextEquiv>
                    <Unicode>sa. Aber sorg vie. Wie ich heute mit den Frau</Unicode>
                </TextEquiv>
            </TextLine>
            <TextLine id="tr_1_tl_3" custom="readingOrder {index:2;}">
                <Coords points="296,1153 1101,1116 1238,1245 2216,1123 2557,1223 2828,1086 3147,1108 3150,982 2598,923 2076,1019 1946,923 1664,1008 1394,875 675,993 545,919 296,1041"/>
                <Baseline points="316,1119 331,1122 376,1116 420,1122 465,1119 510,1116 555,1116 599,1116 644,1113 689,1113 734,1110 778,1107 823,1110 868,1104 913,1107 958,1107 1002,1110 1047,1113 1092,1113 1137,1116 1181,1116 1226,1113 1271,1110 1316,1116 1361,1119 1405,1119 1450,1119 1495,1119 1540,1122 1584,1119 1629,1116 1674,1110 1719,1110 1763,1113 1808,1113 1853,1113 1898,1116 1943,1113 1987,1113 2032,1110 2077,1107 2122,1104 2166,1098 2211,1098 2256,1098 2301,1095 2345,1092 2390,1089 2435,1089 2480,1086 2525,1086 2569,1083 2614,1083 2659,1083 2704,1080 2748,1077 2793,1074 2838,1074 2883,1074 2927,1074 2972,1071 3017,1071 3062,1074 3107,1071 3151,1071"/>
                <TextEquiv>
                    <Unicode>über den Ring fahre, steigt ein Herr ein¬</Unicode>
                </TextEquiv>
            </TextLine>
            <TextLine id="tr_1_tl_4" custom="readingOrder {index:3;}">
                <Coords points="248,1394 1134,1482 1508,1364 1757,1494 2113,1356 3098,1416 3221,1397 3228,1093 2242,1271 2064,1167 1820,1245 1049,1175 252,1297"/>
                <Baseline points="268,1361 271,1361 313,1369 358,1369 402,1372 447,1369 492,1363 537,1363 582,1363 626,1363 671,1361 716,1358 761,1358 805,1358 850,1355 895,1355 940,1355 984,1352 1029,1352 1074,1346 1119,1346 1164,1352 1208,1355 1253,1358 1298,1358 1343,1358 1387,1358 1432,1358 1477,1358 1522,1355 1566,1352 1611,1349 1656,1346 1701,1349 1746,1349 1790,1352 1835,1352 1880,1352 1925,1349 1969,1346 2014,1343 2059,1343 2104,1340 2148,1340 2193,1337 2238,1334 2283,1328 2328,1328 2372,1316 2417,1322 2462,1322 2507,1322 2551,1322 2596,1319 2641,1319 2686,1316 2730,1316 2775,1313 2820,1307 2865,1304 2910,1304 2954,1301 2999,1307 3044,1313 3089,1310 3133,1319 3151,1316 3196,1325 3232,1325"/>
                <TextEquiv>
                    <Unicode>den ich auch sehe ich 3 Jahre nicht gesehen soll.</Unicode>
                </TextEquiv>
            </TextLine>
            <TextLine id="tr_1_tl_5" custom="readingOrder {index:4;}">
                <Coords points="360,1634 886,1735 1512,1609 2535,1697 2720,1575 3158,1609 3158,1523 2672,1405 1849,1531 1501,1364 1256,1538 1086,1445 956,1553 697,1553 541,1416 360,1505"/>
                <Baseline points="379,1632 390,1629 435,1623 480,1623 525,1623 570,1620 614,1620 659,1620 704,1620 749,1617 793,1617 838,1617 883,1611 928,1611 972,1614 1017,1614 1062,1620 1107,1620 1152,1620 1196,1620 1241,1620 1286,1620 1331,1614 1375,1614 1420,1608 1465,1605 1510,1599 1555,1596 1599,1596 1644,1596 1689,1593 1734,1596 1778,1596 1823,1596 1868,1596 1913,1593 1957,1593 2002,1596 2047,1596 2092,1593 2137,1593 2181,1590 2226,1587 2271,1584 2316,1584 2360,1587 2405,1587 2450,1587 2495,1587 2539,1581 2584,1575 2629,1575 2674,1578 2719,1575 2763,1569 2808,1575 2853,1575 2898,1575 2942,1578 2987,1575 3032,1572 3077,1572 3121,1569 3166,1566"/>
                <TextEquiv>
                    <Unicode>der neu gleich bekannt vor kommt. Es wie</Unicode>
                </TextEquiv>
            </TextLine>
            <TextLine id="tr_1_tl_6" custom="readingOrder {index:5;}">
                <Coords points="337,1961 1223,1875 1738,2050 2290,1838 3087,1924 3091,1801 2668,1612 2035,1746 1531,1649 1038,1831 504,1690 341,1801"/>
                <Baseline points="358,1934 379,1928 423,1922 468,1913 513,1907 558,1898 602,1892 647,1886 692,1883 737,1886 781,1886 826,1883 871,1880 916,1880 961,1880 1005,1880 1050,1880 1095,1880 1140,1880 1184,1877 1229,1874 1274,1877 1319,1874 1363,1871 1408,1868 1453,1865 1498,1862 1543,1859 1587,1856 1632,1847 1677,1847 1722,1850 1766,1847 1814,1846 1814,1846 1862,1850 1907,1847 1951,1841 1996,1841 2041,1841 2086,1838 2131,1838 2175,1835 2220,1832 2265,1835 2310,1835 2354,1832 2399,1832 2444,1832 2489,1832 2533,1829 2578,1832 2623,1829 2668,1826 2713,1829 2757,1826 2802,1826 2847,1826 2892,1832 2936,1835 2981,1838 3026,1838 3071,1844 3101,1849"/>
                <TextEquiv>
                    <Unicode>Albertineres Onkel, an den durch ein¬</Unicode>
                </TextEquiv>
            </TextLine>
            <TextLine id="tr_1_tl_7" custom="readingOrder {index:6;}">
                <Coords points="356,2161 852,2194 901,2157 1093,2153 1238,2216 1408,2209 1464,2187 1468,2012 1345,2005 1279,2053 938,2113 360,2068"/>
                <Baseline points="376,2151 399,2151 444,2154 489,2151 534,2151 579,2151 623,2151 668,2151 713,2151 758,2154 802,2154 847,2154 892,2151 937,2148 981,2148 1026,2151 1071,2148 1116,2145 1161,2142 1205,2145 1250,2142 1295,2142 1340,2142 1384,2142 1429,2140 1474,2137"/>
                <TextEquiv>
                    <Unicode>ermin impt</Unicode>
                </TextEquiv>
            </TextLine>
            <TextLine id="tr_1_tl_8" custom="readingOrder {index:7;}">
                <Coords points="397,2405 834,2420 1004,2542 1293,2405 1627,2505 2331,2457 2283,2242 2183,2316 2012,2235 1583,2309 1356,2194 819,2187 397,2305"/>
                <Baseline points="417,2378 459,2378 504,2378 549,2378 593,2375 638,2372 683,2372 728,2375 773,2375 817,2375 862,2369 907,2369 952,2369 996,2369 1041,2369 1086,2375 1131,2372 1175,2372 1220,2372 1265,2375 1310,2378 1355,2378 1399,2381 1444,2384 1489,2387 1534,2393 1578,2393 1623,2396 1668,2396 1713,2396 1757,2393 1802,2393 1847,2393 1892,2390 1937,2387 1981,2384 2026,2384 2071,2384 2116,2384 2160,2381 2205,2378 2250,2369 2295,2375 2339,2372"/>
                <TextEquiv>
                    <Unicode>Absolut. Ich erinnert mich nicht</Unicode>
                </TextEquiv>
            </TextLine>
        </TextRegion>
        <TextRegion id="tr_2" custom="readingOrder {index:1;}">
            <Coords points="334,2549 3268,2549 3268,4012 334,4012"/>
            <TextLine id="tr_2_tl_1" custom="readingOrder {index:0;}">
                <Coords points="341,2683 1301,2635 2109,2754 2357,2650 3228,2672 3232,2457 2391,2568 2076,2446 1390,2450 901,2591 686,2472 341,2509"/>
                <Baseline points="361,2641 379,2638 423,2632 468,2629 513,2632 558,2635 602,2635 647,2641 692,2635 737,2635 781,2641 827,2635 827,2635 874,2629 919,2626 964,2623 1008,2626 1053,2626 1098,2626 1143,2626 1187,2632 1232,2632 1277,2635 1322,2632 1366,2635 1411,2635 1456,2635 1501,2635 1546,2635 1590,2632 1635,2632 1680,2632 1725,2632 1769,2638 1814,2635 1859,2638 1904,2629 1948,2629 1993,2632 2038,2632 2083,2635 2128,2632 2172,2632 2217,2629 2262,2626 2307,2626 2351,2623 2396,2620 2441,2617 2486,2617 2530,2617 2575,2617 2620,2620 2665,2620 2710,2617 2754,2617 2799,2617 2844,2617 2889,2617 2933,2614 2978,2605 3023,2602 3068,2605 3112,2599 3157,2602 3202,2599 3232,2599"/>
                <TextEquiv>
                    <Unicode>„ die weiß doch Siehe“ weisst du</Unicode>
                </TextEquiv>
            </TextLine>
            <TextLine id="tr_2_tl_2" custom="readingOrder {index:1;}">
                <Coords points="348,2887 630,2995 871,2895 1112,3032 1275,2932 1827,2913 2057,3050 2268,2898 3187,2939 3191,2809 2320,2702 1590,2817 1271,2661 945,2780 741,2672 556,2828 352,2824"/>
                <Baseline points="367,2886 382,2886 426,2889 471,2889 516,2889 561,2892 605,2889 650,2886 695,2889 740,2892 784,2892 829,2892 874,2892 919,2895 964,2895 1008,2895 1053,2901 1098,2904 1143,2904 1187,2901 1232,2901 1277,2904 1322,2904 1366,2904 1411,2901 1456,2907 1501,2904 1546,2904 1590,2901 1635,2898 1680,2895 1725,2895 1769,2904 1814,2907 1859,2907 1904,2907 1948,2907 1993,2904 2038,2898 2083,2898 2128,2895 2172,2892 2217,2886 2262,2886 2307,2883 2351,2883 2396,2877 2441,2871 2486,2871 2530,2871 2575,2874 2620,2877 2665,2874 2710,2874 2754,2880 2799,2880 2844,2877 2889,2877 2933,2871 2978,2868 3023,2865 3068,2868 3112,2868 3157,2871 3202,2865"/>
                <TextEquiv>
                    <Unicode>noch, im Truhaf von vier Jahren, da wie ich</Unicode>
                </TextEquiv>
            </TextLine>
            <TextLine id="tr_2_tl_3" custom="readingOrder {index:2;}">
                <Coords points="363,3232 2205,3147 2557,3232 2720,3135 3113,3143 3117,3028 2709,2880 2487,3032 2042,3076 1886,2943 1668,3032 1312,2924 363,3128"/>
                <Baseline points="385,3184 390,3181 435,3175 480,3166 525,3160 570,3160 614,3160 659,3160 704,3160 749,3160 793,3157 838,3157 883,3151 928,3151 972,3151 1017,3151 1062,3148 1107,3148 1152,3151 1196,3151 1241,3154 1286,3160 1331,3157 1375,3154 1420,3151 1465,3154 1510,3151 1555,3151 1599,3148 1644,3145 1689,3142 1734,3142 1778,3145 1823,3145 1868,3148 1913,3148 1957,3151 2002,3154 2047,3151 2092,3148 2137,3145 2181,3145 2226,3142 2271,3139 2316,3133 2360,3133 2405,3133 2450,3136 2495,3136 2539,3133 2584,3136 2629,3136 2674,3133 2719,3136 2763,3130 2808,3136 2853,3136 2898,3133 2942,3130 2987,3130 3032,3130 3077,3130 3121,3130"/>
                <TextEquiv>
                    <Unicode>einen mit der auf der Esicht zu streten</Unicode>
                </TextEquiv>
            </TextLine>
            <TextLine id="tr_2_tl_4" custom="readingOrder {index:3;}">
                <Coords points="897,3325 990,3317 1045,3339 1064,3325 1093,3350 1145,3321 1212,3362 1308,3310 1375,3310 1375,3154 1312,3176 1268,3158 1234,3191 1193,3187 1082,3247 1034,3247 934,3202 897,3210"/>
                <Baseline points="916,3295 961,3295 1005,3295 1050,3292 1095,3292 1140,3292 1184,3289 1229,3292 1274,3295 1319,3295 1363,3298 1381,3295"/>
                <TextEquiv>
                    <Unicode>am</Unicode>
                </TextEquiv>
            </TextLine>
            <TextLine id="tr_2_tl_5" custom="readingOrder {index:4;}">
                <Coords points="356,3439 519,3421 637,3517 852,3425 1431,3484 1564,3432 1879,3595 1964,3573 1964,3243 1779,3384 1334,3310 1038,3358 801,3221 700,3287 574,3228 356,3358"/>
                <Baseline points="376,3414 408,3414 453,3414 498,3414 543,3414 587,3408 632,3408 677,3408 722,3411 767,3411 811,3411 856,3411 901,3408 946,3411 990,3411 1035,3411 1080,3411 1125,3411 1169,3411 1214,3411 1259,3411 1304,3417 1349,3420 1393,3420 1438,3423 1483,3420 1528,3417 1572,3417 1617,3417 1662,3417 1707,3414 1751,3414 1796,3414 1843,3415 1843,3415 1889,3414 1934,3417 1975,3414"/>
                <TextEquiv>
                    <Unicode>We feel not was on by</Unicode>
                </TextEquiv>
            </TextLine>
            <TextLine id="tr_2_tl_6" custom="readingOrder {index:5;}">
                <Coords points="2698,3439 2717,3436 2761,3465 2809,3436 2854,3436 2880,3454 2895,3443 3054,3454 3047,3339 2961,3336 2928,3310 2902,3332 2832,3317 2787,3350 2757,3354 2732,3384 2694,3391"/>
                <Baseline points="2713,3420 2760,3417 2805,3429 2850,3435 2895,3441 2939,3444 2984,3444 3029,3438 3062,3438"/>
                <TextEquiv>
                    <Unicode>ne</Unicode>
                </TextEquiv>
            </TextLine>
            <TextLine id="tr_2_tl_7" custom="readingOrder {index:6;}">
                <Coords points="1972,3465 2031,3458 2057,3439 2139,3495 2246,3465 2231,3176 2157,3198 2031,3317 1964,3317"/>
                <Baseline points="1987,3426 2032,3426 2077,3435 2122,3432 2166,3441 2211,3435 2257,3436"/>
                <TextEquiv>
                    <Unicode>sell</Unicode>
                </TextEquiv>
            </TextLine>
            <TextLine id="tr_2_tl_8" custom="readingOrder {index:7;}">
                <Coords points="2309,3525 2394,3525 2461,3473 2520,3451 2524,3313 2502,3313 2431,3365 2379,3380 2346,3410 2309,3410"/>
                <Baseline points="2328,3438 2351,3441 2396,3435 2441,3429 2486,3438 2530,3435"/>
                <TextEquiv>
                    <Unicode>FJ</Unicode>
                </TextEquiv>
            </TextLine>
            <TextLine id="tr_2_tl_9" custom="readingOrder {index:8;}">
                <Coords points="315,3762 493,3717 667,3843 871,3736 1075,3784 1327,3695 1516,3821 1779,3725 2083,3810 2331,3751 2331,3569 1820,3654 1568,3510 1364,3610 997,3614 860,3491 689,3554 430,3514 315,3610"/>
                <Baseline points="334,3712 343,3712 388,3715 432,3712 477,3709 522,3706 567,3709 611,3709 656,3709 701,3709 746,3709 790,3706 835,3706 880,3709 925,3709 970,3709 1014,3709 1059,3709 1104,3709 1149,3709 1193,3706 1238,3700 1283,3695 1328,3692 1374,3699 1374,3699 1420,3703 1465,3700 1510,3697 1555,3697 1599,3692 1644,3692 1689,3697 1734,3700 1778,3703 1823,3703 1868,3709 1913,3712 1957,3712 2002,3718 2047,3718 2092,3727 2137,3721 2181,3721 2226,3721 2271,3721 2316,3718 2342,3721"/>
                <TextEquiv>
                    <Unicode>älter Herren die ziemlich.</Unicode>
                </TextEquiv>
            </TextLine>
            <TextLine id="tr_2_tl_10" custom="readingOrder {index:9;}">
                <Coords points="2346,3717 2365,3717 2394,3743 2413,3725 2454,3728 2487,3710 2520,3714 2520,3643 2498,3640 2457,3665 2416,3640 2391,3610 2383,3617 2372,3606 2350,3606"/>
                <Baseline points="2366,3715 2393,3712 2438,3712 2483,3712 2528,3709"/>
                <TextEquiv>
                    <Unicode>is</Unicode>
                </TextEquiv>
            </TextLine>
            <TextLine id="tr_2_tl_11" custom="readingOrder {index:10;}">
                <Coords points="2568,3873 2643,3858 2746,3766 2817,3784 2898,3747 2965,3795 3050,3773 3258,3795 3243,3636 3128,3651 2972,3558 2880,3543 2706,3654 2550,3669"/>
                <Baseline points="2575,3712 2620,3718 2665,3715 2710,3721 2754,3724 2799,3730 2844,3733 2889,3736 2933,3742 2978,3748 3023,3751 3068,3757 3112,3763 3157,3769 3202,3772 3247,3775 3265,3775"/>
                <TextEquiv>
                    <Unicode>eheilen</Unicode>
                </TextEquiv>
            </TextLine>
            <TextLine id="tr_2_tl_12" custom="readingOrder {index:11;}">
                <Coords points="356,4029 3262,4036 3262,3921 3132,3880 2613,3940 2016,3758 1623,3884 1293,3691 949,3925 356,3810"/>
                <Baseline points="376,3978 417,3984 462,3987 507,3984 552,3987 596,3987 641,3984 686,3981 731,3978 776,3978 820,3981 865,3978 910,3978 955,3975 999,3972 1044,3972 1089,3969 1134,3972 1178,3966 1223,3966 1268,3966 1313,3963 1358,3966 1402,3960 1447,3957 1492,3963 1537,3966 1581,3969 1626,3969 1671,3969 1716,3972 1760,3972 1805,3969 1850,3969 1895,3975 1940,3975 1984,3978 2029,3978 2074,3984 2119,3987 2163,3990 2208,3990 2253,3990 2298,3993 2342,3990 2387,3990 2432,3993 2477,3996 2522,3999 2566,4002 2611,3996 2656,3987 2701,3987 2745,3990 2790,3993 2835,3996 2880,3996 2924,3996 2969,3996 3014,3996 3059,3996 3104,3993 3148,3996 3193,3996 3238,3996 3268,3990"/>
                <TextEquiv>
                    <Unicode>wäre. An ein konnt ich, uor</Unicode>
                </TextEquiv>
            </TextLine>
        </TextRegion>
    </Page>
</PcGts>
