3592 4376
294 411 3122 775 vollkunnen klar vorstellen einigen xxx
250 683 3180 999 scharfen fertige Umwissen verstellen; und um
272 889 3056 1238 eins fehlt; der Zorn, der sich doch bis in die
621 1127 3235 1502 [illegible] of même Erinnerung beigesellen
257 1216 606 1473 laße
246 1414 3202 1726 Sie die Ein wirklich Vorstellung davon, daß
279 1645 3122 1983 sie nicht wehr auf den Welt ist, daß sie in einem
294 1902 3140 2237 durch liegt, daß so man sie begraben hat, habe ich
297 2174 3136 2563 eigentlich nicht. Ich reise es, aber ich zweite
1157 2380 3107 2681 Es ist gar kein Maj u mir.
308 2475 878 2721 wurf
349 2641 3151 2931 die Malt kint mir aus heutstiller vor¬
308 2905 3118 3272 Wie ich heit Morgers auch die Straße hinwiele
305 3180 3158 3493 sich, da lag ein so liefen Frieden über all
977 3386 3133 3757 Ich hab in seyen einem Augenblick
297 3489 547 3702 it.
1197 3691 3122 4054 es überhaupt Meister Freude
294 3724 1161 4018 geweßt, daß
