3544 4360
200 389 3146 818 schlossen, sie ja zu neu, ohne mich zu fragen
211 577 3109 962 und nun war auch der böse (dicht aus den
981 881 3031 1196 Dahin kennte ich eben Un¬
226 966 992 1292 zimmer weg.
185 1147 2913 1510 nun [konnte] ich glötzlich, als war wegen
181 1329 3087 1765 ein Zweiben gelöst, ganz ruhig über die
255 1703 3054 2058 Thatsachen denken der sich zugetragen
200 1932 3165 2306 ohne daß ein Untermahen schmerzlich
229 2136 3083 2595 Gefehls mich schweren kann. Das neh
2062 2413 3165 2691 hat ich ungeschei¬
270 2465 2054 2820 rechligt meinen schmerzen
2143 2598 3183 2946 schleibte denke
385 2761 1925 3068 (knte ganz vernunft
1292 2942 3242 3290 Ist wohl wohl als ich je war -
255 3042 1210 3387 jetzt Ihr ist P
274 3172 3257 3598 sie leidet nicht mehr - um hat zugleich ihr Theil
500 3442 2806 3831 hat – nur einige, und meinem sie
285 3794 1170 4086 lauch
