3448 4280
181 312 3190 677 arme Rind - die ist je schon zwei Jahre todt!
235 508 3136 973 Wie? - Ich sich fast zusammen. Mora ist sie der
223 796 3109 1158 gestorben? - Er wußte es kann mehr so recht.
1624 1027 3024 1381 ihre fast, vergessen
231 1112 1558 1377 Für ihn war zu der
1812 1331 3036 1616 fie wer imme in
450 1335 1731 1712 agt uns. Dienst
215 1497 3132 1881 beghl u bnssjus f Si ine Sine an fait
154 1774 3247 2224 lereng in the Gaitenstalt gewesen, gewalt
215 2012 3186 2485 Er sagt wird. Sie war je immer so übrspannet
2147 2339 2920 2586 sage in &c
500 2328 1093 2555 begeillt
1231 2362 2124 2682 und sie will
208 2489 1016 2705 in me jany
242 2485 3201 2986 Heilanstalt kommen sollen – aber da hat
1754 2820 2031 2990 ge
2028 2763 2197 2986 re
231 2832 3251 3170 der Mühlen doch nicht wollen. — erhebl. ge¬
327 3047 3213 3436 storte ich hin die ein Gehirnterhändung, glaube
258 3320 3274 3636 stück dir im, wieseltsam durch den berichts¬
315 3570 3174 3936 Zwei Jahre ist diese Wesenlodt Mädte todt,
