3480 4216
2693 392 2774 601 6
526 744 2967 962 ten Eichenholz. Ein Messingbett stand da, verlockend
542 928 2877 1102 breit mit weissen, leuchtenden Polstern, gegenüber
532 1071 2809 1280 ein Marmorwaschtisch. Eine Krustallämpel hing an
539 1211 3039 1411 der Decke. Statt des Fensters war eine Türe, die weit
554 1386 2983 1579 offen stand und auf einen kleinen Balkon hinausging.
1470 1523 2871 1681 Mir war sehr heiss.Rasch warf
564 1663 2930 1896 Ich meine Kleider ab, wusch den ganzen Körper und
557 1846 3008 2040 rieb ihn mit dem rauhen Handtuch bis zur Erschöpfung
570 1990 2983 2186 ab. Die Luft, die von draussen ham, war von einer so
576 2148 3023 2335 zürtlich-verführerischen Lauheit und Weichheit, dass
588 2314 3027 2503 ich verlockt wurde auf meinen Balkon hinauszutreten.
598 2463 2949 2653 in die Stille und Einsamkeit der Nacht. Eine ganze
573 2581 3002 2821 Menge andrer, kleiner Balkone regten aus dem Dunkel
604 2725 3042 2977 vor und die schlanken Stäbe glitzerten im Mondlicht.
607 2927 3045 3083 Unter die Bäume des Parks standen schwarz und stumm.
598 3076 2989 3263 Der See selbst uor so regungslos, dass ich den ge
607 3220 2946 3450 spiegelten Mond auf seinem Grunde ltegen sah. Das
610 3366 3086 3575 Ufer gegenüber war nichts als eine dunkle Linie. Ich
626 3503 3067 3730 brettete die Arme aus, tat noch einen letzten, tie-
