3416 4184
624 760 3003 918 fen Atemzug, dann wandte ich mich, um in mein Zim -
615 862 2892 1054 mer zurückzukehren. Aber plötzlich, wie herbeige
627 1054 3078 1214 zaubert, auf dem Balkone links neben dem meinen, aeh
624 1214 3050 1384 ich eine schimmernde Gestalt. Es war die einer Frau,
621 1347 3071 1520 nakt wie ich, die Arme ausgebreitet wie Ich, mir zu¬
630 1530 2988 1675 gewandt wie ich ihr. Es war offenbar, dass wir ein
624 1662 2898 1823 ander im gleichen Augenblick bemerkt hatten. Ich
633 1820 2982 1978 »h sehe, dass ihr Letb ganz letse zittert und füh¬
627 1965 3028 2123 le, dass ich bebe wie sie. Ich weiss auch, daß sie
643 2141 2976 2265 fliehn will wie ich. Aber wir fliehen nicht, son
640 2302 2951 2429 dern bleiben beide unbeweglich stehn. xxx ###n
627 2463 3016 2608 paar Sekunden schaun wir einander ins Aug; wir lä -
637 2614 2908 2722 cheln nicht, wir sehn einander nur an. Plötzlich
633 2766 3121 2889 schüttelt sie leicht den Kopf, ihre Haare lösen sich,
649 2917 3121 3041 fallen auf ihre Schultern, rollen herab. Und nun brei
655 3105 3022 3217 ten uir beide die Arme aus, als wollten wir einen -
633 3241 2849 3346 der umarmen. Sie neigt das Haupt, nicht mir zu,
649 3377 2892 3507 ernst, wie beseligt und ich erwidre ihren Gruss.
640 3550 2945 3717 Wir vorstehn einander. Wir verstehn ennander, wie
