3400 4216
2751 398 2909 524 13
518 679 3032 894 halten laut auf dem Kies. Man rief ihn an. Er setzte
521 837 2821 1027 sich zu den andern und liess sich einen Mazagran
518 1036 2846 1197 bringen. Diese Gewohnheit war ihm von einem unver
524 1191 2900 1380 gesslichen Jahr her geblieben, das er in Paris ver
524 1393 1061 1548 lebt hatte.
518 1478 2991 1643 Der Herr, der betnahe erwürgt worden wäre, bemerkte:
540 1646 2837 1800 "Finden Sie nicht Herr Neumann,"-so und nicht an
540 1804 2960 1968 ders hiess der Herr mit den grauen Haaren, dass wir
543 1917 3086 2135 eigentlich alle ziemlich indtshrat verantplucie und
550 2132 2881 2303 "Freilich," meinte derjenige, in dessen Armen ein
543 2271 2979 2413 sehr geliebtes Wesen verschieden war; "wenn man amil-
543 2432 2944 2574 sant sein will, hat man nur die Wahl indiskrot zum
543 2578 1529 2732 sein, oder zu lügen.'
553 2742 2868 2881 "Lässt sich nicht beides verbinden?" bemerkte der
550 2868 2934 3010 dritte fein und er dachte daran, dass er den Namen
562 3042 2837 3171 des Mädchens mit dem rotgebänderten Strohhut ein
550 3159 3029 3345 paar Jahre später erfahren, dass das Band eigentlich
559 3355 2922 3494 gelb gewesen war und dass er bei jedesmaliger Wie
562 3494 2856 3693 derholung der Geschichte zum Spass die Farbe ver
