3528 4232
2684 435 2814 603 11
558 647 2992 901 zufallen und höre, wie der Riegel vorgeschoben wird.
552 891 2919 1101 Dann ist alles still. Mich friert beinahe. Ein küh
552 1079 2988 1234 Ier Morgenwind kommt vom See. Ich trete in mein Zim
555 1171 2982 1390 mer zurück, lege mich aufs Bett und bald ist mir im
571 1326 2890 1555 Schweigen der Frühe, als hörte ich durch die Wand
577 1488 2925 1672 tiefe, ruhige Atemzüge. Eine Stunde später war ich
568 1647 1758 1827 wieder auf der Wanderung.
584 1773 2233 1983 “Zu Ende?" fragte die Kapitänsfrau?
571 1948 1526 2167 Der Herr nickte nur.
571 2116 1824 2284 Alle schwiegen eine Weile.
574 2259 2957 2471 Die Musik klang nicht mehr vom Strand herüber, die
587 2417 2053 2620 meisten Licher waren verlöscht.
615 2567 2335 2770 "Nach Hause," sagte die Kapitänsfrau.
584 2763 2944 2973 Langsam trieb der Kahn zum Ufer hin. Der Herr, der
587 2830 3049 3061 zuletzt erzählt hatte, sündete sich eine neue Zigar¬
609 3023 3093 3217 rette an und blickte ins Weite. Die Kapitänsfraum zog
600 3204 3049 3366 den Shawl fester um ihre Schultern, als fröstelte es
603 3334 3096 3525 ste. Alle schwiegen. Man war am Ufer,„legte an, stieg
600 3483 3147 3690 aus. Alle wohnten im Hotel, nur die Kapitänsfrau, de -
