3432 4216
2746 519 2861 686 8
469 848 2917 1056 wahrscheinlich nur zwei Menschen sich verstehen kön¬
481 994 2855 1187 nen, die einander früher niemals gesehen haben und
2162 1103 2336 1193 iste
481 1174 2907 1345 deren erste Begegnung der unsern gleich. Im glei -
497 1305 2988 1451 ehen Augenblick verlassen sie und ich den Balkon. Ich
488 1460 2920 1671 öffne die Türe meines Zimmers, sie dte ihre und bet
500 1640 2935 1802 de stehen wir auf dem Teppich des dunkeln Korridors,
500 1764 2945 1945 auf den von einem fernen Fenster am Ende des Ganges,
485 1910 2979 2087 Mondglanz fällt. Wir ergreifen einander bei der Hand.
506 2069 2904 2246 Wir etIen den Gang, dann eine schmale Treppe hinab,
513 2209 2852 2379 in den Garten. Ohne ein Wort zu reden, gleiten wir
509 2376 2864 2581 dahin, unter dem Laub der Bäume, wo es dunkel ist,
522 2535 2917 2684 dass jedem die Gestalt des andern verschwindet. Wir
516 2671 2836 2839 schweben durch schmale Alleen, die Büsche, an die
513 2855 2957 3022 wir rühren Pauschen leise. Wir treten ins Licht hin¬
509 2979 2929 3159 aus. Der bläuliche, sternenlose Himmel ist über uns
534 3171 2805 3317 und wir drängen unsre fröstelnden Leiber in eine
528 3327 2799 3485 erste Umarmung. Dann eilen wir weiter, durch den
534 3470 2852 3653 freien Raum über die feuchten Ufer hin. Der Grund
525 3628 2858 3768 schwindet unter unsern Füssen. Wir tauchen in die
