3352 4104
981 666 2873 912 Albert lächelte. "Daran hab' ich in die-
958 902 2853 1084 ser Nacht wahrhaftig nicht gedacht. Wenn
950 1054 2942 1198 man Polizei, Sittlichkeitsvorschriften und
162 1011 768 1209 Der Gedanken
963 1163 2932 1401 Moral denkt, so kommt wahrscheinlich nicht
142 1150 692 1394 an tüklich!
122 1325 864 1505 glückheit worauf
973 1350 2888 1589 dazu, in unserer Zeit Mürchen zu erleben.
1946 1459 2242 1584 gehört
925 1525 2959 1710 Ein wenig Leichtsinn muss man schon dazu ha-
1267 1639 1421 1738 Aly
162 1606 753 1799 ein besehen.
981 1644 2924 1898 ben + Vielleicht muss man auch nur zwanzig
175 1738 829 1908 zweckte u nicht
965 1857 2871 2060 Jahre alt sein.... Nun gute Nacht, meine
190 1845 778 2050 behörlich seit
975 1964 2729 2189 Lieben. Ich gehe auf mein Zimmer." Er
162 1954 884 2220 behörliche Verfügung
940 2169 2792 2344 stand auf und fügte noch hinzu: "Es ist
983 2288 2850 2526 sonderbar genug, dass ich in dem selben
973 2410 2820 2658 wohne wie damals." Damit verschwand er.
975 2589 2957 2800 Er liebte solche Abgänge, besonders, wenn
991 2721 2797 2944 er auf längere Zeit aus unserer Gesell
1001 2868 2486 3111 schaft verwand. Amtsmand.
