3496 4200
1124 718 2049 930 Er: Ganz bestimt.
1139 855 3134 1070 Sie: Nun, ich weiss oder ich glaube, dass
1279 1002 3106 1204 Du in den Armen keiner Frau Wohnen emp-
1289 1194 2734 1385 funden hast wie in den meinen.
1155 1287 3129 1511 Er: Du kennst mich auch gut genug, um zu
1318 1468 3142 1664 wissen, dass ich Dir ohneweiters einge-
1328 1617 2956 1798 stehen würde, wenn es anders wäre.
1196 1747 3101 1987 Sie: Ich glaube Dir, Aber Du sollst mir
1351 1886 3253 2101 auch erzählen, wer mir zunächst kommt in
1356 2033 3258 2261 der Erinnerung, wann Du beinahe so glück-
1364 2269 2385 2442 lich warst wie heute.
1235 2372 3253 2628 Er: Ich brauche nicht lange drüber nachzu-
1387 2604 1757 2754 denken.
1261 2726 1995 2909 Sie: Wirklich?
1261 2819 3266 3069 Er! Es ist eine so einzige, so wunderbare
1416 2982 3142 3183 Erinnerung, dass ich bis heute Nacht
1439 3113 3323 3310 daran verzweifelt hätte, etwas Schöneres
1442 3315 1987 3465 zu erleben.
1318 3449 1816 3604 Sie: Nun?
1289 3496 3372 3746 Er: Aber es ist lange her. Neunzehn Jah
3194 3633 3323 3793 be
