3416 4216
2640 528 2780 724 11
485 832 2935 1006 aufallen und höre, wie der Riegel vorgeschoben wird.
478 975 2861 1149 Dann ist alles still. Mich friert beinahe. Ein küh
485 1180 2935 1333 Ier Morgenwind kommt vom See. Ich trete in mein Zim
488 1283 2917 1472 mer zurück. lege mich aufs Bett und bald ist mir im
485 1435 2820 1612 Schweigen der Frühe, als hörte ich durch die Wand
494 1584 2861 1740 tiefe, ruhige Atemzüge. Eine Stunde später war ich
488 1789 1674 1935 wieder auf der Wanderung.
503 1957 2156 2103 "Zu Ende?" fragte die Kapitünsfrau?
472 2097 1435 2274 Der Herr nichte nur.
478 2224 1733 2401 Alle schwiegen eine Weile.
475 2376 2864 2553 Die Mustk klang nicht mehr vom Strand herüber, die
475 2547 1957 2709 meisten Lichér waren verlöscht.
503 2671 2227 2848 "Nach Hause," sagte die Kapitünsfrau.
475 2839 2848 3004 Langsam trieb der Kahn zum Ujer hin. Der Herr, der
475 2979 2932 3159 zuletzt erzählt hatte, zündete sich eine neue Zigar-
488 3131 2976 3314 rette an und blickte ins Weite. Die Kapitänsfraux sog
485 3321 2942 3454 den Shaul fester um ihre Schultern, als fröstelte es
1435 3423 2929 3519 der kats cliep aus land. Da man
485 3482 2976 3628 ste. Alle schwiegen. Man war am Ufer, legte an. stieg
475 3609 2951 3814 aus. Alle wohnten im Hotel, nur die Kapitänsfrau, de
