3448 4200
2700 464 2798 609 2
550 787 2897 969 mit dem indischen Shawl um die Schustern, die auf
563 938 3032 1095 der Steuerbank sass, nichte leicht, was als ein Zet
563 1085 2989 1245 chen von Zufriedenheit gelten durfte, dann erteilte
575 1239 3044 1424 sie das Wort einem andern der jungen Leute, die sich
575 1375 2918 1556 mit ihr in der hellen Nacht am Meeresufer im Bote
584 1547 3014 1737 treiben liessen. Dieser erzählte von einer Frau, die
581 1713 2961 1860 während einer seligen Umarmung in plötzlich ausbre
581 1842 3017 2042 chendem Wahnstnn die Finger um seinen Hals gekrällt
584 1990 2930 2159 hatte, um ihn zu erwürgen. Der nächste berichtete
600 2128 2980 2331 von einem jungen, sehr geliebten Wesen, dessen Lip
590 2306 3047 2478 pen er an den seinen plötzlich erhalten gefühlt hat-
603 2463 3060 2641 te und das in seinen Armen gestorben war. Und so er¬
603 2601 2949 2786 zählte k jeder, wie die junge Kapitänsfrau, deren
612 2749 3066 2946 Gatte gestern nach Australten abgedampft war, in ei-
618 2934 2980 3097 ner ihrer berühmten Caunen verlangt hatte, die Ge
624 3075 3044 3263 schichte der seltsamsten Umarmung, deren er sich
621 3223 2918 3419 aus seinem Leben erinnern konnte. Nur Einer, mit
618 3376 2924 3570 Jungem Antlitz, aber fast ergrauten Haaren hatte
624 3518 3078 3724 noch nicht gesprochen und rauchte nur immer eine Zi-
