3416 4200
1046 673 1508 823 Eindruck.
1051 713 3007 988 Er: Is ist entzückend. Viel hübscher als
1226 905 2921 1141 irgendeines, das ich in Tirol kenne.
1213 1056 2989 1268 Nicht prätenziös aufs Englische herge-
1231 1203 2921 1413 richtet, und doch von einer stillen,
1233 1396 2196 1568 wohltätigen Eleganz.
1108 1481 3034 1758 Sie: Das Rauchzimmer muss besonders ein-
1251 1708 1856 1891 ladend sein.
1108 1786 3039 2034 Er: Bin ich Dir zu lange fortgeblieben?
1281 1968 3077 2181 Ich wollte nicht im Schlafzimmer meine
1276 2096 3114 2311 Cigarre rauchen. Hatt' ich nicht Recht'
1151 2279 3167 2509 Sie: Gewiss hast Du Recht gehabt. Nun gute
1288 2481 1601 2636 Nacht.
1151 2589 3029 2801 Er: Gute Nacht.- ja, wenn wir schlafen
1303 2779 1673 2976 können.
1181 2874 3139 3069 Sie! Warum sagst Du das? "Wenn wir schla-
1321 3032 2011 3237 fen können...“
1183 3189 3189 3352 Er: Komm' näher. Wo bist Du denn? Ich bin
1338 3319 3197 3547 überzeugt, Du starrst mit offenen Augen
1338 3482 3219 3722 auf die Decke, die Du doch nicht siehst.
