3544 4232
1246 589 3112 842 begegnet, und es ist ganz gut, dass wir
1246 739 3067 969 Beide nicht jünger sind. Ich fühle es:
1274 917 3177 1119 gerade, dass wir vorher so Vieles erlebt
1269 1066 3164 1276 hatten, Jedes für sich, Jeder so Tiefes,
1281 1171 3137 1449 Leidenschaftliches, vielleicht auch Ge-
1299 1461 1803 1608 meines....
1169 1576 1813 1786 Sie: Gewiss.
1174 1603 3189 1891 Er:... dass wir so wissent sind wie wenig
1326 1838 3164 2063 Andere, macht uns so reif für einander,
1346 1948 3252 2218 so geschaffen Einer für den Andern,. dass
1356 2138 2697 2360 wir unser Los segnen dürfen.
1239 2233 3084 2507 Sie: Waren diese Worte ein Nachtgebet!
1661 2383 3292 2617 kein übles,- jedenfalls andächtiger
1229 2532 1489 2655 Er:
1389 2587 3299 2782 als manches andere. Und nun schlaf' wohl,
1384 2810 1943 2967 gute Nacht.
1259 2900 2095 3107 Sie: Gute Nacht.
1264 3024 3217 3257 Er: Es ist seltsam: ich bin so eigentüm-
1416 3152 3284 3387 lich wach, als wäre der Morgen nah, und
1429 3314 3289 3559 wir haben doch Beide kein Auge zugetan.
1291 3487 3262 3754 Sie: Und eben schlägt es Mitternacht. Wo
1446 3659 3324 3869 mag das sein? Giebt es hier einen Kirch-
