3432 4200
568 2503 3021 2616 sen an meinen Lenden hinab bis zu den Knöcheln, noch
565 2628 2952 2744 einen Kuss trinken wir einander von den Lippen....
556 2779 2926 2923 dann eilt ste schwebt sie, fliegt sie die dunkle
546 2920 2861 3065 Treppe hinauf — hinaus - hinauf und ich ihr nach.
543 3052 2867 3212 Ich höre die Türe gehn; und wie ich an Anfang des
543 3222 2751 3372 Ganges steh, tst sie sohon in ihrem Zimmer vor
543 3372 2967 3545 schwunden. Ich trete in das meine, etle auf den Bal-
531 3548 2952 3680 kon, sehe eben wie drüben die Flügel der. Balkontüre
2876 490 3005 644 10
3002 653 3121 750 G.C.H.P.
587 769 3008 933 ber die Wiese, die gar nicht mehr leuchtet, tauchen
597 914 3115 1055 In den Park, und in der engen Allee schlagen wiederdet
584 1090 2955 1206 Zwetge an unsre feuchten Lenden und Arme. Hier ist
593 1231 2898 1360 die Türe, die offene, durch die wir uns vor einer
578 1385 2898 1539 Stunde herausgeträumt haben. Auf der ersten Stufe
581 1545 3065 1674 bleibt sie, die Geliebte, die Fremde plötzlich stehn.
575 1696 2892 1849 legt beide Hände auf meine Schultern, neigt
581 1868 2939 1969 Ihre Lippen meinem Ohr zu und flüstert: "Du darfst
562 1997 2700 2160 nicht mehr hier sein, wenn die Sonne aufgeht.
565 2126 2936 2333 Ich nicht nur. Hoch einmal drängt sie ihre feuchte
556 2333 3014 2462 Brust an die meine, Tropfen von ihren Haaren flies-
