3528 4232
2748 302 2854 501 8
491 740 2941 954 wahrscheinlich nur xxxet Menschen sich verstehen kön-
504 861 2854 1097 nen, die einander früher niemals gesehen haben und
510 1017 2900 1225 deren erste Begegnung der unsern gleicht. Im glei -
513 1172 3015 1433 chen Augenblick verlassen sie und ich den Balkon. Ich
525 1334 3009 1551 öffne die Türe meines Zimmers, sie die ihre und bei -
535 1486 2984 1697 de stehen wir auf dem Teppich des dunkeln Korridors,
538 1638 2963 1837 auf den von einem fernen Fenster am Ende des Ganges,
525 1763 3015 2014 Mondglanz fällt. Wir ergreifen einander bei der Hand.
535 1946 2925 2154 Wir eilen den Gang, dann eine schmale Treppe hinab,
563 2080 2891 2310 in den Garten. Ohne ein Wort zu reden, gleiten wir
560 2226 2904 2450 dahin, unter dem Laub der Bäume, wo es dunkel ist,
575 2372 2966 2608 dass jedem die Gestalt des andern verschwindet. Wir
563 2549 2885 2823 schweben durch schmale Alleen, die Bilsche, an die
566 2711 3022 2935 wir rühren Iauschei leise. Wir treten ins Licht hin-
575 2863 2972 3087 aus. Der bläuliche, sternenlose Himmel ist über uns
588 2988 2854 3236 und wir drängen unsre fröstelnden Letber in eine
584 3155 2866 3395 erste Umarmung. Dann eilen wir weiter, durch den
594 3329 2913 3544 freten Raum über die feuchten Ufer hin. Der Grund
597 3472 2910 3706 schwindet unter unsern Füssen. Wir tauchen in die
