3512 4232
2880 365 3015 543 10
617 706 3015 988 ber die Wiese, die gar nicht mehr leuchtet, tauchen
629 868 3021 1110 in den Park, und in der engen Allee schlagen wieder
632 1043 2991 1233 Zweige an unsre feuchten Lenden und Arme. Hier ist
647 1169 2933 1408 die Türe, die offene, durch die wir uns vor einer
647 1325 2957 1571 Stunde herausgeträumt haben. Auf der ersten Stufe
660 1491 3126 1702 bleibt sie, die Geliebte, die Fremde plötzlich stehn,
660 1656 2963 1856 legt beide Hände auf meine Schultern, neigt
672 1785 3018 1997 ihre Lippen meinem Ohr zu und flüstert: "Du darfst
663 1926 2837 2138 nicht mehr hier sein, wenn die Sonne aufgeht."
675 2080 3034 2319 Ich nicke nur. Hoch einmal drängt sie ihre feuchte
678 2267 3126 2469 Brust an die meine, Tropfen von ihren Haaren Flies-
687 2405 3129 2601 sen an meinen Lenden hinab bis zu den Knöcheln, noch
693 2592 3083 2758 einen Kuss trinken wir einander von den Lippen....
690 2715 3046 2908 dann eilt stek, schwebt sie, fliegt sie die dunkle
696 2890 2994 3095 Treppe hinauf — hinauf — hinaus und ich ihr nach.
699 3009 3009 3218 Ich höre die Türe gehn; und wie ich am Anfang des
712 3181 2917 3368 Ganges steh, ist sie schon in ihrem Zimmer ver
721 3325 3123 3580 schwunden. Ich trete in das meine, etle auf den Bal
718 3503 3123 3748 kon, sehe eben wie drüben die Flügel der Balkontüre
