3432 4216
2721 274 2852 454 13
501 644 3001 917 hallten laut auf dem Kies, man rief ihn an. Er setzte
504 799 2787 1036 sich zu den andern und liess sich einen Mazagran
519 886 2927 1176 bringen. Diese Gewohnheit war ihm von einem unver -
529 1110 2889 1340 gesslichen Jahr her geblieben, das er in Paris ver
532 1350 1061 1530 lebt hatte.
522 1356 2967 1655 Der Herr, der beinahe erwärgt worden wäre, bemerkte:
557 1533 2827 1794 "Finden Sie nicht Herr Neumann,“ so und nicht an
557 1707 2948 1925 ders hiess der Herr mit den grauen Haaren, dass wir
557 1885 2525 2105 eigentlich alle ziemlich indiskret waren?"
572 1956 2892 2258 "Freilich," meinte derjenige, in dessen Armen ein
572 2115 2998 2379 sehr geliebtes Wesen verschieden war, "wenn man amü¬
582 2286 2945 2569 sant sein will, hat man nur die Wahl indtskret zum
582 2544 1549 2712 sein, oder zu lügen.
610 2650 2902 2836 "Lässt sich nicht beides verbinden?" bemerkte der
600 2755 2954 2979 dritte fein und er dachte daran, dass er den Namen
610 2936 2871 3147 des Mädchens mit dem rotgebänderten Strohhhut ein
600 3113 3057 3303 paar Jahre später erfahren, dass das Band eigentlich
616 3244 2942 3458 gelb gewesen war und dass er bat jedesmaliger Wie
619 3405 2902 3651 derholung der Geschichte zum Spass die Farbe ver
