3464 4216
2733 491 2829 609 5
1780 757 1960 863 mir
638 783 3217 969 an mein Ziel Anfangs war es ein wenig unheimlich,n Auch
654 940 2964 1123 denn der Weg führte durch dämmernden Wald. Später
648 1110 3070 1296 aber durchlauchtete der Moßd die Zuerge undlich
2181 1216 2441 1325 lange.
651 1305 3066 1463 kam ich ins Freie und vanldelte/wischen Weinbergen
651 1389 3028 1575 und Wiesen weiter. Dech die Zett verstrich und Ich
661 1546 3105 1732 begann zu fürchten, dass ich einen falschen Weg ein¬
651 1726 3060 1905 geschlagen hätte. Da, mit einem Male, stand ich vor
654 1889 3086 2030 einem hoben Eisengitter, das im Mondschein aufstieg
661 2056 2986 2171 Ich ging das Gitter entlang, kam zu einem offenen
664 2207 3021 2332 Tor, ein breiter, weiss glänzender Kiesweg lag vor
661 2341 3009 2489 mir und aus der Tiefe des Parkes winkte das präch
664 2511 2932 2669 tige, schimmernde Gebäude, das ich schon von der
661 2662 2993 2797 Höhe aus gesehen hatte. Bald drückte ich die Klin
667 2803 3089 2961 gel, der Portier öffnete mir, führte mich durch die
664 2928 3025 3118 Halle über eine breite Treppe zuet Stockwerke hin
680 3114 3095 3249 auf und sohloss mir ein Zimmer auf. Es sah ungefähr
674 3297 2874 3438 so aus wie ich es mir erträumt hatte, war hoch
677 3413 3009 3567 und schmal, die Tapeten in zartem Lachsrosa gehal
690 3605 3079 3756 ten, Schrank, Tisch und Stühle aus glattem, gebetz
