3528 4248
2692 402 2781 575 9
513 639 2848 977 regungslose, blaue Flut, schlingen die Arme etnes
528 873 2999 1106 um des andern Schulter, neigen unsre feuchten Wangen
544 1005 2983 1232 einander zu, wortlos und schwimmen eine Weile in den
541 1195 2817 1392 lauen, weichen Wellen dahin. Dann lassen wir uns
544 1352 3011 1561 wieder zum Land hintretben, tauchen empor, sehen den
550 1478 2882 1684 Schimmer unserer Letber durch die Nacht fliessen,
571 1638 3008 1856 gehen ein paar Schritte landetnwärts und stnken aufs
571 1804 2931 2006 Gras, das die Feuchtigkeit unserer Haut auftrinkt.
578 1966 2928 2148 Unsere kühlen Lippen xx schlürfen sich an einander
578 2099 2919 2357 warm, wir drängen uns nah, verlteren uns in einan
587 2252 2965 2467 der, vergehn, schlummern endlich ein. Wie wir erwa
593 2387 3045 2615 dhen ist über uns ein matt violettes Grau. Der Früh¬
590 2569 3057 2753 morgenhimmel senkt sich auf uns nieder. Verschwunden
602 2701 2962 2934 ist der Mond, die Luft ist kilhl und regt sich lei
596 2873 3057 3072 se, wir frösteln. Schwarz zu unsern Füssen liegt der
605 3054 3023 3223 See; wir erheben uns langsam, gemächlich und stumm.
608 3183 3082 3383 Hand in Hand gefasst, tauchen wir wieder in die Flut
624 3288 2937 3540 schwimmen die kurze Strecke zurück, Hand in Hand,
630 3475 2980 3715 Wang an Wange. Wir stetgen aus dem See, gleiten ü
