3496 4232
2686 436 2826 576 14
643 790 1043 960 änderte.
637 890 3082 1098 Der Herr mit den grauen Haaren an der Schläfe trank
662 1055 2442 1253 sainen Maßagran und schien zu lächeln.
649 1216 2985 1387 Sie waren die letzten Gäste auf der Terrasse. Die
652 1357 3040 1549 Lichter im Saale verlöschten, die Herren sassen im
649 1518 2994 1732 Dunkeln. Nur xwet kleine Punkte schimmerten noch
671 1665 2982 1875 durch die Nacht: Die neue Zigastte, die sich der
668 1835 3018 2000 Herr mit dem unvergesslichen Pariser Jahr angezün
689 1994 3034 2131 det hatte und von weitem aus einem offenen Villen
701 2116 3155 2311 fenster das flackernde Licht einer Kerze. Auch diese
692 2299 3076 2454 beiden waren längst verlöscht, als der schwedtsche
680 2451 2634 2637 Kapitän aus Australien wieder heimkehrte.
1326 2899 2591 3101 * * * *  =================*
