3432 4200
2816 306 2941 469 12
581 641 2944 853 ren Gemahl gestern nach Australten abgedampft war,
588 769 2922 1025 wohnte in einer kleinen Villa, die tiefer im Park
600 1044 897 1191 stand.
625 1081 2931 1322 "Begleiten Sie mich vor meine Türe," sagte sie zu
603 1266 3116 1478 dem Herrn mit den grauen Haaren. Dann wandte sie sich
603 1425 3016 1603 zu den andern: "gute Nacht," und verschwand mit th -
603 1584 2209 1725 rem Begleiter im Dunkel der Bäume.
597 1709 3012 1912 Die drei andern setzten sich auf die Hotelterrasse,
628 1909 2994 2059 die schon menschenleer war und schlürften kühlende
622 2047 2941 2247 Getränke. Man hätte ihn doch irgendwo am Ufer aus
622 2169 3038 2366 setzen sollen," sagte der Herr, in dessen Armen ein
622 2331 2944 2538 sehr geliebtes Wesen die Seele ausgehaucht hatte.
659 2506 2969 2691 "Oder ins Wasser werfen," mei te der, den eine An
638 2641 2062 2841 gebetete beinah erwürgt hätte.
3031 2656 3194 2841 Bert
622 2809 3038 2991 Plötzlich sagte der dritte, den eine Unbekannte mit
638 2922 2997 3156 rot gebändertem Strohhhbut auf einer Sommerwiese vor
631 3106 2972 3319 langer Zeit einmal gehüsst hatte: "Da kommt er ja
653 3306 1322 3472 schon wieder."
631 3372 2978 3612 Eine Zigarette zwischen den Lippen, spazierte der
634 3575 3075 3728 Angekündigte die Terasse entlang und seine Schritte
