3448 4232
2655 460 2757 650 6
463 814 2941 957 "ten Eichenholz. Ein Messingbett stand da, verlockend
485 989 2829 1122 brett mit weissen, leuchtenden Polstern, gegenüber
476 1147 2748 1268 ein Marmorwaschtisch. Eine krystallämpel hing an
485 1256 2978 1427 der Decke.-Statt des Fensters uar eine Türe, die weit
473 1421 2928 1557 offen stand und auf einen kleinen Balkon hinausging.
1387 1582 2792 1769 Mir war sehr heiss.Rasch warf
482 1750 2835 1881 Ich meine Kleider ab, wusch den ganzen Körper und
469 1840 2925 2055 rieb ihn mit dem rauhen Handtuch bis zur Erschöpfung
476 2058 2891 2195 ab. Die Luft, die von draussen ham, var von einer so
479 2232 2925 2347 zärtlich-verführerischen Lauheit und Weichheit, dass
482 2388 2919 2509 Ich verlockt wurde auf meinen Balkon hinauszutreten,
476 2543 2838 2655 In die Stille und Einsamkeit der Nacht. Eine ganze
460 2664 2854 2838 Menge andrer, kleiner Balkona
482 2776 2894 2938 vor und die schlanhen Stäbe glitzerten im Mondlicht
479 2960 2916 3109 Unter die Bäume des Paris standen schwarz und stumm.
460 3121 2807 3261 Der See selbst uar so regungslos, dass ich den ge
479 3289 2801 3451 spiegelten Mond auf seinem Grunde liegen sah. Das
460 3417 2944 3556 -Ufer gegenüber war nichts als eine dunkle Linie. Ich
473 3603 2925 3737 brettete die Arme aus, tat noch einen letzten, tie¬
