<?xml version="1.0" encoding="UTF-8" standalone="yes"?>
<PcGts xmlns="http://schema.primaresearch.org/PAGE/gts/pagecontent/2013-07-15" xmlns:xsi="http://www.w3.org/2001/XMLSchema-instance" xsi:schemaLocation="http://schema.primaresearch.org/PAGE/gts/pagecontent/2013-07-15 http://schema.primaresearch.org/PAGE/gts/pagecontent/2013-07-15/pagecontent.xsd">
    <Metadata>
        <Creator>prov=READ-COOP:name=TrHtr:version=2.1.0:model_id=51170:date=14_08_2023_23:32</Creator>
        <Created>2023-05-10T14:53:25.568+02:00</Created>
        <LastChange>2023-08-14T23:32:12.286+02:00</LastChange>
        <TranskribusMetadata docId="1428691" pageId="55426983" pageNr="28" tsid="132831224" status="IN_PROGRESS" userId="64420" imgUrl="https://files.transkribus.eu/Get?id=KMWHSRBRCHVDREVUKPRFQQXT&amp;fileType=view" xmlUrl="https://files.transkribus.eu/Get?id=DWMGQJSKUELRYAAKHPPDXXQA" imageId="44701058"/>
    </Metadata>
    <Page imageFilename="1428691_0028.jpg" imageWidth="3464" imageHeight="4248">
        <ReadingOrder>
            <OrderedGroup id="ro_1711809396248" caption="Regions reading order">
                <RegionRefIndexed index="0" regionRef="tr_1"/>
                <RegionRefIndexed index="1" regionRef="tr_2"/>
            </OrderedGroup>
        </ReadingOrder>
        <TextRegion id="tr_1" custom="readingOrder {index:0;}">
            <Coords points="653,517 3164,517 3164,2177 653,2177"/>
            <TextLine id="tr_1_tl_1" custom="readingOrder {index:0;}">
                <Coords points="2864,578 2883,575 2930,600 2958,591 2973,600 2989,600 2992,466 2973,463 2958,479 2945,479 2930,466 2905,470 2895,457 2889,463 2867,463"/>
                <Baseline points="2880,570 2907,573 2952,573 2997,567"/>
                <TextEquiv>
                    <Unicode>12</Unicode>
                </TextEquiv>
            </TextLine>
            <TextLine id="tr_1_tl_2" custom="readingOrder {index:1;}">
                <Coords points="634,986 2830,927 2982,896 2986,805 641,833"/>
                <Baseline points="653,949 662,946 707,946 752,943 797,943 841,943 886,940 931,937 976,937 1020,934 1065,934 1110,931 1155,931 1200,931 1244,928 1289,928 1334,925 1379,925 1423,922 1468,922 1513,919 1558,919 1603,919 1647,916 1692,913 1737,913 1782,910 1826,907 1871,907 1916,901 1961,901 2006,901 2050,901 2095,898 2140,898 2185,898 2229,895 2274,892 2319,892 2364,892 2409,889 2453,889 2498,886 2543,886 2588,886 2632,883 2677,883 2722,880 2767,880 2812,877 2856,877 2901,877 2946,880 2991,880"/>
                <TextEquiv>
                    <Unicode>ren Gemahl gestern nach Australten abgedampft war,</Unicode>
                </TextEquiv>
            </TextLine>
            <TextLine id="tr_1_tl_3" custom="readingOrder {index:2;}">
                <Coords points="644,1151 2839,1076 2973,1051 2976,970 650,1045"/>
                <Baseline points="665,1107 698,1104 743,1104 788,1104 832,1101 877,1098 922,1098 967,1095 1011,1092 1056,1092 1101,1092 1146,1089 1191,1086 1235,1086 1280,1086 1325,1083 1370,1083 1415,1083 1459,1083 1504,1083 1549,1080 1594,1077 1638,1074 1683,1071 1728,1071 1773,1068 1818,1068 1862,1068 1907,1065 1952,1065 1997,1065 2041,1062 2086,1062 2131,1059 2176,1059 2221,1059 2265,1056 2310,1053 2355,1053 2400,1053 2444,1047 2489,1047 2534,1047 2579,1044 2624,1044 2668,1041 2713,1038 2758,1038 2803,1035 2847,1035 2892,1035 2937,1035 2982,1044"/>
                <TextEquiv>
                    <Unicode>wohnte in einer kleinen Villa, die tiefer im Park</Unicode>
                </TextEquiv>
            </TextLine>
            <TextLine id="tr_1_tl_4" custom="readingOrder {index:3;}">
                <Coords points="656,1278 706,1288 725,1275 771,1288 824,1269 846,1284 874,1260 949,1278 952,1160 921,1169 852,1138 824,1151 796,1138 759,1169 743,1160 706,1194 659,1172"/>
                <Baseline points="674,1259 689,1259 734,1256 779,1256 823,1256 868,1253 913,1253 958,1253"/>
                <TextEquiv>
                    <Unicode>stand.</Unicode>
                </TextEquiv>
            </TextLine>
            <TextLine id="tr_1_tl_5" custom="readingOrder {index:4;}">
                <Coords points="669,1427 2886,1390 2986,1378 2989,1269 672,1309"/>
                <Baseline points="686,1403 710,1400 755,1400 800,1403 844,1403 889,1400 934,1400 979,1397 1023,1394 1068,1394 1113,1394 1158,1391 1203,1391 1247,1391 1292,1388 1337,1388 1382,1388 1426,1385 1471,1385 1516,1382 1561,1379 1606,1379 1650,1376 1695,1373 1740,1373 1785,1373 1829,1373 1874,1370 1919,1370 1964,1367 2009,1364 2053,1361 2098,1364 2143,1361 2188,1358 2232,1358 2277,1355 2322,1355 2367,1358 2412,1355 2456,1352 2501,1352 2546,1349 2591,1349 2635,1346 2680,1346 2725,1343 2770,1343 2815,1340 2859,1340 2904,1337 2949,1334 2994,1337"/>
                <TextEquiv>
                    <Unicode>"Begleiten Sie mich vor meine Türe," sagte sie zu</Unicode>
                </TextEquiv>
            </TextLine>
            <TextLine id="tr_1_tl_6" custom="readingOrder {index:5;}">
                <Coords points="656,1608 3157,1527 3160,1400 662,1487"/>
                <Baseline points="677,1558 701,1558 746,1558 791,1555 835,1555 880,1552 925,1549 970,1546 1014,1546 1059,1546 1104,1540 1149,1540 1194,1540 1238,1540 1283,1537 1328,1537 1373,1540 1417,1537 1462,1537 1507,1537 1552,1534 1597,1531 1641,1528 1686,1528 1731,1525 1776,1525 1820,1522 1865,1522 1910,1519 1955,1519 2000,1516 2044,1516 2089,1516 2134,1516 2179,1513 2224,1513 2268,1510 2313,1510 2358,1507 2403,1507 2447,1504 2492,1501 2537,1501 2582,1498 2627,1498 2671,1498 2716,1495 2761,1495 2806,1495 2850,1492 2895,1492 2940,1489 2985,1489 3030,1486 3074,1486 3119,1480 3164,1480"/>
                <TextEquiv>
                    <Unicode>dem Herrn mit den grauen Haaren. Dann wandte sie sich</Unicode>
                </TextEquiv>
            </TextLine>
            <TextLine id="tr_1_tl_7" custom="readingOrder {index:6;}">
                <Coords points="650,1723 2824,1683 2992,1655 2995,1536 653,1651"/>
                <Baseline points="671,1713 716,1710 761,1710 806,1707 850,1704 895,1704 940,1701 985,1701 1029,1701 1074,1698 1119,1695 1164,1695 1209,1695 1253,1695 1298,1695 1343,1695 1388,1692 1432,1689 1477,1689 1522,1686 1567,1680 1612,1683 1656,1680 1701,1680 1746,1677 1791,1677 1835,1674 1880,1674 1925,1677 1970,1674 2015,1671 2059,1668 2104,1665 2149,1662 2194,1662 2238,1659 2283,1656 2328,1656 2373,1656 2418,1656 2462,1656 2507,1653 2552,1653 2597,1650 2641,1650 2686,1647 2731,1647 2776,1647 2821,1647 2865,1644 2910,1641 2955,1638 3000,1635"/>
                <TextEquiv>
                    <Unicode>au den andern: "gute Nacht," und verschwand mit th</Unicode>
                </TextEquiv>
            </TextLine>
            <TextLine id="tr_1_tl_8" custom="readingOrder {index:7;}">
                <Coords points="659,1882 1471,1857 1552,1903 1773,1835 2059,1891 2267,1872 2270,1773 2012,1726 1558,1788 1403,1738 1148,1801 662,1779"/>
                <Baseline points="677,1859 710,1859 755,1856 800,1856 844,1853 889,1853 934,1853 979,1853 1023,1850 1068,1850 1113,1847 1158,1847 1203,1847 1247,1844 1292,1844 1337,1844 1382,1841 1426,1838 1471,1838 1516,1835 1561,1835 1606,1832 1650,1832 1695,1826 1740,1826 1785,1823 1829,1823 1874,1823 1919,1820 1964,1820 2009,1820 2053,1820 2098,1818 2143,1815 2188,1818 2232,1818 2277,1820"/>
                <TextEquiv>
                    <Unicode>rem Begleiter im Dunkel der Bäume.</Unicode>
                </TextEquiv>
            </TextLine>
            <TextLine id="tr_1_tl_9" custom="readingOrder {index:8;}">
                <Coords points="656,2031 2647,2028 3054,1972 3057,1885 656,1934"/>
                <Baseline points="674,2018 692,2015 737,2015 782,2012 826,2012 871,2009 916,2006 961,2006 1006,2003 1050,2003 1095,2000 1140,2003 1185,2000 1229,2000 1274,1997 1319,1997 1364,1994 1409,1994 1453,1994 1498,1994 1543,1991 1588,1991 1632,1988 1677,1988 1722,1985 1767,1985 1812,1982 1856,1979 1901,1979 1946,1979 1991,1976 2035,1976 2080,1976 2125,1973 2170,1973 2215,1970 2259,1970 2304,1970 2349,1967 2394,1967 2438,1964 2483,1964 2528,1961 2573,1961 2618,1958 2662,1958 2707,1955 2752,1955 2797,1952 2841,1949 2886,1952 2931,1952 2976,1952 3021,1952 3065,1955"/>
                <TextEquiv>
                    <Unicode>Die drei andern setzten sich auf die Hotelterrasse,</Unicode>
                </TextEquiv>
            </TextLine>
            <TextLine id="tr_1_tl_10" custom="readingOrder {index:9;}">
                <Coords points="672,2196 2895,2146 3029,2133 3032,2012 675,2105"/>
                <Baseline points="692,2167 713,2164 758,2167 803,2164 847,2161 892,2161 937,2161 982,2158 1026,2158 1071,2158 1116,2155 1161,2155 1206,2155 1250,2152 1295,2152 1340,2149 1385,2149 1429,2146 1474,2143 1519,2143 1564,2140 1609,2140 1653,2137 1698,2134 1743,2134 1788,2134 1832,2134 1877,2134 1922,2131 1967,2131 2012,2128 2056,2128 2101,2128 2146,2125 2191,2125 2235,2122 2280,2122 2325,2119 2370,2119 2415,2119 2459,2116 2504,2116 2549,2113 2594,2113 2638,2110 2683,2110 2728,2107 2773,2107 2818,2104 2862,2104 2907,2101 2952,2101 2997,2098 3041,2095"/>
                <TextEquiv>
                    <Unicode>die sdhon menschenleer war und schlürften kühlende</Unicode>
                </TextEquiv>
            </TextLine>
        </TextRegion>
        <TextRegion id="tr_2" custom="readingOrder {index:1;}">
            <Coords points="689,2203 3140,2203 3140,3899 689,3899"/>
            <TextLine id="tr_2_tl_1" custom="readingOrder {index:0;}">
                <Coords points="669,2367 2426,2326 2989,2277 2992,2189 2668,2124 2239,2227 675,2227"/>
                <Baseline points="689,2319 716,2319 761,2319 806,2316 850,2313 895,2313 940,2313 985,2313 1029,2310 1074,2310 1119,2307 1164,2307 1209,2307 1253,2304 1298,2301 1343,2301 1388,2298 1432,2298 1477,2298 1522,2295 1567,2295 1612,2292 1656,2292 1701,2289 1746,2286 1791,2286 1835,2283 1880,2283 1925,2280 1970,2280 2015,2280 2059,2280 2104,2280 2149,2277 2194,2277 2238,2274 2283,2274 2328,2271 2373,2268 2418,2268 2462,2265 2507,2265 2552,2265 2597,2262 2641,2262 2686,2259 2731,2259 2776,2256 2821,2256 2865,2256 2910,2253 2955,2253 3000,2253"/>
                <TextEquiv>
                    <Unicode>Getränke. Man hätte ihn doch irgendvo am Ufer aus</Unicode>
                </TextEquiv>
            </TextLine>
            <TextLine id="tr_2_tl_2" custom="readingOrder {index:1;}">
                <Coords points="675,2504 2768,2472 3079,2426 3082,2323 681,2370"/>
                <Baseline points="695,2480 716,2477 761,2474 806,2474 850,2471 895,2468 940,2468 985,2465 1029,2468 1074,2465 1119,2465 1164,2462 1209,2462 1253,2462 1298,2462 1343,2462 1388,2462 1432,2462 1477,2459 1522,2456 1567,2453 1612,2450 1656,2450 1701,2447 1746,2444 1791,2444 1835,2444 1880,2441 1925,2441 1970,2441 2015,2438 2059,2438 2104,2441 2149,2438 2194,2435 2238,2432 2283,2429 2328,2427 2373,2427 2418,2427 2462,2424 2507,2424 2552,2424 2597,2424 2641,2421 2686,2421 2731,2421 2776,2418 2821,2418 2865,2418 2910,2415 2955,2415 3000,2412 3044,2409 3089,2406"/>
                <TextEquiv>
                    <Unicode>setzen sollen," sagte der Herr, in dessen Armen ein</Unicode>
                </TextEquiv>
            </TextLine>
            <TextLine id="tr_2_tl_3" custom="readingOrder {index:2;}">
                <Coords points="681,2656 2709,2625 2982,2591 2986,2469 684,2563"/>
                <Baseline points="698,2632 707,2632 752,2627 797,2624 841,2624 886,2624 931,2621 976,2618 1020,2621 1065,2618 1110,2615 1155,2615 1200,2612 1244,2612 1289,2612 1334,2609 1379,2609 1423,2606 1468,2606 1513,2603 1558,2603 1603,2603 1647,2600 1692,2600 1737,2597 1782,2594 1826,2591 1871,2591 1916,2591 1961,2591 2006,2591 2050,2588 2095,2588 2140,2588 2185,2588 2229,2585 2274,2582 2319,2579 2364,2579 2409,2579 2453,2576 2498,2576 2543,2573 2588,2573 2632,2573 2677,2570 2722,2567 2767,2567 2812,2567 2856,2567 2901,2567 2946,2567 2991,2570"/>
                <TextEquiv>
                    <Unicode>sehr geliebtes Wesen die Seele ausgehaucht hatte.</Unicode>
                </TextEquiv>
            </TextLine>
            <TextLine id="tr_2_tl_4" custom="readingOrder {index:3;}">
                <Coords points="690,2836 2877,2759 3014,2724 3017,2647 694,2690"/>
                <Baseline points="710,2779 737,2779 782,2770 826,2767 871,2767 916,2767 961,2767 1006,2767 1050,2764 1095,2764 1140,2761 1185,2761 1229,2761 1274,2758 1319,2755 1364,2755 1409,2755 1453,2752 1498,2752 1543,2749 1588,2752 1632,2752 1677,2746 1722,2749 1767,2746 1812,2749 1856,2749 1901,2743 1946,2740 1991,2737 2035,2737 2080,2734 2125,2731 2170,2731 2215,2731 2259,2728 2304,2731 2349,2731 2394,2728 2438,2728 2483,2725 2528,2725 2573,2722 2618,2722 2662,2719 2707,2719 2752,2716 2797,2716 2841,2716 2886,2713 2931,2713 2976,2713 3021,2713"/>
                <TextEquiv>
                    <Unicode>"Oder ins Wasser werfen,“ met te der, den eine An</Unicode>
                </TextEquiv>
            </TextLine>
            <TextLine id="tr_2_tl_5" custom="readingOrder {index:4;}">
                <Coords points="690,3010 952,2933 1169,2976 1673,2911 1748,2958 2015,2895 2109,2945 2112,2808 1950,2777 1813,2846 1549,2811 1493,2858 1400,2818 1101,2874 697,2858"/>
                <Baseline points="710,2943 731,2940 776,2934 820,2931 865,2928 910,2925 955,2922 1000,2922 1044,2922 1089,2919 1134,2919 1179,2919 1223,2916 1268,2916 1313,2913 1358,2910 1403,2907 1447,2904 1492,2904 1537,2901 1582,2901 1626,2901 1671,2898 1716,2898 1761,2898 1806,2895 1850,2895 1895,2895 1940,2892 1985,2892 2029,2892 2074,2892 2119,2895"/>
                <TextEquiv>
                    <Unicode>gebetete beinah erwürgt hätte.</Unicode>
                </TextEquiv>
            </TextLine>
            <TextLine id="tr_2_tl_6" custom="readingOrder {index:5;}">
                <Coords points="687,3147 3085,3060 3107,2902 690,3004"/>
                <Baseline points="704,3086 737,3086 782,3083 826,3083 871,3083 916,3080 961,3080 1006,3077 1050,3074 1095,3074 1140,3071 1185,3074 1229,3071 1274,3071 1319,3071 1364,3068 1409,3065 1453,3065 1498,3062 1543,3062 1588,3059 1632,3059 1677,3056 1722,3056 1767,3056 1812,3053 1856,3050 1901,3050 1946,3050 1991,3050 2035,3047 2080,3047 2125,3044 2170,3044 2215,3044 2259,3041 2304,3041 2349,3041 2394,3038 2438,3035 2483,3035 2528,3033 2573,3033 2618,3030 2662,3030 2707,3030 2752,3027 2797,3027 2841,3027 2886,3027 2931,3024 2976,3024 3021,3021 3065,3021 3110,3015"/>
                <TextEquiv>
                    <Unicode>Plötzlich sagte der dritte, den eine Unbekannte mit</Unicode>
                </TextEquiv>
            </TextLine>
            <TextLine id="tr_2_tl_7" custom="readingOrder {index:6;}">
                <Coords points="694,3284 2995,3231 3038,3119 2746,3063 2466,3150 700,3144"/>
                <Baseline points="713,3244 719,3244 764,3241 809,3241 853,3241 898,3241 943,3238 988,3236 1032,3233 1077,3233 1122,3233 1167,3230 1212,3230 1256,3230 1301,3230 1346,3227 1391,3224 1435,3224 1480,3224 1525,3221 1570,3218 1615,3218 1659,3212 1704,3212 1749,3212 1794,3212 1838,3212 1883,3209 1928,3209 1973,3209 2018,3209 2062,3206 2107,3206 2152,3206 2197,3203 2241,3200 2286,3200 2331,3197 2376,3194 2421,3194 2465,3194 2510,3191 2555,3191 2600,3188 2644,3188 2689,3188 2734,3185 2779,3185 2824,3182 2868,3182 2913,3179 2958,3179 3003,3176 3047,3173"/>
                <TextEquiv>
                    <Unicode>rot gebändertem Strohhhut auf einer Sommerwiese vor</Unicode>
                </TextEquiv>
            </TextLine>
            <TextLine id="tr_2_tl_8" custom="readingOrder {index:7;}">
                <Coords points="690,3443 3014,3396 3017,3225 694,3318"/>
                <Baseline points="707,3406 737,3403 782,3400 826,3400 871,3397 916,3397 961,3394 1006,3394 1050,3391 1095,3388 1140,3385 1185,3385 1229,3385 1274,3382 1319,3382 1364,3382 1409,3382 1453,3382 1498,3382 1543,3379 1588,3379 1632,3376 1677,3376 1722,3373 1767,3373 1812,3367 1856,3367 1901,3364 1946,3364 1991,3364 2035,3361 2080,3358 2125,3358 2170,3358 2215,3358 2259,3355 2304,3358 2349,3352 2394,3352 2438,3349 2483,3346 2528,3346 2573,3343 2618,3343 2662,3343 2707,3343 2752,3343 2797,3343 2841,3340 2886,3343 2931,3340 2976,3340 3021,3340"/>
                <TextEquiv>
                    <Unicode>langer Zeit einmal geküsst hatte: "Da kommt er ja</Unicode>
                </TextEquiv>
            </TextLine>
            <TextLine id="tr_2_tl_9" custom="readingOrder {index:8;}">
                <Coords points="706,3564 852,3629 921,3598 1048,3595 1095,3564 1303,3586 1372,3570 1378,3461 1353,3449 1247,3493 1172,3474 1141,3499 1116,3477 908,3499 837,3477 765,3511 709,3496"/>
                <Baseline points="722,3561 755,3558 800,3558 844,3558 889,3555 934,3555 979,3552 1023,3552 1068,3549 1113,3546 1158,3546 1203,3543 1247,3543 1292,3540 1337,3540 1379,3522"/>
                <TextEquiv>
                    <Unicode>schon wieder.”</Unicode>
                </TextEquiv>
            </TextLine>
            <TextLine id="tr_2_tl_10" custom="readingOrder {index:9;}">
                <Coords points="697,3751 2874,3710 3029,3676 3032,3604 2588,3521 1138,3657 700,3617"/>
                <Baseline points="713,3722 749,3719 794,3716 838,3716 883,3716 928,3710 973,3713 1017,3710 1062,3710 1107,3707 1152,3707 1197,3704 1241,3704 1286,3704 1331,3701 1376,3698 1420,3698 1465,3698 1510,3695 1555,3695 1600,3692 1644,3689 1689,3689 1734,3686 1779,3686 1823,3683 1868,3683 1913,3683 1958,3683 2003,3683 2047,3683 2092,3680 2137,3680 2182,3677 2226,3677 2271,3674 2316,3674 2361,3671 2406,3671 2450,3671 2495,3671 2540,3668 2585,3665 2629,3665 2674,3662 2719,3659 2764,3662 2809,3659 2853,3659 2898,3656 2943,3656 2988,3653 3033,3659"/>
                <TextEquiv>
                    <Unicode>Eine Zigarette zwischen den Lippen, spazierte der</Unicode>
                </TextEquiv>
            </TextLine>
            <TextLine id="tr_2_tl_11" custom="readingOrder {index:10;}">
                <Coords points="687,3925 3129,3875 3135,3713 690,3832"/>
                <Baseline points="707,3889 722,3886 767,3886 811,3889 856,3886 901,3886 946,3883 991,3880 1035,3880 1080,3877 1125,3880 1170,3877 1214,3877 1259,3874 1304,3871 1349,3868 1394,3865 1438,3865 1483,3865 1528,3862 1573,3862 1618,3859 1662,3859 1707,3856 1752,3853 1797,3853 1841,3853 1886,3853 1931,3853 1976,3850 2021,3850 2065,3847 2110,3844 2155,3847 2200,3847 2244,3844 2289,3842 2334,3839 2379,3839 2424,3836 2468,3836 2513,3833 2558,3833 2603,3830 2647,3830 2692,3830 2737,3830 2782,3827 2827,3824 2871,3824 2916,3824 2961,3821 3006,3821 3050,3818 3095,3818 3140,3818"/>
                <TextEquiv>
                    <Unicode>Angekündigte die Terasse entlang und seine Schritte</Unicode>
                </TextEquiv>
            </TextLine>
        </TextRegion>
    </Page>
</PcGts>
