3416 4184
581 747 3018 943 während leise vom leuchtenden Strande her die Abend-
581 931 2911 1118 musik über die schriebenden Wellen zu ihnen klang.
590 1096 1643 1268 begann er zu erzählen.
603 1246 2893 1428 „Es war vor zehn Jahren an einem Spätsommerabend.
603 1371 2921 1546 Ich kam aus den Bergen. Zwet oder drei Wochen war
612 1521 2964 1702 ich herumgewandert, ganz ohne Plan und wusste
612 1709 2874 1849 morgens nie, wo ich in der Nacht ruhn würde. Nun
628 1837 3002 2034 ging es ans Ende meiner Reise und ich stieg aus der
612 2015 2968 2177 Höhe ins Tal hinab, dem Süden zu. Im letzten Son
625 2149 3068 2340 nenschein, von einer Lichtung aus, gewahrte ich tief
640 2283 2889 2483 unter mir den See, an dessen Ufern ich die Nacht
634 2455 2858 2630 verbringen sollte, und aus dunkler Umgebung, an
640 2590 2996 2780 scheinend aus einem Park, schimmerte mir das Hotel
650 2733 2908 2939 entgegen, das mir versprochen war. Nach allerlei
647 2936 2996 3096 verdächtigen Nachtlagern, die mir im Laufe der ver
650 3071 2871 3246 gangenen Woche beschieden waren, gelüstete mich
653 3230 3164 3414 sehr nach einem guten Quartier, mit einem untadeligen
650 3396 2927 3577 Bett, und ich beschleunigte meine Schritte. Doch
653 3539 3071 3733 mehr als etne Stunde verging und ich gelangte nicht
