3448 4232
521 761 2967 983 während letztse vom leuchtenden Strande her die Abend-
518 970 2833 1142 musik über die schriebenden Wellen zu ihnen klang,
530 1148 1576 1329 begann er zu erzählen.
555 1239 2830 1476 "Es war vor zehn Jahren an einem Spätsommerabend.
546 1392 2855 1641 Jch kam aus den Bergen. Ziet oder drei Wochen war
565 1535 2920 1800 Ich herumgewandert, xxxx ganz ohne Plan und wusste
555 1713 2830 1944 morgens nie, wo ich in der Nacht ruhn wurde. Nun
577 1847 2961 2075 ging es ans Ende meiner Reise und ich stieg aus der
574 2025 2870 2228 Höhe ins Tal hinab, dem Süden zu. Im letzten Son
577 2128 3042 2359 nenschein, von einer Lichtung aus, gewahrte ich tief
599 2312 2858 2505 unter mir den See, an dessen Ufern ich die Nacht
596 2487 2814 2677 verbringen sollte, und aus dunkler Umgebung, an
612 2621 2964 2867 scheinend aus etnem Park, schimmerte mir das Hotel
618 2780 2870 2989 entgegen, das mir versprochen war. Nach allerlet
621 2908 2970 3129 verdächtigen Nachtlagern, die mir im Laufe der ver
624 3083 2855 3326 gangenen Woche beschieden waren, gelüstete mich
640 3239 3145 3444 sehr nach einem guten Quartier, mit einem untadeligen
636 3398 2923 3604 Bett, und ich beschleunigte meine Schritte. Doch
640 3516 3058 3756 mehr als eine Stunde verging und ich gelangte nicht
