3416 4200
556 749 3012 976 ten Eichenholz, Ein Messingbett stand da, verlockend
556 951 2904 1128 breit mit weissen, leuchtenden Polstern, gegenüber
553 1116 2832 1259 ein Marmorwaschtisch. Eine Krustallämpel hing an
560 1287 3056 1449 der Decke. Statt des Fensters war eine Türg, die welt
556 1424 2997 1579 offen stand und auf einen kleinen Balkon hinausging.
1464 1570 2866 1753 Mir war sehr heiss. Rasch warf
556 1741 2919 1881 Ich meine Kleider ab, wusch den ganzen Körper und
550 1924 3000 2024 rieb ihn mit dem rauhen Handtuch bis zur Erschöpfung
553 2086 2975 2204 ab. Die Luft, die von draussen kam war von einer so
556 2220 3009 2338 zürtlich-verführerischen Lauheit und Weichheit, dass
563 2347 2994 2509 ich verlockt wurde auf meinen Balkon hinauszutreten.
566 2527 2925 2664 ###n die Stille und Einsamkeit der Nacht. Eine ganze
544 2683 2975 2789 Menge andrer, kleiner Balkone rugten aus dem Dunkel
563 2857 2994 2981 vor und die schlanken Stäbe glitzerten im Mondlicht.
553 2972 2994 3131 Unter die Bäume des Paris standen schwarz und stumm.
541 3103 2900 3280 Der See selbst uar so regungslos, dass ich den ge
560 3233 2885 3410 spiegelten Mond auf seinem Grunde liegen sah. Das
560 3398 3037 3560 Ufer gegenüber war nichts als eine dunkle Linie. Ich
563 3575 3003 3730 breitete die Arme aus, tat noch einen letzten, tie¬
