3432 4184
536 554 1681 773 garette nach der andern.
563 767 1626 947 "Nunt" fragte die Dame.
551 886 2948 1099 "O bitte," erwiderte der Herr etwas geziert, wie es
539 1054 2905 1245 seine Art war, und mit übertrieben weicher Stimme,
554 1200 2932 1370 "Ich bin gern bereit; doch meine Geschichte ist et
557 1367 2874 1532 was länger und es ist die Frage, ob die verehrten
542 1519 2978 1693 Anwesenden Geduld haben werden sie bis zu Ende anzu
557 1727 892 1876 hören."
576 1784 3008 1982 „Wenn sie uns langwellig wird, so rudern wir Sie ans
579 1967 2905 2135 Ufer und setzen Sie aus,“ sagte der Herr, dem ein
579 2141 2832 2317 sehr geliebtes Wesen in den Armen gestorben war.
588 2284 2981 2457 "Oder wir werfen Sie ins Wasser,“ sagte jener ande
585 2421 2801 2591 re, den eine Wahnstnnige beinahe erwürgt hätte.
597 2573 3027 2740 „Wir werden uns nicht langweilen,“ sagte die Kapt ü¬
600 2762 2101 2951 täntsfrau und blickte ins Weite.
585 2887 2996 3060 Der Herr mit dem jungen Antlitz strich sich in sei-
591 3039 3042 3219 ner etwas affektierten Art über die grauen Schläfen-
600 3173 3018 3410 haare, blickte ins Wasser, tat als kümmerte er sich
600 3322 2932 3526 um niemanden im Boote, weder um die andern Herren
606 3477 2847 3691 noch um die schöne Frau im Indischen Shawl; und
