3352 4088
2652 307 2749 429 2
1114 441 2919 651 Wir Andern wussten, was er meinte, -um-
893 628 2874 827 semehr, als er es schon einige Mare gesagt
890 793 2905 958 hatte. Denn im Laufe dieser gemeinschaftli¬
895 921 2993 1123 chen, sehr reizvollen Reise durch die Schweiz
901 1094 2862 1285 passierte es uns soziemlich jeden Abend,
890 1231 2916 1435 auch wenn wir tag süber hoch so lustig gewe-
901 1381 2979 1526 sen waren, dass wir melancholisch wurden und
1555 1487 1879 1626 fahiten
901 1498 2979 1742 unserer Jugend dachten, die nicht einmal gar
904 1654 2973 1853 so ferne waren. Und am Schlusse unserer Unter¬
907 1782 3192 2012 haltung fanden wir gewöhnlich, dass es be¬
912 2027 2877 2203 deutend schöner sei, zwanzigjährig zu Fuss
898 2138 2868 2319 mit dem Rucksack über Berg und Tal zu wan-
918 2274 2808 2510 dern, (in Bauernhöfen zu übernachten, von
947 2439 2837 2638 Milch, Butter und Eiern zu leben, beson-
918 2615 2808 2811 ders wenn man es nicht nötig hatte, - als
2877 2609 3184 2814 Raletsen
927 2754 2987 2968 vierzig- bis fünfzigjährig in Lukuszügen die
927 2908 2993 3115 Welt zu durchqueren, (in Kaleschen über Pässe
910 3044 3036 3289 zu fahren und abends im Em Emaking bei der Table
1418 3178 1904 3309 von Erzugnissen
927 3272 2959 3439 d'hote in französischer Küche zu schwelgen.
921 3343 2914 3582 Und Was hatten wir damals alles erlebt! In
924 3491 2987 3732 den vierzehn Tagen, die wir mit einander ge-
921 3701 2985 3860 reist waren, hatten wir einander alle Reise-
