3512 4216
522 727 3003 982 während leise vom leuchtenden Strande her die Abend-
538 903 2867 1130 musik über die schwebenden Wellen zu thnen klang.
557 1111 1605 1306 begann er zu erzählen.
570 1193 2871 1397 “Es war vor zehn Jahren an einem Spätsommerabend.
567 1369 2893 1567 Ich kam aus den Bergen. Zwel oder drei Wochen war
576 1476 2946 1734 ich herumgewandert, xxxx ganz ohne Plan und wusste
576 1687 2877 1917 morgens nie, wo ich in der Nacht ruhn würde. Nun
592 1816 3009 2055 ging es ans Ende meiner Reise und ich stieg aus der
585 1986 2915 2188 Höhe ins Tal hinab, dem Süden zu. Im letzten Son
607 2115 3075 2335 nenschein, von einer Lichtung aus, gewahrte ich tief
617 2269 2899 2518 unter mir den See, an dessen Ufern ich die Nacht
614 2449 2864 2650 verbringen sollte, und aus dunkler Umgebung, an
630 2597 3009 2833 scheinend aus einem Park, schimmerte mir das Hotel
636 2719 2918 2971 entgegen, das mir versprochen war. Nach allerlei
645 2905 3018 3113 verdächtigen Nachtlagern, die mir im Laufe der ver
1870 3012 2285 3135 gewesen
655 3053 2896 3280 gangenen Woche beschieden waren, gelüstete mich
655 3195 3188 3428 sehr nach einem guten Quartier, mit einem untadeligen
664 3339 2962 3566 Bett, und ich beschleunig te meine Schritte. Doch
1190 3396 1287 3469 w
670 3503 3110 3727 mehr als eine Stunde verging und ich gelangte nicht
