3512 4248
2742 498 2835 650 5
672 727 2968 1006 an mein Ziel Anfangs war es ein wenig unheimlich,
684 997 2968 1154 denn der Weg führte durch dämmernden Wald. Später
591 1117 3076 1315 aber durchleuchtete der Moÿd die Zweige und endlich
681 1309 3089 1470 kann' ich ins Freie und wanldelte zwischen Weinbergen
687 1405 3058 1600 und Wiesen ueiter. Doch die Zeit verstrich und ich
684 1582 3126 1755 begann zu fürchten, dass ich einen falschen Weg ein¬
696 1739 3076 1916 geschlagen hätte. Da, mit einem Male, stand ich vor
687 1891 3107 2080 einem hoben Eisengitter, das im Mondschein aufstieg
690 2049 3011 2207 Ich ging das Gitter entlang, kam zu einem offenen
703 2176 3036 2361 Tor, ein breiter, weiss glänzender Kiesweg lag vor
693 2324 3049 2504 mir und aus der Tiefe des Parkes winkte das präch
703 2510 2962 2649 tige, schirmernde Gebäude, das ich schon von der
696 2628 3027 2844 Höhe aus gesehen hatte. Bald drückte ich die Klin
703 2801 3110 3005 gel, der Portier öffnete mir, führte mich durch die
699 2931 3061 3120 Halle über eine breite Treppe zwei Stockwerke hin
721 3138 3107 3312 . auf und schloss mir ein Zimmer auf. Es sah ungefähr
715 3268 2903 3432 so aus wie ich es mir erträumt hatte, war hoch
715 3417 3055 3599 und schmal, die Tapeten in zartem Lachsrosa gehal
724 3615 3114 3754 ten, Schrank, Tisch und Stühle aus glattem, gebeiz
