3416 4216
992 594 2975 832 Sie! Kennst Du meine Gewohnheiten so gut?
987 814 2108 1006 Er: Ist es nicht Zeit?
1004 907 2920 1161 Sie: Wir alten Leute... wir uraltes Lie-
1154 1146 1653 1301 bespaar...
1011 1184 3022 1436 Er: Nein, sage das nicht. Wahrhaftig, wir
1154 1421 2083 1596 haben keinen Grund.
1031 1561 3042 1733 Sie: Mein Lieber, Du bist vierzig und ich
1191 1731 1953 1908 dreiunddreissig.
1259 1811 3102 2060 Trotzdem. Seit ich Dich kenne, bin ich
1041 1928 1216 2093 Er:
1196 1956 3107 2193 wieder jung - j端nger vielleicht, als ich
1209 2143 3014 2393 jemals war. Und Du, warst Du jemals im
1204 2325 2313 2507 Begriff, alt zu werden?
1476 2415 3119 2652 ja. Gerade, als wir einander kennen
1346 2587 2438 2727 nicht nur im Begritt, sondern boh
1071 2507 1279 2680 Sie:
1224 2575 3092 2820 lernten, war ich bereit. Ich habe nicht
1229 2767 2999 2977 geglaubt, dass ich noch etwas erleben
1244 2960 1551 3117 w端rde.
1339 3009 3039 3237 Ich auch nicht. Wahrhaftig! - Und was
1094 3107 1271 3289 Er:
1234 3182 2930 3387 haben wir noch mit einander erlebt -
1261 3342 3164 3554 gerade wir Zwei. Wie gl端cklich waren wir,
1254 3504 3154 3729 wir gl端cklich sind wir. Ja, man darf wol
1266 3656 3184 3859 sagen: wir sind einander zur rechten Zeit
