3448 4232
2624 461 2765 653 11
487 788 2947 942 zufallen und höre, wie der Riegel vorgeschoben wird.
487 932 2872 1105 Dann ist alles still. Mich friert beinahe. Ein küh
493 1108 2925 1268 ler Morgenwind kommt vom See. Ich trete in mein Zim
487 1284 2919 1416 mer zurück, lege mich aufs Bett und bald ist mir im
480 1422 2834 1569 Schweigen der Frühe, als hörte ich durch die Wand
502 1573 2875 1729 tiefe, ruhige Atemzilge. Eine Stunde später war ich
493 1720 1673 1899 wieder auf der Wanderung.
502 1886 2153 2065 “Zu Ende?” fragte die Kapitänsfrauf
480 2062 1425 2213 Der Herr nichte nur.
480 2188 1736 2360 Alle schwiegen eine Weile.
480 2338 2878 2464 Die Musik klang nicht mehr vom Strand herüber, die
493 2480 1959 2668 meisten Licher warum verlöscht.
505 2655 2244 2809 "Nach Hause," sagte die Kapitänsfrau.
490 2837 2869 2944 Langsam trieb der Kahn zum Ufer hin. Der Herr, der
496 2944 2954 3098 zuletzt erzählt hatte, zündete sich eine neue Zigar-
505 3095 3013 3252 rette an und blichte ins Worte. Die Kapitänsfraum zog
496 3236 2957 3399 den Shawl fester um ihre Schultern, als fröstelte es
493 3443 3016 3588 ste. Alle schwiegen. Man war am Ufer „legte an, stieg
496 3559 2982 3738 aus. Alle wohnten im Hotel, nur die Kapitänsfrau, de
