3464 4232
587 739 2952 942 fen Atemzug, dinn wandte ich mich, um in mein Zim -
580 914 2864 1092 mer zurückzukehren. Aber plötzlich, wie herbeige
596 1026 3051 1220 zaubert, auf dem Balkone links neben dem meinen, seh
602 1201 3030 1392 Ich eine schlimmernde Gestalt. Es war die einer Frau,
602 1373 3039 1597 nakt wie Ich, die Arme ausgebreitet wie ich, mir zu¬
608 1538 2970 1713 gewandt wie ich ihr. Es war offenbar, dass wir ein
612 1660 2883 1869 ander im gleichen Augenblick bemerkt hatten. Ich
615 1775 2961 2025 ###h sehe, dass ihr Leib ganz leise zittert und füh¬
621 1944 3026 2165 le, dass ich bebe wie sie. Ich uaiss auch, daas sie
633 2118 2983 2321 fliehn will wie ich. Aber wir fliehen nicht, son -
633 2240 2958 2474 dern bleiben beide unbeweglich stehn. xxx Sxxn
630 2462 3042 2643 paar Sekunden schaun wir einander ins Aug; wir lä
643 2568 2942 2767 cheln nicht, wir sehn einander nur an. Plötzlich
655 2736 3120 2933 schüttelt sie leicht den Kopf, ihre Haare lösen sich,
661 2898 3167 3079 fallen auf ihre Schultern, rollen herab. Und nun brei -
658 3083 3073 3245 ten uir beide die Arme aus, als wollten wir einan -
655 3226 2877 3395 der umarmen. Sie neigt das Haupt, nicht mir zu,
658 3357 2917 3535 ernst, wie beseligt und ich erwidre ihren Gruss
661 3516 2995 3763 Wir verstehn einander. Wir zerstehn ernander, wie
