3352 4088
1244 596 3051 798 Wir sassen zu Dritt im Rauchzimmer des
1047 755 3062 925 kleinen Hôtels am ditäar-See. (Die Stimmung
1014 941 3081 1074 war ein wenig schwer, denn morgen Früh soll-
1770 1041 2215 1128 son éman
453 990 771 1252 Seh 2
1017 1049 2859 1281 ten wir uns wieder trennen. Das Fenster
1020 1235 3126 1416 stand weit offen und eine heisse dunkle Nacht
558 1262 753 1532 6th
1003 1343 3089 1583 lag draussen über dem See. Der Eine von uns,
1012 1540 2994 1713 Friedrich, schrieb Notizen in sein kleines
1009 1670 3002 1853 Büchlein, wie es seine Gewohnheit war. Man
1012 1842 3048 2007 wusste eigentlich nie recht, was er hinein-
1570 1950 2358 2072 et sein Cersjahren,
275 1867 375 2126 bien
1025 1980 3097 2188 schriab, ob Ausgaben eder Novellenpläne oder
1025 2101 3194 2331 die Ankunft- und Abfahrtszeiten der Züge
1020 2274 3094 2514 Ich XX sass nah am Klavier,XX spielte aber
1017 2417 3064 2608 nichts, sondern pfiff ein ziemlich trauriges
1208 2565 2304 2668 dach der Malodi, die die
1012 2592 2959 2762 Lied, des die Zigeuner abends während der
1017 2795 2959 2929 table d'hôte viel besser gespielt hatten.
1014 2900 3113 3094 Albert sass im Schaukelstuhl in der Ecke und
1025 3067 2034 3242 blickte vor sich hin.
1241 3205 3005 3415 Friedrich steckte sein Notizbuch ein,
1017 3366 3021 3539 seufzte auf und sagte: "Ob es damals nicht
1020 3566 1721 3709 schöner war.
