3528 4232
1290 692 1494 817 turm
1313 769 1578 868 Grunth
1127 725 3161 980 Er: (Häst Du das kleine Kirchlein nicht ge-
1158 893 3051 1120 sehen? Wir fuhren in der Dämmerung daran
1318 1038 3069 1280 vorüber. Es liegt mit ein paar andern
1300 1199 3176 1405 Häusern fünfzig Schritte weit vom Hotel,
1313 1359 2927 1568 hinter hohen Bäumen wie versteckt,
1176 1468 3191 1751 Sie! Nun ist es ganz still, und wir schla-
1328 1682 2072 1891 fen doch nicht.
1199 1825 2362 2077 Er: Wir schlafen nicht.
1219 1985 2275 2189 Sie: Woran denkst Dut
1229 2112 2761 2364 Er: Seltsame Frage.... an Dick.
1245 2316 2260 2509 Sie: An mich allein?
1247 2413 3298 2688 Er: An Dich... Nein, nicht an Dich allein
1400 2570 3260 2815 Du hast Recht - so wenig wie Du an mich
1418 2718 3260 2917 allein jetzt denkst. Es kann auch nicht
1423 2861 3321 3082 anders sein. Denn das Glück für Menschen
1435 3029 3242 3242 unserer Art, die wir unserer selbst so
1448 3158 3247 3392 bewusst sind, ist stets die Empfindung
1461 3308 3217 3558 innerer Fülle, und die wird nicht von
1476 3489 3268 3716 einem Augenblick gegeben. Und was eine
1486 3667 3357 3873 Stunde wie diese so schwül und reich er-
