3496 4216
2914 346 3017 592 7
601 688 2946 950 fen Atemzug, dann wandte ich mich, um in mein Zim
598 856 2899 1071 mer zurückzukehren. Aber plötzlich, wie herbeige
607 1018 3086 1230 zaubert, auf dem Balkone links neben dem meinen, seh
610 1186 3064 1373 Ich eine schimmernde Gestalt. Es war die einer Frau,
613 1336 3079 1523 nakt wie ich, die Arme ausgebreitet xxx Ich, mir zu¬
620 1523 3058 1688 gewandt wie ich ihr. Es war of jenbar, dass wir sein
632 1650 2914 1837 ander im gleichen Augenblick bemerkt hatten. Ich
629 1794 2995 1999 xx sehe, dass ihr Letb ganz leise zittert und füh¬
623 1959 3061 2152 le, dass ich bebe wie sie. Ich weiss auch, das sie
651 2086 2971 2310 fliehn will wie ich. Aber wir fliehen nicht, son
648 2220 2983 2463 dern bleiben beide unbeweglich stehn. xxx ###n
648 2432 2999 2622 paar Sekunden schaun wir einander ins Aug; wir lä
663 2578 2952 2762 cheln nicht, wir sehn einander nur an. Plötzlich
666 2731 3170 2902 schüttelt sie leicht den Kopf, ihre Haare lösen sich.
679 2818 3167 3086 fallen auf ihre Schultern, rollen herab.Und nun brei
679 2977 3036 3226 ten wir beide die Arme aus, als wollen wir einan
682 3173 2918 3372 der umarmen. Sie neigt das Haupt, nicht mir zu,
691 3329 2949 3540 ernst, wie beseligt und ich erwidre ihren Gruss
685 3484 3020 3699 Wir verstehn einander. Wir verstehn einxnder, wie
