3384 4216
2833 488 2957 634 12
590 814 2945 982 ren Gemahl gestern nach Australten abgedampft war.
596 978 2926 1180 wohnte in einer kleinen Villa, die tiefer im Park
612 1137 913 1292 stand.
615 1302 2929 1416 "Begleiten Sie mich vor meine Türe," sagte sie zu
609 1438 3109 1584 dem Herrn mit den grauen Haaren. Dann wandte sie sich
606 1559 2951 1764 zu den andern: "gute Nacht," und verschwand mit ih
606 1721 2209 1907 rem Begletter im Dunkel der Bäume.
603 1879 3010 2022 Die drei andern setzten sich auf die Hotelterrasse.
621 2016 2979 2181 die adhon menschenleer war und schlürften kühlende
621 2215 2945 2358 Getränke. Man hätte ihn doch trgendwo am Ufer aus
621 2389 3035 2494 setzen sollen,” sagte der Herr, in dessen Armen ein
621 2501 2929 2653 sehr geliebtes Wesen die Seele ausgehaucht hatte.
637 2650 2976 2783 "Oder ins Wasser werfen,“ met te der, den eine An
631 2805 2035 2954 gebetete beinah erwürgt hätte.
618 2960 3032 3140 Plötzlich sagte der dritte, den eine Unbekannte mit
621 3116 2982 3296 rot gebändertem Strohhhut auf einer Sommerwiese vor
624 3293 2945 3467 langer Zeit einmal geküsst hatte: "Da kommt er ja
627 3467 1298 3597 schon wieder.“
606 3578 2939 3737 Eine Zigarette zwischen den Lippen, spazierte der
612 3737 3050 3936 Angehündigte die Terasse entlang und seine Schritte
