3432 4216
2851 475 2988 621 10
559 819 2994 920 ber die Wiese, die gar nicht mehr berichtet, tauchen
566 914 3176 1066 In den Park, und in der engen Allee schlagen wiederkütte
559 1092 2946 1242 Zweige an unsre feuchten Lenden und Arme. Hier ist
569 1281 2890 1447 die Türe, die offene, durch die wir uns vor einer
556 1414 2903 1603 Stunde herausgeträumt haben. Auf der ersten Stufe
569 1587 3059 1743 bleibt sie, die Geliebte, die Fremde plötzlich stehn.
566 1730 2907 1905 legt beide Hände auf meine Schultern, neigt
566 1889 2942 2022 ihre Lippen meinem Ohr zu und flüstert: "Du darfst
549 2029 2712 2191 nicht mehr hier sein, wenn die Sonne aufgeht.
566 2214 2946 2341 Ich niehe nur. Noch einmal drängt sie ihre feuchte
556 2321 3017 2484 Brust an die meine, Tropfen von ihren Haaren Flies-
569 2490 3040 2643 sen an meinen Lenden hinab bis zu den Knöcheln, noch
569 2627 2975 2803 einen Kuss trinken wir einander von den Lippen....
559 2780 2936 2968 dann eilt sie schwebt sie, fliegt sie die dunkle
566 2985 2884 3102 Treppe hinauf — hinaus — hin auf und ich ihr nach.
553 3147 2897 3307 Ich höre die Türe gehn; und wie ich an Anfang des
566 3274 2767 3446 Ganges steh, ist sie schon in Ihrem Zimmer ver
562 3417 3014 3599 schwunden. Ich trete in das meine, etle auf den Bal-
559 3567 2988 3771 kon, sehe eben wie drüben die Flügel der Balkontüre
