3464 4232
2767 441 2903 590 13
553 755 3049 978 hallten laut auf dem Kies, man rief ihn an. Er setzte
553 935 2826 1115 sich zu den andern und liess sich einen Mazagran
562 1056 2953 1267 bringen. Diese Gewohnheit war ihm von einem unver -
574 1245 2947 1428 gesslichen Jahr her geblieben, das er in Paris ver
565 1456 1099 1596 lebt hatte.
568 1490 3021 1742 Der Herr, der beinahe erwürzt worden wäre, bemerkte:
581 1680 2928 1885 "Finden Sie nicht Herr Neumann," so und nicht an -
587 1841 2990 2077 ders hiess der Herr mit den grauen Haaren, dass wir
599 2012 2580 2214 eigentlich alle ziemlich tndtskret waren?"
605 2121 2919 2335 "Freilich," meinte derjenige, in dessen Armen ein
612 2270 3043 2493 sehr geliebtes Wesen verschieden war, "wenn man amil¬
609 2434 2978 2658 sant sein will, hat man nur die Wohl indtskret zum
624 2661 1596 2835 sein, oder zu lügen.'
630 2729 2934 2928 "Lässt sich nicht beides verbinden?" bemerkte der
633 2909 2993 3105 dritte fein und er dachte daran, dass er den Namen
643 3089 2900 3245 des Mädchens mit dem rotgebänderten Strohhut ein
640 3217 3089 3453 paar Jahre später erfahren, dass das Band eigentlich
649 3391 3024 3558 gelb gewesen war und dass er bei jedesmaliger Wie -
652 3558 2971 3732 derholung der Geschichte zum Spass die Farbe ver
