3432 4200
2922 488 3024 601 I
1310 562 2374 738 Seltsamte Umarien
1981 632 2504 783 bouvernement
1071 587 1254 787 he
1503 713 1626 762 ,e ee mai
1373 755 2722 920 Aus affectuele Geschichte.
1690 1064 3126 1191 "Ich lag auf einem Rasenplatz",
674 1272 3070 1352 erzählte der eine, mitten im Walde, nicht fern von
1577 1349 1735 1433 die
674 1391 2926 1489 der kleinen Villa, wo ich damals mit Eltern und
674 1549 3059 1647 Geschwistern wohnte. Der Nachmittag war heiss, ich
653 1725 2922 1798 war eingeschlafen. Da erwach ich, wie von einem
657 1865 3147 1949 Windhauch, der mir übers Gesicht weht. Ich öffne die
650 2023 3000 2104 Augen und es flattert was über mir hin. Ein rotes
657 2160 3052 2262 Band. Ein rotes Band von einem Strohhof. Dann wird
660 2332 3052 2413 es dunkel vor meinen Augen und ich### fühle glühende
650 2476 3214 2575 Lippen auf den meinen. Es dauert nur einen Augenblick.
657 2634 3168 2708 Wieder streicht das rote Band über meine Wangen, ei¬
657 2789 2894 2887 ne weisse, leichte Gestalt schwebt auf, dunkle,
657 2958 2912 3038 süsse Augen, die ich niem vorher gesehn lächeln
657 3126 2972 3200 und grüssen; und eh ich zur Besannung komme, ver
225 3151 611 3277 mitvolle
2817 3158 3109 3274 Mabe
221 3193 3042 3365 bebäudnler schwindet ein schlankes Müdchen im Wald. Ich
731 3326 1472 3456 niemah afahien
664 3411 2989 3516 nicht vor sie war und habe sie nie wiedergesehn."
193 3383 601 3505 Strotheit
1612 3534 3267 3664 Die Junge Frau im grünen Kleid, die
