3528 4232
2657 436 2794 570 14
624 776 1021 918 änderte.
612 842 3027 1051 Der Herr mit den grauen Haaren an der Schläfe trank
630 1006 2412 1191 seinen Mazagran und schien zu lächeln.
627 1164 2936 1388 Sie waren die letzten Gäste auf der Terrasse. Die
630 1297 2994 1524 Lichter im Saale verlöschten, die Herren sassen im
630 1463 2948 1670 Dunkeln. Nur zwet kleine Punkte schimmerten noch
654 1666 2933 1824 durch die Nacht: Die neue Zigarette, die sich der
636 1751 2945 1951 Herr mit dem unvergesslichen Pariser Jahr angezün
654 1927 3039 2130 det hatte und von weitem aus einem offenen Villen —
661 2066 3100 2276 fenster das flackernde Licht einer Kerze. Auch diese
658 2239 3018 2448 beiden varen längst verlöscht, als der schwedische
645 2379 2576 2603 Kapitän aus Australten wieder heimkehrte.
1870 2924 2521 3097 * * * * • * *
1200 2888 1509 3060 * * * * 4:
