3384 4216
1591 1052 3020 1261 “Ich lag auf einem Rasenplatz“
608 1217 2972 1401 erzählte der eine, mitten im Walde, nicht fern von
602 1372 2833 1578 der kleinen Villa, wo ich damals mit Eltern und
608 1546 2988 1711 Geschwistern wohnte. Der Nachmittag war heiss, ich
602 1721 2839 1863 war eingeschlafen. Da erwach ich, wie von einem
605 1835 3077 2012 Windhauch, der mir übers Gesicht weht. Ich öffne die
599 2015 2941 2180 Augen und es flattert was über mir hin. Ein rotes
612 2180 2991 2332 Band. Ein rotes Band von einem Strohhut. Dann wird
627 2288 2998 2497 es dunkel vor meinen Augen und ichs fühle glühende
612 2424 3156 2636 Lippen auf den meinen. Es dauert nur einen Augenblick.
627 2602 3074 2801 Wieder streicht das rote Band über meine Wangen, ei-
621 2792 2836 2950 ne weisse, leichte Gestalt schwebt auf, dunkle,
624 2944 2868 3096 süsse Augen, die ich niem vorher gesehn lächeln
618 3099 2918 3245 und grüssen; und eh ich zur Besinnung komme, ver
637 3219 2998 3435 schwindet ein schlankes Mädchen im Wald. Ich weiss
637 3403 2953 3578 nicht wer sie war und habe sie nie wiedergesehn."
1600 3524 3134 3752 Die Junge Frau im grünen Kleid,
