3432 4184
2727 455 2822 599 2
584 762 2915 903 mit dem indischen Shawl um die Schustern, die auf
587 921 3041 1069 der Steuerbank sass, nichte leicht, was als ein Zet
584 1100 3004 1195 chen von Zufriedenheit gelten durfte, dann erteilte
587 1238 3056 1367 sie das Wort einem andern der jungen Leute, die sich
584 1391 2915 1520 mit ihr in der hellen Nacht am Meeresufer im Bote
1680 1471 1904 1588 auste
596 1523 2998 1668 tretben liessen. Dieser erzählte von einer Frau, die
580 1698 2945 1837 während einer seligen Umarmung in plötzlich ausbre
593 1824 3001 1975 chendem Wahnsinn die Finger um seinen Hals gekrailt
580 1978 2915 2138 hatte, um ihn zu erwürgen. Der nächste berichtete
587 2141 2979 2276 von einem jungen, sehr geliebten Wesen, dessen Lip-
584 2316 3037 2432 pan er an den seinen plötzlich erhalten gefühlt hat-
1265 2380 2859 2472 ein geschlafen und nie wieder eimand.
593 2463 3050 2586 te und das in seinen Armen gestorben war. Und so er-
584 2568 2905 2779 zählte x jeder, wie die junge Kapitänsfrau, deren
580 2746 3041 2887 Gatte gestern nach Australten abgedampft war, in ei-
577 2948 2998 3062 ner ihrer berühmten Launen verlangt hatte, die Ge -
577 3080 3001 3234 schichte der seltsamsten Umarmung, deren er sich
574 3222 2865 3369 aus seinem Leben erinnern konnte. Nur Einer, Mit
584 3388 2844 3520 jungem Antlitz, aber fast ergrauten Haaren hatte
571 3529 3028 3728 noch nicht gesprochen und rauchte nur immer eine Zi¬
