3432 4200
1069 652 2880 913 scheinen lässt, das ist gerade ihre ge-
1074 788 3000 1069 heimnisvolle Kraft, allerlei Erinnerungen
1094 976 2842 1229 in unserer Seele aufzutreiben,- nicht
1104 1114 2915 1362 nur glühende, sondern auch matte, viel-
1109 1352 2213 1538 leicht ganz vergessene.
988 1470 2735 1711 Sie! Was Du da sagst, ist sehr wahr.
1001 1601 3021 1859 Er: Die meisten Frauen würden sagen: Nein,
1169 1716 3051 1997 es ist nicht wahr. Denn sonderbarerweise
1177 1882 3021 2163 gehört es zu den überkommenen Lügen von
1192 2055 2933 2313 der glücklichen Liebe, dass sie jedes
1209 2185 3091 2461 Gedächtnis an eine vergangene auslöscht.
1222 2476 1673 2642 Wie dumm!
1104 2592 2290 2805 Sie: Irrsinnig geradezu.
1121 2607 3098 2923 Er: Und wenig raffiniert, muss man sagen.
1994 2810 2363 2913 Mdmin
2411 2817 2496 2888 w
1136 2800 3096 3073 Sie! Wahrhaftig! ich will Dich etwas fra-
1279 3083 1510 3249 gen.
1149 3194 1611 3417 Er: Nun?
1172 3271 2787 3510 Sie: Wirst Du mir auch antworten?
1177 3497 1924 3698 Er: Natürlich.
1197 3582 2388 3811 Sie: Die ganze Wahrheit?
