3480 4216
552 706 2871 925 regungslose, blaue Flut, schlingen die Arme eines
552 907 3007 1110 um des andern Schulter, neigen unsre feuchten Wangen
574 1042 3004 1224 einander zu, wortlos und schwimmen eine Weile in den
564 1200 2843 1363 lauen, weichen Wellen dahin. Dann lassen wir uns
558 1348 3016 1542 wieder zum Land hintretben, tauchen empor, sehen den
561 1517 2880 1674 Schimmer unserer Leiber durch die Nacht fliessen.
570 1650 3013 1856 gehen ein paar Schritte landeinwärts und atnken aufs
570 1813 2923 1971 Gras, das die Feuchtigkeit unserer Haut auftrinkt.
564 1977 2926 2119 Unsere kühlen Lippen xx schlürfen sich an einander
577 2137 2905 2282 warm, wir drängen uns nah, verlieren uns in einan
583 2297 2976 2430 der, vergehn, schlummern endlich ein. Wie wir er&a
589 2448 3025 2603 dhen ist über uns ein matt violettes Grau. Der Früh¬
574 2581 3053 2738 morgenhimmel senkt stok auf uns nieder. Verschwunden
583 2729 2951 2877 tat der Mond, die Luft tat kühl und regt stch let
586 2812 3031 3056 se, wir frösteln. Schwarz zu unsern Füssen ltegt der
583 3047 2988 3201 See; wir erheben uns langsam, gemächlich und stumm.
583 3189 3062 3404 Hand in Hand gefasst, tauchen wir wieder in die Flut
598 3346 2905 3528 schwimmen die kurze Strecke zurück, Hand in Hand,
595 3525 3013 3750 Wang an Wange. Wir steigen aus dem See, gleiten ü¬
