3480 4232
489 632 1615 843 garette nach der andern.
513 800 1588 989 "Nunt" fragte die Dame.
507 889 2919 1133 „O bitte," erwiderte der Herr etwas geziert, wie es
510 1047 2858 1273 seine Art war, und mit übertrieben weicher Stimme,
525 1222 2916 1417 "Ich bin gern bereit; doch meine Geschichte ist et
519 1365 2843 1628 was länger und es ist die Frage, ob die verehrten
513 1542 2944 1744 Anwesenden Geduld haben werden sie bis zu Ende anzu
528 1777 901 1906 hören. "
547 1860 2993 2058 „Wenn sie uns langweilig wird, so rudern wir Sie ans
553 1954 2886 2180 Ufer und setzen Sie aus,“ sagte der Herr, dem ein
559 2147 2806 2345 sehr geliebtes Wesen in den Armen gestorben war.
568 2269 3005 2504 "Oder wir werfen Sie ins Wasser,“ sagte jener ande
568 2416 2779 2635 re, den eine Wahnsinnige beinahe erwürgt hätte.
577 2580 3020 2803 "Wir werden uns nicht langweilen," sagte die Kapt x¬
589 2779 2083 2965 täntsfrau und blichte ins Wette.
574 2910 2984 3115 Der Herr mit dem jungen Antlitz strich sich in sei¬
592 3045 3045 3268 ner etwas affektierten Art über die grauen Schläfen-
602 3200 3017 3414 haare, blickte ins Wasser, tat als kümmerte er sich
599 3329 2925 3613 um niemanden im Boote, weder um die andern Herren
608 3527 2849 3735 noch um die schöne Frau im indischen Shawl; und
