3432 4184
499 799 2961 964 wahrscheinlich nur xxxet Menschen sich verstehen kön¬
493 1023 2870 1142 nen, die einander früher niemals gesehen haben und
505 1176 2902 1304 deren erste Begegnung der unsern gleicht. Im glei -
515 1301 3017 1435 ehen Augenblick verlassen sie und ich den Balkon. Ich
512 1448 3005 1660 öffne die Türe meines Zimmers, s###die ihre und bei -
505 1650 2955 1753 de stehen wir auf dem Teppich des dunkeln Korridors,
502 1794 2948 1891 auf den von einem fernen Fenster am Ende des Ganges,
493 1922 2986 2056 Mondglanz fällt. Wir ergreifen einander bei der Hand.
496 2069 2895 2178 Wir eilen den Gang, dann eine schmale Treppe hinab,
509 2221 2861 2371 in den Garten. Ohne ein Wort zu reden, gleiten wir
505 2377 2858 2496 dahin, unter dem Laub der Bäume, wo es dunkel ist,
502 2549 2908 2696 dass jedem die Gestalt des andern verschwindet. Wir
496 2708 2824 2811 schrieben durch schmale Alleen, die Büsche, an die
490 2839 2930 2986 wir rühren Iauschen letse. Wir treten ins Licht hin¬
493 2992 2911 3154 aus. Der bläuliche, sternenlose Himmel ist über uns
502 3148 2777 3320 und wir drängen unsre fröstelnden Letber in etne
493 3317 2777 3432 erste Umarmung. Dann eilen wir weiter, durch den
515 3463 2817 3657 freten Raum über die feuchten Ufer hin. Der Grund
484 3650 2824 3778 schwindet unter unsern Füssen. Wir tauchen in die
