3448 4232
2791 420 2889 641 1
1557 1033 3000 1250 "Ich lag auf einem Rasenplatz",
587 1231 2955 1386 erzählte der eine, mitten im Walde, nicht fern von
590 1380 2823 1547 der kleinen Villa, wo ich damals mit Eltern und
600 1512 2959 1711 Geschwistern wohnte. Der Nachmittag war heiss, ich
584 1686 2832 1847 war eingeschlafen. Da erw-ch ich, wie von einem
600 1816 3060 1986 Windhauch, der mir übers Gesicht weht. Ich öffne die
587 2011 2918 2188 Augen und es flattert was über mir hin. Ein rotes
600 2150 2965 2308 Band. Ein rotes Band von einem Strohhut. Dann wird
609 2318 2981 2469 es. dunkel vor meinen Augen und ich: fühle glühende
609 2415 3145 2643 Lippen auf den meinen. Es dauert nur einen Augenblick.
619 2630 3053 2772 Wieder streicht das rote Band über meine Wangen, et¬
619 2706 2826 2933 ne weisse, leichte Gestalt-schwebt auf, dunkle,
625 2933 2854 3104 süsse Augen, die ich niene vorher gesehn lächeln
625 3079 2905 3240 und grüssen; und eh tch zur Besinnung komme, ver
628 3236 2984 3407 schwindet ein schlankes Mädchen im Wald. Ich weiss
622 3388 2946 3571 nicht wer sie war und habe sie nie wiedergesehn."
1607 3527 3079 3738 Die junge Frau im grünen Kleid,
