3528 4232
533 618 1682 807 garette nach der andern.
554 792 1615 984 "Nun?" fragte die Dame.
548 911 2949 1094 "O bitte," erwiderte der Herr etwas geziert, wie es
548 1088 2900 1255 seine Art war, und mit übertrieben weicher Stimme,
561 1243 2946 1398 "Ich bin gern bereit; doch meine Geschichte ist et
557 1386 2870 1608 was länger und es ist die Frage, ob die verehrten
551 1557 2979 1785 Anwesenden Geduld haben werden sie bis- zu Ende anzu
567 1773 908 1873 hören."
591 1852 3031 1995 "Wenn sie uns langmeilig wird, so rudern wir Sie ans
582 1980 2906 2193 Ufer und setzen Sie aus," sagte den Herr, dem ein
579 2132 2827 2324 sehr geliebtes Wesen in den Armen gestorben war.
585 2321 3028 2489 "Oder wir werfen Sie ins Wasser,“ sagte jener ande
585 2455 2784 2665 re, den eine Wahnsinnige beinahe erwürgt hätte.
585 2617 3034 2784 „Wir werden uns nicht langwetlen,“ sagte die Kapt ü¬
600 2784 2090 2949 täntsfrau und blickte ins Weite.
585 2927 3007 3098 Der Herr mit dem jungen Antlitz strich sich in sei¬
597 3086 3040 3253 ner etwas affektierten Art über die grauen Schläfen¬
603 3214 3031 3406 haare, blickte ins Wasser, tat als kümmerte er sich
600 3378 2955 3546 um niemanden im Boote, weder um die andern Herren
606 3528 2845 3723 noch um die schöne Frau im Indtschen Shawl; und
