3400 4216
2651 472 2806 612 14
600 773 1284 959 änderte pfleg A
597 922 3022 1084 Der Herr mit den grauen Haaren an der Schläfe trank
612 1096 2408 1224 seinen Maxagran und schien zu lächeln.
603 1236 2931 1394 Sie waren die letzten Gäste auf der Terrasse. Die
603 1412 2986 1546 Lichter im Saale verlöschten, die Herren sassen im
590 1540 2937 1717 Dunkeln. Nur zwei kleine Punkte schimmerten noch
615 1711 2916 1835 durch die Nacht: Die neue Zigarette, die sich de
606 1872 2965 2000 Herr mit dem unvergesslichen Pariser Jahr angezün
621 2009 2949 2167 det hatte und von weitem aus einem offenen Villen
624 2185 3071 2310 fenster das flackernde Licht einer Kerze. Auch diese
621 2335 2998 2472 beiden waren lüngst verlöscht, als der schwedische
606 2472 2545 2688 Kapitän aus Australten wieder heimkehrte.
1221 2928 2511 3132 * * * *  =================*
