3496 4216
1058 634 1912 875 Er: Schläfst Du?
1079 838 1646 1025 Sie: Nein.
1084 895 3167 1164 Er: Ich habe es gefühlt, so ruhig auch Den
1283 1146 1793 1325 Atem geht.
1113 1229 2417 1506 Sie: Warum aber wachst Dut
1105 1410 3154 1620 Er: Ich weiss nicht. Vielleicht ist es der
1229 1519 3092 1814 starke Kastanienduft, der aus dem Walde
1281 1692 3105 1923 kommt,- vielleicht auch die ungewohnte
1296 1876 2168 2086 Wärme (in der Luft,
1159 1972 3087 2215 Sie: Es ist ein schöner Ort, den wir da
1307 2179 2047 2383 gefunden haben.
1175 2274 3227 2520 Er: Nicht wahr? Was für glückliche Zufälle
1330 2424 2960 2665 es giebt. Hier wollen wir bleiben.
1198 2657 1796 2862 Sie: Lange?
1433 2738 3252 2965 Ich habe an keinen bestimmten Zeitraum
1198 2882 1400 3064 Er:
1351 2890 3247 3118 gedacht. Aber da wir ja hier nur die er-
1353 3089 3263 3268 ste Nacht verweilen wollten, so bedeuten
1356 3188 3079 3431 auch zwei oder drei Tage schon einen
1371 3384 1920 3558 Aufenthalt.
1229 3483 3296 3718 Sie: Das Hotel macht einen so freundlichen
