3496 4232
2678 352 2785 602 2
556 786 2899 951 mit dem indischen Shawl um die Schudtern, die auf
575 926 3021 1073 der Steuerbank sass, nickte leicht, was als ein Zet
578 1055 2978 1229 chen von Zufriedenheit gelten durfte, dann erteilte
575 1226 3030 1388 ste das Wort einem andern der jungen Leute, die sich
572 1394 2899 1559 mit ihr in der hellen Nacht am Meeresufer im Bote
593 1532 2987 1727 treiben liessen. Dieser erzählte von einer Frau, die
587 1663 2944 1874 während einer seligen Umarmung in plötzlich ausbre
593 1850 2981 1987 ehendem Wahnsinn die Finger um seinen Hals gekrällt
584 2006 2911 2159 hatte, um ihn zu erwürgen. Der nächste berichtete
596 2137 2960 2318 von einem jungen, sehr geliebten Wesen, dessen Lip
596 2278 3021 2452 pen er an den seinen plötzlich erhalten gefühlt hat¬
599 2415 3048 2599 te und das in seinen Armen gestorben war. Und so er¬
599 2636 2911 2767 zählte k jeder, wie die junge Kapitänsfrau, deren
605 2758 3009 2975 Gatte gestern nach Australten abgedampft war, in ei
599 2923 2975 3088 ner ihrer berühmten Launen verlangt hatte, die Ge
608 3073 3012 3223 schichte der seltsamsten Umarmung, deren er sich
605 3241 2877 3406 aus seinem Leben erinnern konnte. Nur Einer, it
612 3351 2886 3574 Jungem Antlitz, aber fast ergrauten Haaren hatte
608 3538 3030 3703 noch nicht gesprochen und rauchte nur immer-eine Zi¬
