3432 4184
2762 470 2875 628 5
668 704 2988 945 an mein Ziel Anfangs war es ein wenig unheimlich,
671 927 2994 1079 denn der Weg führte durch dämmernden Wald, Später
671 1104 3088 1238 aber durchleuchtete der Mord die Zweige und endlich
668 1223 3101 1399 ham ich ins Freie und wanldelte zwischen Weinbergen
674 1378 3058 1576 und Wiesen weiter. Doch die Zeit verstrich und ich
680 1561 3125 1698 begann zu fürchten, dass ich einen falschen Weg ein¬
680 1659 3079 1857 geschlagen hätte. Da, mit einem Male, stand ich vor
683 1893 3137 2021 einem hoben Eisengitter, das im Mondschein aufstieg.
674 2009 3021 2155 Ich ging das Gitter entlang, kam zu einem offenen
680 2186 3043 2299 Tor, ein breiter, weiss glänzender Kiesweg lag vor
674 2296 3024 2460 mir und aus der Tiefe des Parkes winkte das präch
689 2473 2948 2637 tige, schimmernde Gebäude, das ich schon von der
677 2655 3046 2774 Höhe aus gesehen hatte. Bald drückte ich die Klin
689 2759 3104 2918 gel, der Portier öffnete mir, führte mich durch die
683 2951 3030 3088 Halle über eine brette Treppe zwet Stockwerke hin
692 3101 3104 3244 auf und schloss mir ein Zimmer auf. Es sah ungefähr
686 3250 2896 3415 so aus wie ich es mir erträumt hatte, war hoch
695 3399 3113 3561 und schmal, die Tapeten in zartem Lacherosa gehal -
695 3527 3134 3729 ten, Schrank, Tisch und Stühle aus glattem, gebetz
