3352 4072
907 478 2983 669 abenteuer erzählt, deren wir uns aus jüngern
917 666 2827 823 Jahren erinnerten. Die Wahrheit zu sagen,
914 797 2916 959 sie waren weder seltsam noch gefahrvoll ge-
927 940 2973 1121 wesen, und ihr Reiz hatte hauptsächlich dar-
922 1121 2926 1267 in bestanden, dass sie unerwartet gekommen,
933 1241 3002 1437 rasch durchlebt und schattenlos verschwunden
935 1476 1238 1588 waren.
1351 1473 1583 1633 also
1157 1554 2957 1714 Dies war der letzte Abend, den wir mit
954 1706 2960 1878 einander verbringen konnten. Friedrich muss
961 1857 2973 2040 to nach Wien zurück, denn er war, abgesehen
974 2019 2874 2223 von seinen schriftstellerischen Talenten,
964 2187 2986 2341 Sectionschef im Ministerium und sein Urlaub
974 2328 3004 2482 war abgelaufen; ich wurde in Paris zur Hoch-
967 2477 2944 2644 zeit meiner Schwester erwartet; nur Albert
977 2594 2916 2795 war ohne Zwang und hatte auch noch nichts
982 2764 2965 2936 über die nächsten Tage bestimmt. Wir waren
985 2908 2973 3117 Alle sehr schweigsam und niemand hatte auf
2853 2994 3114 3161 erhob bis
993 3088 2892 3263 Friedrichs Seufzer ein Wort erwidert. Da
998 3208 2876 3490 sagte Friedrich: „Kinder, es wird Ernst,
995 3336 3093 3579 Ich reise morgen um fünf Uhr Früh ab und seh
1011 3566 3046 3733 auch wol Beide nicht mehr. Grüss euch Gott.
