3416 4184
511 748 2836 893 regungslose, blaue Flut, schlingen die Arme eines
508 899 2977 1053 um des andern Schulter, neigen unsre feuchten Wangen
533 1047 2980 1213 einander zu, wortlos und schwimmen eine Weile in den
520 1204 2792 1361 lauen, weichen Wellen dahin. Dann lassen wir uns
514 1392 2977 1530 wieder zum Land hintretben, tauchen empor, sehen den
511 1515 2836 1656 Schimmer unserer Leiber durch die Nacht fliessen,
523 1653 2980 1810 gehen ein paar Schritte landeinwärts und sinken aufs
526 1838 2882 1961 Gras, das die Feuchtigkeit unserer Haut auftrinkt.
536 1970 2891 2115 Unsere kühlen Lippen xx schlürfen sich an einander
526 2158 2922 2266 warm, wir drängen uns nah, verlieren uns in einan-
536 2312 2906 2423 der, vergehn, schlummern endlich ein. Wie wir erwa
539 2469 2977 2577 dhen ist über uns ein matt violettes Grau. Der Früh¬
520 2608 2989 2731 morgenhimmel senkt sich auf uns nieder. Verschwunden
530 2731 2909 2903 ist der Mond, die Luft ist kühl und regt sich lei
530 2906 2993 3039 se, wir frösteln. Schwarz zu unsern Füssen ltegt der
530 3036 2931 3227 See; wir erheben uns langsam, gemächlich und stumm.
533 3190 3002 3380 Hand in Hand gefasst, tauchen wir wieder in die Flut
548 3377 2845 3537 schwimmen die kurze Strecke zurück, Hand in Hand,
542 3528 2891 3707 Wang an Wange. Wir steigen aus dem See, gleiten ü
