3928 5336
528 253 1684 490 l’un des premiers à...
586 429 1152 593 Albin
605 459 1845 746 Qu'est ce que cela encore?
2132 681 2350 827 en
597 681 2090 854 Propser (au duc)re est chez lu
586 792 3510 957 Tu me comprends bien!... Les plus chanceux y passent toujours
593 949 2660 1129 les premiers!... (il retourne vers le fond).
570 1060 1669 1229 Le duc (après reflexion)
582 1190 3334 1347 Si j'étais le Roi,j'en ferrais mon bouffon.c'est à dire
658 1255 838 1347 was
624 1320 3567 1466 j'aurais une bande de bouffons et il en ferait surement partie.
1585 1428 2561 1596 village sont arrivees
536 1451 1512 1608 Albin les femmes de
536 1546 3472 1742 Il vous traite de chanceux, qu'est ce qu'il entend
547 1692 968 1864 par là?
513 1791 693 1860 G.H.F.P.
2645 1730 2855 1937 pour
559 1841 911 1986 Le Duc
1045 1730 1983 1971 2. Elles portaient un
570 1933 2270 2113 Mon cher chevalier....
528 2078 1588 2247 Albin(l'interrompant)
563 2120 3487 2415 Je vous prie: ne m'appelez pas chevalier! Tout le monde me dit
547 2358 3116 2488 Albin ; simplement Albin, parceque j’ai l’air si jeune
536 2461 1355 2626 Le Duc (douriant)
2886 2557 3215 2702 das la
3253 2568 3464 2737 aison
563 2572 2832 2748 Fort bien... en revanche vous m'appelerez Emile
2982 2687 3345 2890 u'elles
563 2718 2725 2886 Alpin signifie au maire qu'il avait à mourir.
559 2851 2763 3035 Emile, volontiers, si vous le permettez terrer
563 2966 888 3142 le Duc
563 3104 2848 3318 Tout ce monde-là devient étrangement spirituel!
559 3204 949 3384 François
544 3284 3617 3540 Est ce que cela veux inquiete? Cala me rassure au contraire ;tant
547 3479 3590 3617 que la populace se divertira,elle n'aura pas le loisir de songer
547 3594 3326 3724 à autre chose. et turlipinades.Aujourd'hui pour changer
536 3720 888 3873 Le Duc
919 3732 3380 3912 A Bastille qu'il leur faut!... Ils l'ont dejà reclamee
540 3866 3429 4011 Ils ont pargois des saillies vraiment trop singulières! J'ai
536 3981 3590 4149 encore appris aujourd'hui même une histoire qui donne à reflechir
536 4099 3100 4249 Françoise, si j'étais le Roi, il y a longtemps que j'au
532 4218 1493 4371 Raconte-nous là.
521 4340 1477 4505 Flipotte er Michelte
528 4471 2186 4650 Oui, conte noua qa,duc adoré! bon?
505 4578 846 4727 Le Duc
505 4616 2874 4892 Connaisses, vous Nangia été présenté à Sa Majesté?
494 4823 938 4980 Francois
498 4807 3422 5098 Le village ou se trouve une des plus belles chasses du Marquis
107 4968 291 5194 fige
