3976 5336
622 344 817 512 35
630 485 1236 653 La Marguise
684 598 3223 763 On m'en a tant parlé tôt puis.... nous ne faisons qu'
681 724 2949 919 la série des avantures... n'est ce pas.Collin?
696 864 1189 1017 Le Marquis
712 962 3332 1173 Mon cher Vicorte, devenez d'eu nous venons?-De la Bastil
712 1095 1123 1267 François
720 1228 2797 1396 est ce que la farce continue la-bas.
708 1361 2585 1510 La Marquise est aussi sa premiere visit
2621 1345 2793 1525 100
3188 1345 3669 1631 l’ébran¬
716 1400 3203 1694 An! De plus fort en plus fort! On jurerait qu'ils ven
3180 1514 3340 1674 1r.
720 1623 1107 1768 ler!...
731 1658 2722 1901 Collin (déclamant)
610 1885 2996 2003 Semblable à L'Ocean qui lutte avec la terre
962 1971 3246 2139 Et dont l'effort se orise,au rocher refractaire;
606 2057 2081 2288 du tout Semblable à la tempête-
622 2222 2069 2398 La Marquise (l'interrompant)
731 2335 3688 2511 Pas ici, Collin! - Nous y sommes allés en voiture et nous sommess
735 2460 3778 2648 arrêtes dans le voisinage!C'est un spectacle vraiment admirable
598 2566 2976 2765 Cela foule a toujours quelque enche de grandiose!
755 2757 1169 2906 François
1361 2769 1654 2898 que tu
743 2797 2667 3019 Oui, quand elle ne sent pas trop mauvais!
731 2976 1435 3160 Le Marquis n'en
731 2984 3833 3239 Ensuite la Marquise a tant et si bien insisté pour que nous
755 3199 3285 3426 visitassions le "Perroquet Vert”, que nous voici.!...
575 3360 1302 3532 Fran La Marquise
716 3371 3211 3669 Hé bien Ique se passe—il ici de si extraordinaire?
731 3606 1690 3778 Prosper (au Marquis)
575 3688 3724 3876 Chevan te voilà donc enfin, sinistre oocu! Tu as eu la bonne pré¬
755 3790 3802 4025 caution d'amener ta femelle avec toi! Ce n'est pas très sur de la
759 3986 1995 4130 laisser seule à la maison.
735 4013 2284 4291 Le Marquis (s'efforçant de rire)
751 4224 1537 4408 Il est original
743 4365 1408 4521 Prosper vous
743 4388 3622 4619 Surtout, prends garde,qu'on ne te la chipe ici! Les grandes
767 4564 3665 4776 dames ont parfois de petites démangaisons, qui les poussent à
1564 4654 1787 4744 davon für
755 4670 2339 4885 se frotter de la vraie crapule.!
1189 4780 2280 4995 -mi-voix à la Marquise)
747 4823 1123 4987 Collin(
153 4881 348 5026 Demie
755 4928 2233 5139 Je souffre strocement,Sévérine.
86 4999 336 5139 Ventlich
