3960 5352
483 313 1500 519 il veut l'embrasser)
139 348 416 633 väoe
503 487 3531 649 Mier Monsieur joui l'accom... (il continue à parler avec Presper)
131 610 408 764 od n¬
475 602 3662 772 h nen! pas de ça! (il regarde Léocadie avec fierté et passion.
166 740 384 887 am 3b
487 764 3634 903 antot aussi avec une certaine inquiétude) de ce qui fut ne subsiste
206 871 412 1006 par des
487 847 3456 1033 fo sper face dans une minute pareille! (Soévola et Jules se sont
182 990 384 1128 G.H.F.P.
487 1009 3634 1152 Toyons,Didier!... entre vieux camarades 172... ton ancien directeur,
475 1140 1033 1279 8 Léocadie!
467 1247 891 1409 Séocadie
455 1326 2827 1512 Mais, ou two sont les neiges d'antan,8 prosper?!
1591 1425 3460 1639 a par le saint screment. Cela vaut mieux
455 1504 851 1667 &c sper
467 1607 3634 1766 lu soupires! S'il y en a une qui a fait son chemin,c'est bien toi!
463 1734 3555 1900 Il n'y a pas à dire,une belle fille a des moyens que nous n'avons
1619 1872 2078 2031 Leoca is
467 1876 1275 2039 pas,nous autres!
455 2011 1184 2217 Didier(furieux)
1267 2110 2296 2296 l tu la connua? Son f:
463 2158 1073 2304 Tais toisse!
1215 2237 2415 2395 facé.S'est ce pas Léocad
491 2264 883 2450 prosper
463 2391 3519 2553 Mais... quel serpent t’a piqué? Pour une fois qu’on te retrouve
443 2522 1180 2688 avec elle?...
439 2644 776 2854 Didier
2929 2724 3393 2906 ; Léocadie
463 2747 2854 2993 Tais toi! Dépuis hier... Léocadie... est ma femme!
2284 2894 2763 3032 l’Opéra de
2898 2866 3579 3040 Porte St. Martin
463 2902 839 3112 Prosper
463 2977 3567 3179 Ta...! (à Léocadie) qu'est ce que c'est que cette plaisanterie?
459 3151 883 3349 Léocadie
2783 3250 3436 3428 Et t'imagines
467 3254 2664 3428 En effet, il m'a épousée.Rien de plus vrai.
1734 3397 1991 3559 na va
2146 3381 3571 3563 üsser s'envoler ldocadie 7C'est
459 3401 859 3606 Prosper
455 3511 3531 3690 Toutes mes omgratulations!Dites donc... Scévola, Jules... Didia
475 3662 1429 3832 qui s’est marié!...
463 3789 1382 3990 Scévola(s'avançant)
455 3903 3579 4101 Je vous félicite aussi! (il échange un regard avec leocadie)
1975 4038 3543 4228 mmais (berutalement) Juro-le moi!
463 4050 1991 4248 Jules erre la main à tous deux
455 4196 1627 4398 Legrain(à prosper) anais.
463 4335 3579 4469 C'est étrange!.. J'ai vu cette femme-là quelques minutes à peine
443 4426 1714 4663 après ma sortie de prison
1568 4521 3333 4691 te... (un silence) J'een ai assez de
443 4616 3381 4818 Frosner d'enfer. J'ai besoin de repos i Je ne veux plus que du
467 4719 1081 4853 Comment cela?
447 4822 843 4992 Legrain
2692 4877 3646 5083 »après deux ans de.
447 4885 2700 5115 C'était la première belle femme que je revoyais
2684 5043 2898 5119 durch allerhaltenden Todesstraße
2542 5039 3436 5166 seulement, c'était un
420 5063 1793 5226 cellule. Ah! L'éffet que ca
1888 5099 2047 5214 a I
