3880 5384
2408 220 2726 379 " " "
412 240 1862 444 nfant quand j'ai tué ma tante!
420 412 742 603 osper
408 538 3264 766 Woyons,mon bon gaillard, comment peut-on assassiner sa tante?
2058 619 2437 729 Suffi;je
412 705 770 860 Degrain
383 709 3284 929 Citoyen prosper, j’aurais jamais eu l’idée de faire le coup,à
383 917 3309 1076 ma tante, si elle ne m'avait pas trompé avec mon meilleur ami.
399 1064 750 1214 Prosper
383 1141 949 1381 Votre tante?
2771 1206 2979 1390 8033
2217 1300 2645 1467 le 4.
387 1275 770 1483 Legrain
2771 1312 3183 1475 connaissez
383 1373 3423 1622 Mais oui,... faut vous dire qu'elle m'était plus proche que ne le
383 1532 3252 1724 sont ordinairement les tantes à leurs néveux! Quelle drôle de
383 1699 3427 1899 famille....! J’étais furieux tout de même,rudement furieum...
383 1801 1569 2009 faut-il vous raconter ça?
379 1972 778 2107 Prosper
395 2090 3297 2270 Allez y,nous aurons toujours le temps de parler d’engagement
383 2241 668 2359 après.
399 2274 791 2518 Legrain
2718 2294 3578 2522 presque en enfant
387 2478 3521 2608 Faut vous dire aussi que ma sœur était de même à moitié une enfant
660 2567 823 2653 ell
408 2600 3325 2775 quand ou s'est sauvée de la maison... et savez-vous avec qui?
399 2730 762 2889 Prosper
2816 2763 3223 2914 gelement)
420 2771 2082 3036 Comment voulez vous que je le sache?
2311 2861 3313 3040 Gevard de la Madeleine.
432 2987 758 3150 regrain
2897 2991 3488 3178 1 Coup d’ama-
399 3117 3166 3301 Avec son oncle! Lui alors l'a lâchée avec un enfant......
3166 3142 3509 3280 ux vous
391 3248 729 3399 Prosper
391 3276 3672 3574 Jn enfant tout entier? celui-là?
1459 3301 1642 3399 a de
2152 3390 3541 3582 partie pour refiler le morceau!
383 3492 750 3655 Legrain
2221 3521 3643 3720 ons tous ensemble ; et majant
1292 3562 1561 3663 enfan
375 3557 3333 3794 Ce n’est pas bien de votre part,citoyen prosper, de plaisanter
371 3745 1170 3932 avec ma famille!
379 3839 762 4038 Prosper
1451 3892 1720 4046 as com
2543 3932 2836 4055 mauvais
375 3904 3366 4144 Hé bien monsieur Pierre -Ponce, elles m’enbêtent,vos affaires de
2641 4108 2808 4177 fait
371 4104 3350 4250 famille! Croyez vous que je suis ici pour me laisser raconter,
359 4230 3464 4417 par le premier vagabond venu, comment il s'y est pris pour assasi-
3154 4356 3350 4446 dagez
1956 4348 2164 4430 veni
359 4401 3362 4580 ner celui-ci ou celle -là.Est ce que cà m'interesse? Vous avez
3134 4482 3305 4576 ten
363 4544 2579 4760 quelque chose à me demander.... que moi...
355 4621 750 4776 Legrain
346 4719 3121 4972 Mais oui citoyen prosper,je viens vous demander du travail
342 4882 734 5041 Prosper.
1691 4837 3325 5061 sus raconter votre histoire de tante
795 4927 1614 5073 voulu vous n'aurez
342 4984 3435 5122 Je me permetterai de vous faire remarquer qu'il n'y a pas chez moi
334 5110 2795 5245 des tantes à assassiner! O'est un lieu de paisir ici
