3448 5336
94 227 680 499 François
87 416 1409 631 autons le cabaretiertIilence!
268 552 1496 748 (après reflexion) peuplet
87 658 2944 896 lui dis de se sauver,avant que Monsieur le Lieutenant de Po-
79 805 2879 1001 e ne soit mis au courant.Le charmant Duc de Cadignan était
83 937 3053 1156 des favoris de Sa Majesté! Didier,gare à la roue!... Tu aurais
83 1073 1787 1304 ux fait d'égorger ta garce de femme.
87 1251 397 1413 ançois
83 1289 1848 1549 l ensemble!... C'est extraordinaire.
68 1508 280 1666 dier,
98 1534 2872 1765 sper, lequel est le plus fou, de toi ou de moi (il se campe
79 1708 2694 1908 vant prosper et essaie de lire sa pensée dans ses yeux)
83 1904 291 2041 llin
446 1863 1776 2022 la! Sinon nous sommes tous p¬
72 1878 3065 2180 i,c'est extraordinaire! Nous savons tous qu'il joue ;et cependant
72 2124 2966 2347 il arrivait en ce moment, le duc de Cadignan nous apparaîtrait
1935 2267 2879 2449 bout d'une pique...
83 2267 1878 2471 mme un spectre.
673 2403 1750 2543 Scène XVII (Les mêmes)
83 2456 3015 2672 es gens pénétrent dans le cabaret; à la tête des nouvaux venus
79 2604 3057 2849 asset et quelques autres,dont Lebret apparraissent) (On entend
87 2781 2619 2978 rier : vive la libentelle douzaine de tôtes.... la Basti
2252 2864 2883 3080 pris est au peu
582 2898 1685 3095 Les prisonniers sont li¬
83 2925 416 3099 asset
76 3027 1334 3242 sous y sommes, les enfants!
1326 3072 2207 3322 Paris est à nous
87 3219 1292 3325 bin mander? Vous entends
94 3216 2781 3492 J'est ce encore? Est ce que cela fait partie du spectacle?
2513 3393 3102 3590 per; désormais
1546 3405 2135 3620 t! Crie touje
94 3427 1470 3650 mançoisreve de courage maintenu
593 3560 1561 3749 plus rien t'arrivert.
91 3609 257 3741 an.
582 3722 948 3877 geleisten
110 3722 548 3881 Marguls
2656 3711 2902 3911 gille et
2018 3715 2622 3998 canaille?
1375 3722 1610 4002 en di
94 3854 1289 4013 le signifie?.....que vou
87 3975 1194 4134 à Marquises la comédie!
83 4066 1039 4278 veulent ces gens?
87 4221 1239 4376 asset ce que je disais?
64 4210 3042 4497 si, vous dis-je Mon ami prosper a toujours un tonneau de vin en
60 4444 3099 4640 (réserve pnous ne l'avos pas volé i (tumulte en dehors ) mes amis
64 4527 2997 4746 es frères inous la tenons ielle est à nous! (cris éxterieurs :
2041 4708 2320 4867 loi,
1262 4727 1836 4886 ... Au nom d
975 4712 1202 4863 dleno
60 4742 892 4901 vive la liberté)t
1130 4833 1421 4977 tion.
72 4856 937 5011 a Marquise repre
87 4875 1716 5132 d'astace que c'est que tout cela?
