<?xml version="1.0" encoding="UTF-8" standalone="yes"?>
<PcGts xmlns="http://schema.primaresearch.org/PAGE/gts/pagecontent/2013-07-15" xmlns:xsi="http://www.w3.org/2001/XMLSchema-instance" xsi:schemaLocation="http://schema.primaresearch.org/PAGE/gts/pagecontent/2013-07-15 http://schema.primaresearch.org/PAGE/gts/pagecontent/2013-07-15/pagecontent.xsd">
    <Metadata>
        <Creator>prov=READ-COOP:name=TrHtr:version=2.1.0:model_id=51170:date=14_08_2023_15:46</Creator>
        <Created>2023-05-10T15:30:00.210+02:00</Created>
        <LastChange>2023-08-14T15:46:11.830+02:00</LastChange>
        <TranskribusMetadata docId="1429073" pageId="55436618" pageNr="30" tsid="132812428" status="IN_PROGRESS" userId="64420" imgUrl="https://files.transkribus.eu/Get?id=PKSNXUKICDDSBDGBPVTZQKNF&amp;fileType=view" xmlUrl="https://files.transkribus.eu/Get?id=CZMEJHZAVEXAPFSEHMQXCHUY" imageId="44710607"/>
    </Metadata>
    <Page imageFilename="1429073_0030.jpg" imageWidth="3928" imageHeight="5336">
        <ReadingOrder>
            <OrderedGroup id="ro_1711797364170" caption="Regions reading order">
                <RegionRefIndexed index="0" regionRef="tr_2"/>
                <RegionRefIndexed index="1" regionRef="tr_1"/>
            </OrderedGroup>
        </ReadingOrder>
        <TextRegion id="tr_2" custom="readingOrder {index:0;}">
            <Coords points="537,218 3587,218 3587,2469 537,2469"/>
            <TextLine id="tr_2_tl_1" custom="readingOrder {index:0;}">
                <Coords points="546,289 585,289 593,281 625,305 641,297 664,305 676,293 692,293 704,305 724,301 724,194 700,198 660,174 653,186 621,178 601,194 573,202 566,194 546,194"/>
                <Baseline points="567,268 656,268 734,274"/>
                <TextEquiv>
                    <Unicode>26 7</Unicode>
                </TextEquiv>
            </TextLine>
            <TextLine id="tr_2_tl_2" custom="readingOrder {index:1;}">
                <Coords points="2341,427 2365,427 2389,403 2397,407 2420,392 2444,403 2456,399 2480,419 2507,415 2507,293 2468,297 2432,269 2405,277 2369,257 2341,261"/>
                <Baseline points="2363,370 2453,370 2518,370"/>
                <TextEquiv>
                    <Unicode>1</Unicode>
                </TextEquiv>
            </TextLine>
            <TextLine id="tr_2_tl_3" custom="readingOrder {index:2;}">
                <Coords points="546,435 846,415 1001,475 1301,467 1364,502 1535,423 1693,455 1689,265 1610,245 1511,277 1293,221 1131,273 1005,218 732,344 542,285"/>
                <Baseline points="567,381 656,387 746,387 835,387 925,393 1014,393 1104,393 1193,387 1283,387 1372,393 1462,405 1551,411 1641,417 1701,423"/>
                <TextEquiv>
                    <Unicode>Mon cher petit due</Unicode>
                </TextEquiv>
            </TextLine>
            <TextLine id="tr_2_tl_4" custom="readingOrder {index:3;}">
                <Coords points="550,542 601,542 660,585 696,589 795,593 819,573 918,593 953,577 945,427 910,439 842,415 807,443 775,443 680,415 649,435 546,435"/>
                <Baseline points="572,501 662,507 752,507 841,513 931,519 960,519"/>
                <TextEquiv>
                    <Unicode>Francois</Unicode>
                </TextEquiv>
            </TextLine>
            <TextLine id="tr_2_tl_5" custom="readingOrder {index:4;}">
                <Coords points="546,657 3575,708 3575,459 2788,585 2057,439 1602,550 1309,471 1048,475 922,593 546,546"/>
                <Baseline points="567,638 632,638 722,638 811,644 901,644 990,644 1080,644 1169,644 1259,644 1348,638 1438,644 1527,650 1617,644 1707,644 1796,650 1886,644 1975,638 2065,644 2154,644 2244,644 2333,644 2423,638 2512,638 2602,638 2691,638 2781,638 2870,638 2960,632 3049,638 3139,638 3229,638 3318,638 3408,638 3497,632 3587,632"/>
                <TextEquiv>
                    <Unicode>Bonsoir, Emile!.... (présantant Albin) mon jeune ami Albin, cheva-</Unicode>
                </TextEquiv>
            </TextLine>
            <TextLine id="tr_2_tl_6" custom="readingOrder {index:5;}">
                <Coords points="538,815 2496,835 2496,704 2428,688 787,704 538,641"/>
                <Baseline points="561,758 650,758 740,758 829,763 919,769 1008,769 1098,769 1187,763 1277,763 1366,769 1456,769 1545,769 1635,769 1724,769 1814,763 1904,763 1993,763 2083,758 2172,763 2262,763 2351,763 2441,758 2506,758"/>
                <TextEquiv>
                    <Unicode>lier de la Trémouille; le duc de Cadignan.</Unicode>
                </TextEquiv>
            </TextLine>
            <TextLine id="tr_2_tl_7" custom="readingOrder {index:6;}">
                <Coords points="538,953 3504,957 3500,815 3350,775 534,815"/>
                <Baseline points="555,895 644,883 734,895 823,895 913,901 1002,901 1092,907 1181,901 1271,907 1360,907 1450,907 1539,913 1629,913 1718,913 1808,907 1898,913 1987,913 2077,913 2166,907 2256,913 2345,913 2435,913 2524,913 2614,913 2703,913 2793,913 2882,907 2972,907 3061,913 3151,913 3240,913 3330,913 3420,913 3509,919"/>
                <TextEquiv>
                    <Unicode>Le Duc comprenda bien!.. Les plus chanceux y passent toujours</Unicode>
                </TextEquiv>
            </TextLine>
            <TextLine id="tr_2_tl_8" custom="readingOrder {index:7;}">
                <Coords points="534,1012 3575,1111 3575,941 534,953"/>
                <Baseline points="555,1008 644,1008 734,1014 823,1014 913,1014 1002,1014 1092,1020 1181,1014 1271,1014 1360,1014 1450,1014 1539,1014 1629,1014 1718,1014 1808,1014 1898,1014 1987,1020 2077,1020 2166,1020 2256,1014 2345,1014 2435,1014 2524,1014 2614,1014 2703,1014 2793,1014 2882,1014 2972,1014 3061,1014 3151,1014 3240,1008 3330,1014 3420,1014 3509,1020 3587,1020"/>
                <TextEquiv>
                    <Unicode>Je uis très heureux de faire votre connaissance. (aux deux filles</Unicode>
                </TextEquiv>
            </TextLine>
            <TextLine id="tr_2_tl_9" custom="readingOrder {index:8;}">
                <Coords points="534,1179 3465,1210 3465,1052 3326,1040 957,1096 534,1012"/>
                <Baseline points="555,1151 644,1140 734,1140 823,1145 913,1140 1002,1140 1092,1140 1181,1140 1271,1140 1360,1145 1450,1145 1539,1145 1629,1145 1718,1145 1808,1145 1898,1140 1987,1145 2077,1145 2166,1140 2256,1140 2345,1145 2435,1145 2524,1140 2614,1140 2703,1140 2793,1140 2882,1140 2972,1140 3061,1145 3151,1145 3240,1151 3330,1151 3420,1151 3473,1157"/>
                <TextEquiv>
                    <Unicode>pendus à ses côtés) A bas les pattes, les enfants.! (à Albin)</Unicode>
                </TextEquiv>
            </TextLine>
            <TextLine id="tr_2_tl_10" custom="readingOrder {index:9;}">
                <Coords points="546,1313 3318,1341 3318,1234 3128,1206 546,1202"/>
                <Baseline points="567,1271 656,1271 746,1265 835,1265 925,1271 1014,1271 1104,1277 1193,1277 1283,1277 1372,1277 1462,1277 1551,1277 1641,1277 1730,1277 1820,1277 1909,1277 1999,1283 2089,1277 2178,1283 2268,1283 2357,1277 2447,1277 2536,1277 2626,1277 2715,1277 2805,1271 2894,1277 2984,1283 3073,1289 3163,1295 3252,1295 3330,1295"/>
                <TextEquiv>
                    <Unicode>Vous aussi.. vous avez voulu voir l'étrange cabaret.</Unicode>
                </TextEquiv>
            </TextLine>
            <TextLine id="tr_2_tl_11" custom="readingOrder {index:10;}">
                <Coords points="538,1487 3552,1440 3480,1321 538,1313"/>
                <Baseline points="561,1402 650,1402 740,1402 829,1402 919,1408 1008,1414 1098,1414 1187,1414 1277,1414 1366,1414 1456,1414 1545,1414 1635,1420 1724,1420 1814,1420 1904,1426 1993,1432 2083,1432 2172,1432 2262,1426 2351,1426 2441,1426 2530,1426 2620,1426 2709,1426 2799,1426 2888,1426 2978,1426 3067,1426 3157,1432 3246,1432 3336,1438 3426,1438 3515,1438 3563,1438"/>
                <TextEquiv>
                    <Unicode>Alpinmais una bande de bouffons et il en ferait surement partie</Unicode>
                </TextEquiv>
            </TextLine>
            <TextLine id="tr_2_tl_12" custom="readingOrder {index:11;}">
                <Coords points="534,1626 637,1570 957,1618 1143,1574 2112,1582 2112,1491 1736,1448 1562,1507 1388,1459 929,1515 645,1448 534,1483"/>
                <Baseline points="555,1557 644,1557 734,1557 823,1557 913,1557 1002,1557 1092,1563 1181,1563 1271,1563 1360,1557 1450,1557 1539,1557 1629,1563 1718,1563 1808,1563 1898,1563 1987,1563 2077,1563 2118,1557"/>
                <TextEquiv>
                    <Unicode>J'en demeure absolument stupefait</Unicode>
                </TextEquiv>
            </TextLine>
            <TextLine id="tr_2_tl_13" custom="readingOrder {index:12;}">
                <Coords points="514,1744 2575,1776 2685,1736 2689,1574 514,1618"/>
                <Baseline points="537,1701 549,1701 638,1695 728,1695 817,1695 907,1689 996,1683 1086,1671 1175,1671 1265,1671 1354,1665 1444,1671 1533,1671 1623,1671 1713,1671 1802,1671 1892,1671 1981,1671 2071,1677 2160,1677 2250,1677 2339,1677 2429,1677 2518,1671 2608,1671 2697,1671"/>
                <TextEquiv>
                    <Unicode>François</Unicode>
                </TextEquiv>
            </TextLine>
            <TextLine id="tr_2_tl_14" custom="readingOrder {index:13;}">
                <Coords points="3200,1724 3255,1724 3263,1713 3306,1736 3338,1732 3358,1748 3405,1720 3461,1720 3453,1570 3378,1550 3334,1578 3283,1542 3219,1562 3188,1558"/>
                <Baseline points="3217,1671 3306,1683 3396,1683 3467,1689"/>
                <TextEquiv>
                    <Unicode>Dt: F:</Unicode>
                </TextEquiv>
            </TextLine>
            <TextLine id="tr_2_tl_15" custom="readingOrder {index:14;}">
                <Coords points="538,1871 2741,1827 2654,1732 2306,1792 1902,1716 538,1748"/>
                <Baseline points="561,1820 650,1820 740,1814 829,1814 919,1814 1008,1814 1098,1820 1187,1814 1277,1820 1366,1820 1456,1820 1545,1820 1635,1826 1724,1826 1814,1826 1904,1826 1993,1826 2083,1826 2172,1826 2262,1826 2351,1832 2441,1826 2530,1826 2620,1826 2709,1826 2751,1826"/>
                <TextEquiv>
                    <Unicode>Le chevalier n'est à Paris que dépuis quelques</Unicode>
                </TextEquiv>
            </TextLine>
            <TextLine id="tr_2_tl_16" custom="readingOrder {index:15;}">
                <Coords points="2788,1839 2816,1835 2994,1930 3057,1930 3077,1914 3188,1930 3188,1724 3093,1728 3073,1713 3037,1744 2998,1736 2919,1760 2899,1744 2863,1760 2788,1736"/>
                <Baseline points="2811,1838 2841,1832 2930,1826 3020,1826 3109,1832 3199,1826"/>
                <TextEquiv>
                    <Unicode>jours.</Unicode>
                </TextEquiv>
            </TextLine>
            <TextLine id="tr_2_tl_17" custom="readingOrder {index:16;}">
                <Coords points="518,2013 605,1978 767,2001 819,1978 1155,1993 1183,1978 1183,1867 1005,1902 969,1871 953,1887 874,1855 668,1875 617,1851 514,1898"/>
                <Baseline points="537,1957 626,1945 716,1951 805,1957 895,1957 984,1957 1074,1957 1163,1963 1193,1957"/>
                <TextEquiv>
                    <Unicode>Le Duc (riant)</Unicode>
                </TextEquiv>
            </TextLine>
            <TextLine id="tr_2_tl_18" custom="readingOrder {index:17;}">
                <Coords points="526,2092 1535,2096 1752,2167 2187,2104 2187,1942 1978,2009 1768,1954 1519,2013 1333,1950 526,2005"/>
                <Baseline points="549,2071 638,2077 728,2077 817,2077 907,2077 996,2077 1086,2077 1175,2077 1265,2077 1354,2077 1444,2077 1533,2077 1623,2077 1713,2083 1802,2083 1892,2083 1981,2083 2071,2083 2160,2083 2196,2083"/>
                <TextEquiv>
                    <Unicode>Vous avez enoisi un drôle de moment</Unicode>
                </TextEquiv>
            </TextLine>
            <TextLine id="tr_2_tl_19" custom="readingOrder {index:18;}">
                <Coords points="2765,2369 3069,2409 3101,2393 3124,2417 3176,2389 3251,2417 3326,2369 3421,2381 3417,2171 3235,2175 3176,2140 3010,2242 2907,2215 2856,2239 2812,2199 2761,2207"/>
                <Baseline points="2781,2315 2870,2321 2960,2321 3049,2327 3139,2333 3229,2327 3318,2327 3408,2327 3426,2327"/>
                <TextEquiv>
                    <Unicode>le monde me dit</Unicode>
                </TextEquiv>
            </TextLine>
            <TextLine id="tr_2_tl_20" custom="readingOrder {index:19;}">
                <Coords points="1954,2468 2033,2492 2065,2464 2132,2472 2167,2452 2270,2496 2306,2476 2365,2507 2428,2507 2424,2381 2223,2373 2183,2389 2163,2373 2120,2389 2065,2361 1954,2377"/>
                <Baseline points="1975,2447 2065,2447 2154,2447 2244,2453 2333,2447 2423,2447 2429,2447"/>
                <TextEquiv>
                    <Unicode>sque j’ai</Unicode>
                </TextEquiv>
            </TextLine>
            <TextLine id="tr_2_tl_21" custom="readingOrder {index:20;}">
                <Coords points="2448,2452 2468,2452 2507,2480 2555,2460 2579,2468 2587,2456 2678,2515 2721,2496 2757,2496 2753,2389 2721,2393 2701,2381 2693,2393 2666,2393 2646,2377 2622,2393 2575,2377 2535,2393 2488,2377 2448,2385"/>
                <Baseline points="2471,2447 2560,2453 2650,2453 2739,2453 2763,2459"/>
                <TextEquiv>
                    <Unicode>'air si</Unicode>
                </TextEquiv>
            </TextLine>
        </TextRegion>
        <TextRegion id="tr_1" custom="readingOrder {index:1;}">
            <Coords points="113,2134 3694,2134 3694,5172 113,5172"/>
            <TextLine id="tr_1_tl_1" custom="readingOrder {index:0;}">
                <Coords points="522,2246 886,2250 1005,2211 1036,2239 1222,2250 1277,2227 1281,2092 1171,2132 1099,2092 815,2116 637,2096 577,2120 526,2096"/>
                <Baseline points="543,2214 572,2202 662,2196 752,2202 841,2190 931,2184 1020,2184 1110,2184 1199,2184 1289,2184"/>
                <TextEquiv>
                    <Unicode>Albin</Unicode>
                </TextEquiv>
            </TextLine>
            <TextLine id="tr_1_tl_2" custom="readingOrder {index:1;}">
                <Coords points="510,2377 550,2397 645,2341 953,2373 1206,2322 1353,2369 1463,2337 1463,2250 1416,2242 514,2239"/>
                <Baseline points="537,2327 578,2327 668,2327 758,2333 847,2327 937,2327 1026,2327 1116,2327 1205,2321 1295,2303 1384,2303 1474,2303"/>
                <TextEquiv>
                    <Unicode>Pourquoi doc?</Unicode>
                </TextEquiv>
            </TextLine>
            <TextLine id="tr_1_tl_3" custom="readingOrder {index:2;}">
                <Coords points="522,2504 1724,2519 1720,2389 1487,2345 1416,2389 637,2345 518,2401"/>
                <Baseline points="543,2471 632,2459 722,2465 811,2465 901,2465 990,2471 1080,2465 1169,2459 1259,2459 1348,2459 1438,2465 1527,2465 1617,2471 1707,2482 1736,2482"/>
                <TextEquiv>
                    <Unicode>Michette (parlant du duc)</Unicode>
                </TextEquiv>
            </TextLine>
            <TextLine id="tr_1_tl_4" custom="readingOrder {index:3;}">
                <Coords points="522,2606 2950,2602 3571,2693 3536,2507 518,2504"/>
                <Baseline points="543,2578 632,2578 722,2584 811,2590 901,2584 990,2584 1080,2584 1169,2584 1259,2584 1348,2590 1438,2590 1527,2590 1617,2596 1707,2596 1796,2596 1886,2596 1975,2602 2065,2596 2154,2596 2244,2596 2333,2596 2423,2596 2512,2596 2602,2596 2691,2602 2781,2602 2870,2602 2960,2602 3049,2608 3139,2602 3229,2608 3318,2608 3408,2602 3497,2602 3581,2608"/>
                <TextEquiv>
                    <Unicode>Il a encore deniché un nouveau parfum! 11 n'est pas un homme dans</Unicode>
                </TextEquiv>
            </TextLine>
            <TextLine id="tr_1_tl_5" custom="readingOrder {index:4;}">
                <Coords points="514,2768 2844,2741 3105,2828 3101,2602 514,2610"/>
                <Baseline points="537,2721 626,2721 716,2721 805,2721 895,2727 984,2727 1074,2727 1163,2727 1253,2727 1342,2727 1432,2727 1522,2733 1611,2733 1701,2727 1790,2733 1880,2739 1969,2739 2059,2739 2148,2739 2238,2733 2327,2739 2417,2739 2506,2739 2596,2739 2685,2739 2775,2739 2864,2745 2954,2739 3044,2745 3109,2751"/>
                <TextEquiv>
                    <Unicode>Paris qui sente aussi bon que lui (à Albin) Genaw Cons!</Unicode>
                </TextEquiv>
            </TextLine>
            <TextLine id="tr_1_tl_6" custom="readingOrder {index:5;}">
                <Coords points="502,2879 573,2883 613,2907 672,2899 700,2871 716,2871 751,2907 791,2875 842,2891 842,2741 613,2741 577,2765 502,2768"/>
                <Baseline points="525,2853 584,2841 674,2841 763,2841 853,2847"/>
                <TextEquiv>
                    <Unicode>Le Due</Unicode>
                </TextEquiv>
            </TextLine>
            <TextLine id="tr_1_tl_7" custom="readingOrder {index:6;}">
                <Coords points="522,2998 3488,3053 3484,2887 518,2883"/>
                <Baseline points="543,2972 632,2972 722,2972 811,2978 901,2978 990,2978 1080,2978 1169,2978 1259,2978 1348,2978 1438,2978 1527,2978 1617,2984 1707,2984 1796,2990 1886,2984 1975,2984 2065,2990 2154,2984 2244,2990 2333,2990 2423,2990 2512,2990 2602,2996 2691,2996 2781,2996 2870,3002 2960,3002 3049,3002 3139,3002 3229,3002 3318,3002 3408,3002 3497,3002"/>
                <TextEquiv>
                    <Unicode>Elle ne parle que des sept ou huit cent hommes de Paris qu'elle</Unicode>
                </TextEquiv>
            </TextLine>
            <TextLine id="tr_1_tl_8" custom="readingOrder {index:7;}">
                <Coords points="522,3152 1167,3109 1396,3160 1582,3113 1788,3132 1788,3061 1709,3033 1455,3045 1384,3006 1341,3045 1024,3049 862,2990 522,2998"/>
                <Baseline points="543,3097 632,3097 722,3103 811,3103 901,3109 990,3103 1080,3103 1169,3109 1259,3109 1348,3109 1438,3109 1527,3109 1617,3109 1707,3109 1796,3109"/>
                <TextEquiv>
                    <Unicode>connait aussi bien que moi.</Unicode>
                </TextEquiv>
            </TextLine>
            <TextLine id="tr_1_tl_9" custom="readingOrder {index:8;}">
                <Coords points="1499,3255 1875,3318 2452,3219 2776,3279 2824,3267 2820,3097 2674,3128 2472,3037 2424,3069 2294,3022 2219,3069 2037,3045 1792,3144 1495,3136"/>
                <Baseline points="1522,3193 1611,3193 1701,3193 1790,3199 1880,3199 1969,3199 2059,3205 2148,3205 2238,3205 2327,3205 2417,3211 2506,3217 2596,3211 2685,3211 2775,3217 2835,3217"/>
                <TextEquiv>
                    <Unicode>avient étrangement spirituel</Unicode>
                </TextEquiv>
            </TextLine>
            <TextLine id="tr_1_tl_10" custom="readingOrder {index:9;}">
                <Coords points="514,3267 660,3334 827,3283 989,3302 1044,3271 1341,3310 1337,3128 1301,3120 949,3120 925,3148 854,3120 807,3152 740,3117 589,3164 514,3144"/>
                <Baseline points="537,3235 626,3229 716,3229 805,3235 895,3235 984,3240 1074,3235 1163,3240 1253,3240 1342,3252 1348,3252"/>
                <TextEquiv>
                    <Unicode>Flipotte (au duc)</Unicode>
                </TextEquiv>
            </TextLine>
            <TextLine id="tr_1_tl_11" custom="readingOrder {index:10;}">
                <Coords points="510,3425 3690,3413 3595,3298 510,3259"/>
                <Baseline points="531,3348 620,3360 710,3360 799,3360 889,3360 978,3366 1068,3366 1157,3366 1247,3366 1336,3372 1426,3372 1516,3372 1605,3372 1695,3372 1784,3378 1874,3378 1963,3378 2053,3378 2142,3384 2232,3384 2321,3384 2411,3390 2500,3390 2590,3390 2679,3390 2769,3396 2858,3384 2948,3390 3038,3390 3127,3384 3217,3384 3306,3390 3396,3390 3485,3396 3575,3390 3664,3396 3694,3396"/>
                <TextEquiv>
                    <Unicode>On peut jouer avec ton épée,dis? (elle lui tire l'épée du fourreau</Unicode>
                </TextEquiv>
            </TextLine>
            <TextLine id="tr_1_tl_12" custom="readingOrder {index:11;}">
                <Coords points="1305,3469 3611,3516 3575,3413 1305,3389"/>
                <Baseline points="1325,3437 1414,3437 1504,3443 1593,3443 1683,3449 1772,3449 1862,3449 1951,3449 2041,3449 2130,3455 2220,3455 2309,3455 2399,3461 2488,3461 2578,3461 2668,3467 2757,3467 2847,3467 2936,3473 3026,3473 3115,3473 3205,3473 3294,3479 3384,3485 3473,3479 3563,3479 3622,3479"/>
                <TextEquiv>
                    <Unicode>vous inquiete? Chla. ne rassure au contraire ; tant</Unicode>
                </TextEquiv>
            </TextLine>
            <TextLine id="tr_1_tl_13" custom="readingOrder {index:12;}">
                <Coords points="510,3520 1649,3643 2017,3532 3583,3647 3575,3500 506,3425"/>
                <Baseline points="531,3503 620,3491 710,3497 799,3497 889,3497 978,3503 1068,3503 1157,3515 1175,3515 1175,3515 1265,3503 1354,3515 1444,3515 1533,3509 1623,3515 1713,3509 1802,3515 1892,3521 1981,3521 2071,3521 2160,3521 2250,3533 2339,3575 2429,3581 2518,3587 2608,3587 2697,3587 2787,3587 2876,3593 2966,3593 3055,3593 3145,3593 3235,3599 3324,3599 3414,3599 3503,3605 3587,3605"/>
                <TextEquiv>
                    <Unicode>et s'amuse à en regarder les reflets), aura pas le loisir de songer</Unicode>
                </TextEquiv>
            </TextLine>
            <TextLine id="tr_1_tl_14" custom="readingOrder {index:13;}">
                <Coords points="1863,3615 1926,3635 1954,3615 2049,3611 2072,3623 2108,3603 2148,3639 2171,3631 2215,3643 2215,3548 2045,3556 2021,3536 1954,3552 1863,3536"/>
                <Baseline points="1886,3581 1957,3581 2047,3581 2136,3581 2226,3575"/>
                <TextEquiv>
                    <Unicode>eile</Unicode>
                </TextEquiv>
            </TextLine>
            <TextLine id="tr_1_tl_15" custom="readingOrder {index:14;}">
                <Coords points="510,3694 890,3702 965,3662 1036,3730 1238,3741 1400,3662 1400,3579 1345,3556 1317,3583 945,3571 890,3532 759,3579 506,3552"/>
                <Baseline points="531,3622 620,3611 710,3622 799,3628 889,3634 978,3634 1068,3628 1157,3628 1247,3634 1336,3646 1408,3646"/>
                <TextEquiv>
                    <Unicode>Legrain(à Presper)</Unicode>
                </TextEquiv>
            </TextLine>
            <TextLine id="tr_1_tl_16" custom="readingOrder {index:15;}">
                <Coords points="502,3761 846,3844 1234,3765 1558,3836 2998,3821 2994,3702 2614,3730 2381,3619 1499,3631 1190,3737 969,3662 502,3690"/>
                <Baseline points="525,3742 614,3748 704,3748 793,3754 883,3754 972,3760 1062,3760 1151,3766 1241,3766 1331,3772 1420,3766 1510,3766 1599,3766 1689,3772 1778,3766 1868,3772 1957,3772 2047,3772 2136,3778 2226,3778 2315,3778 2405,3778 2494,3778 2584,3778 2673,3778 2763,3784 2853,3784 2942,3790 3002,3790"/>
                <TextEquiv>
                    <Unicode>C'est lui....... C'est avec lui,qu'elle était!....</Unicode>
                </TextEquiv>
            </TextLine>
            <TextLine id="tr_1_tl_17" custom="readingOrder {index:16;}">
                <Coords points="490,3927 546,3923 573,3951 684,3939 716,3955 755,3939 831,3983 866,3979 862,3840 819,3828 700,3836 680,3824 660,3836 625,3828 577,3781 486,3805"/>
                <Baseline points="513,3885 602,3885 692,3873 781,3885 877,3893"/>
                <TextEquiv>
                    <Unicode>(Prospe:</Unicode>
                </TextEquiv>
            </TextLine>
            <TextLine id="tr_1_tl_18" custom="readingOrder {index:17;}">
                <Coords points="854,3896 3540,3939 3508,3793 850,3773"/>
                <Baseline points="877,3893 972,3879 1062,3873 1151,3885 1241,3885 1331,3897 1420,3891 1510,3885 1599,3885 1689,3891 1778,3897 1868,3891 1957,3897 2047,3891 2136,3903 2226,3903 2315,3903 2405,3903 2494,3897 2584,3909 2673,3903 2763,3909 2853,3909 2942,3909 3032,3903 3121,3909 3211,3915 3300,3921 3390,3921 3479,3921 3551,3921"/>
                <TextEquiv>
                    <Unicode>f se laisse raconter la suite et semble tres tres étonné)</Unicode>
                </TextEquiv>
            </TextLine>
            <TextLine id="tr_1_tl_19" custom="readingOrder {index:18;}">
                <Coords points="854,3991 3421,4010 3342,3931 854,3892"/>
                <Baseline points="877,3893 931,3945 1020,3945 1110,3951 1199,3951 1289,3951 1378,3945 1468,3945 1557,3951 1647,3957 1736,3957 1826,3951 1915,3957 2005,3957 2095,3963 2184,3963 2274,3969 2363,3969 2453,3969 2542,3975 2632,3969 2721,3975 2811,3975 2900,3981 2990,3981 3079,3981 3169,3981 3258,3987 3348,3981 3426,3987"/>
                <TextEquiv>
                    <Unicode>pargere des Saffiles vraiment trop singulieres! J'ai</Unicode>
                </TextEquiv>
            </TextLine>
            <TextLine id="tr_1_tl_20" custom="readingOrder {index:19;}">
                <Coords points="490,4054 3587,4121 3536,3979 486,3947"/>
                <Baseline points="513,4010 602,4010 692,4010 781,4016 871,4040 960,4064 1050,4064 1140,4064 1229,4064 1319,4064 1408,4070 1498,4064 1587,4070 1677,4070 1766,4070 1856,4070 1945,4076 2035,4076 2124,4076 2214,4082 2303,4082 2393,4088 2482,4088 2572,4082 2662,4088 2751,4094 2841,4088 2930,4088 3020,4094 3109,4094 3199,4100 3288,4100 3378,4100 3467,4100 3557,4112 3599,4112"/>
                <TextEquiv>
                    <Unicode>Le Duc appris aujourd'hui même une histoire qui donne à reflechir</Unicode>
                </TextEquiv>
            </TextLine>
            <TextLine id="tr_1_tl_21" custom="readingOrder {index:20;}">
                <Coords points="502,4169 3480,4244 3433,4105 502,4062"/>
                <Baseline points="525,4124 614,4130 704,4130 793,4142 883,4142 972,4142 1062,4148 1151,4148 1241,4142 1331,4148 1420,4142 1510,4148 1599,4148 1689,4148 1778,4154 1868,4154 1957,4160 2047,4154 2136,4154 2226,4160 2315,4160 2405,4160 2494,4160 2584,4160 2673,4166 2763,4166 2853,4166 2942,4172 3032,4172 3121,4172 3211,4172 3300,4172 3390,4172 3479,4178 3485,4184"/>
                <TextEquiv>
                    <Unicode>Didier n'est pas encore là? (à Albin) quand vous aurez vu celui</Unicode>
                </TextEquiv>
            </TextLine>
            <TextLine id="tr_1_tl_22" custom="readingOrder {index:21;}">
                <Coords points="494,4279 1578,4390 2519,4303 2515,4216 2333,4196 633,4224 490,4137"/>
                <Baseline points="513,4255 602,4261 692,4267 781,4267 871,4273 960,4273 1050,4279 1140,4279 1229,4279 1319,4273 1408,4273 1498,4273 1587,4279 1677,4273 1766,4273 1856,4273 1945,4279 2035,4279 2124,4279 2214,4279 2303,4285 2393,4285 2482,4291 2530,4291"/>
                <TextEquiv>
                    <Unicode>là vous ne regretterez pas d’etre venu!...</Unicode>
                </TextEquiv>
            </TextLine>
            <TextLine id="tr_1_tl_23" custom="readingOrder {index:22;}">
                <Coords points="483,4434 763,4449 870,4414 914,4453 1036,4445 1088,4489 1301,4477 1297,4347 1242,4323 1171,4347 1084,4323 1052,4350 1024,4323 965,4347 918,4315 751,4307 609,4339 479,4279"/>
                <Baseline points="501,4386 590,4392 680,4392 769,4398 859,4404 949,4404 1038,4404 1128,4404 1217,4410 1307,4410 1313,4410"/>
                <TextEquiv>
                    <Unicode>Prosper (au duc)</Unicode>
                </TextEquiv>
            </TextLine>
            <TextLine id="tr_1_tl_24" custom="readingOrder {index:23;}">
                <Coords points="486,4596 3528,4588 3524,4410 3279,4382 1697,4347 1214,4477 483,4449"/>
                <Baseline points="507,4506 596,4512 686,4518 775,4524 865,4524 954,4530 1044,4530 1134,4530 1223,4542 1313,4542 1402,4542 1492,4542 1581,4542 1671,4542 1760,4548 1850,4548 1939,4542 2029,4542 2118,4548 2208,4548 2297,4548 2387,4548 2477,4548 2566,4548 2656,4554 2745,4554 2835,4560 2876,4560 2888,4560 2906,4560 2996,4554 3085,4554 3175,4554 3264,4554 3354,4554 3443,4554 3533,4554"/>
                <TextEquiv>
                    <Unicode>An! te voilà! Cela me fait plaisir ;d'autant plus qu'on ne te</Unicode>
                </TextEquiv>
            </TextLine>
            <TextLine id="tr_1_tl_25" custom="readingOrder {index:24;}">
                <Coords points="486,4706 1099,4663 1222,4671 1364,4754 1542,4734 1542,4588 486,4596"/>
                <Baseline points="507,4643 596,4643 686,4649 775,4649 865,4655 954,4655 1044,4655 1134,4661 1223,4661 1313,4655 1402,4655 1492,4655 1551,4655"/>
                <TextEquiv>
                    <Unicode>reverra plus de sitot!</Unicode>
                </TextEquiv>
            </TextLine>
            <TextLine id="tr_1_tl_26" custom="readingOrder {index:25;}">
                <Coords points="483,4809 1103,4817 1167,4853 1803,4829 1772,4726 1246,4746 941,4663 842,4706 479,4710"/>
                <Baseline points="501,4774 590,4780 680,4780 769,4786 859,4798 949,4804 1038,4804 1128,4804 1217,4804 1307,4810 1396,4810 1486,4810 1575,4810 1665,4810 1754,4810 1814,4804"/>
                <TextEquiv>
                    <Unicode>Le Duc xxx vous Nangia?</Unicode>
                </TextEquiv>
            </TextLine>
            <TextLine id="tr_1_tl_27" custom="readingOrder {index:26;}">
                <Coords points="475,4944 2871,4971 2871,4766 2678,4865 475,4786"/>
                <Baseline points="495,4888 584,4888 674,4894 763,4894 853,4894 943,4900 1032,4900 1122,4900 1211,4900 1301,4900 1390,4906 1480,4906 1569,4912 1659,4906 1748,4906 1838,4906 1927,4912 2017,4912 2106,4912 2196,4912 2286,4918 2375,4918 2465,4924 2554,4924 2644,4924 2733,4930 2823,4930 2882,4924"/>
                <TextEquiv>
                    <Unicode>Et pouquoi cela? Je me trouve tres bien chez toi..</Unicode>
                </TextEquiv>
            </TextLine>
            <TextLine id="tr_1_tl_28" custom="readingOrder {index:27;}">
                <Coords points="467,5039 728,5082 1337,5058 1416,5094 1408,4967 1357,4944 1115,4991 459,4928"/>
                <Baseline points="483,5013 572,5013 662,5013 752,5019 841,5025 931,5037 1020,5043 1110,5043 1199,5049 1289,5049 1378,5043 1420,5043"/>
                <TextEquiv>
                    <Unicode>Prosper### ou ###</Unicode>
                </TextEquiv>
            </TextLine>
            <TextLine id="tr_1_tl_29" custom="readingOrder {index:28;}">
                <Coords points="1499,5070 3433,5142 3429,4983 1495,4979"/>
                <Baseline points="1522,5043 1611,5043 1701,5049 1790,5055 1880,5055 1969,5055 2059,5061 2148,5061 2238,5067 2327,5061 2417,5067 2506,5067 2596,5067 2685,5067 2775,5073 2864,5073 2954,5073 3044,5073 3133,5073 3223,5079 3312,5085 3402,5091 3437,5091"/>
                <TextEquiv>
                    <Unicode>ve una des plus belles chasses du Marquis</Unicode>
                </TextEquiv>
            </TextLine>
            <TextLine id="tr_1_tl_30" custom="readingOrder {index:29;}">
                <Coords points="91,5106 123,5114 134,5106 158,5114 316,5106 320,4979 257,4979 245,4991 237,4983 225,4991 182,4979 158,4995 146,4983 95,4987"/>
                <Baseline points="113,5085 149,5085 238,5079 328,5079"/>
                <TextEquiv>
                    <Unicode>berichte</Unicode>
                </TextEquiv>
            </TextLine>
            <TextLine id="tr_1_tl_31" custom="readingOrder {index:30;}">
                <Coords points="455,5169 3018,5177 3014,5082 455,5027"/>
                <Baseline points="477,5115 567,5121 656,5127 746,5127 835,5133 925,5139 1014,5139 1104,5139 1193,5139 1283,5139 1372,5145 1462,5145 1551,5145 1641,5150 1730,5156 1820,5156 1909,5156 1999,5156 2089,5156 2178,5156 2268,5150 2357,5156 2447,5162 2536,5162 2626,5162 2715,5162 2805,5162 2894,5162 2984,5162 3026,5162"/>
                <TextEquiv>
                    <Unicode>J'en suis convaincu!Mais tu vas etre sans aucun doute</Unicode>
                </TextEquiv>
            </TextLine>
        </TextRegion>
    </Page>
</PcGts>
