3960 5336
3319 186 3565 358 11 1
2965 302 3338 544 a propos
2004 369 2287 499 (oureur
1203 346 1673 525 son essor
615 358 920 540 5
1848 469 2291 633 marchaient
1263 481 1650 637 s choses.
607 507 991 678 Lebrete
611 637 816 779 An!
630 756 1036 920 Grasset
611 849 3393 1013 Je te ferai observer que ce que je viens de dire est fort
622 976 3189 1192 sprituel? Cela suffirait au succès d'un long discours!
622 1136 976 1296 Lebret
618 1255 2611 1438 Je comprends rien à ce que tu me racontes!
618 1378 991 1542 Grasset
618 1486 3304 1658 Je t’ai dit que prosper fut mon directeur.Il continue à
618 1628 3613 1803 faire jouer la comédie à ses gens ; seulement c'est n’est plus le
618 1758 3565 1930 même genre de théatre. Mes anciens camarades viennent s'asseoir
611 1892 3475 2045 ici, autour des tables et posent à la crapule? Tu comprends?
618 2008 3483 2231 Ils se racontent des infamies imaginaires à faire se dresser
618 2149 3583 2302 tous les cheveux sur toutes les têtes! Ils se vantent d'assassi¬
611 2298 3561 2458 nats qu’ils n’ont jamais commis.... et le puolic qui fréquente
611 2418 3475 2589 la boite y éprouve la sensation délicieusement rare de flâner
618 2552 3468 2730 au milieu des escarpes,les plus réputés de Paris,
600 2701 2496 2879 malandrins, éscrocs, siruneurs... et alors
603 2816 946 2965 Lebret
611 2924 1754 3099 Et quel est ce public?
607 3051 991 3215 Prosper
603 3174 2317 3382 Le monde le plus élégant de Paris.
592 3334 961 3461 Grasset
589 3434 1196 3624 Des nobles?
592 3580 1430 3744 Prosper
589 3684 1524 3837 Des gens de la cour
589 3814 950 3960 Lebret
1129 3852 1732 4004 pas me prendre
585 3937 1795 4127 A bas la noblesse.
577 4064 968 4228 Grasset
592 4176 2418 4343 Voilà quelque chose qui les amuse ; voil
2764 4127 3788 4377 weille en eux Überregung
559 4325 3505 4522 le cabotin ramolli ; c'est ici, Lebret, que j'ai tenu mon premier
3595 4351 3766 4530 fehlt
577 4451 3371 4619 discours, pour rire bien entendu, c'est ici que j'ai senti
566 4608 3397 4779 sourdre en moi la haine de ces chiens impudents qui viennent
559 4720 3401 4898 étaler leur scieries parmi nous,après un festin chez le Roy
570 4835 3483 4988 ou une séance chez le parfumeur... et je suis heureux, mon
548 4969 3148 5129 Lebret, que tu l'aies vu enfin,l'endroit,ou ton ami d
