3960 5352
3415 203 3575 409 9
535 314 3384 604 grand a pris son essor!!... (surcun autre ton)  a propos
581 497 2497 681 Prosper, si les choses ne marchaient pas
589 654 998 811 Prosper
585 749 1350 937 Quelles choses?
593 902 1006 1067 Grasset
589 994 2944 1216 La politique!... Est ce que tu me réengagerais?
589 1155 1017 1312 Prosper
600 1266 1269 1419 Ah non alors!
589 1392 1572 1556 Grasset (légèrement)
593 1526 3457 1660 Et pourquoi? T'imagines tu,qu'il n'y a pas de place pour un
589 1640 3556 1782 autre à côté de ton premier sujet,à côte de ton Didier Baton¬
2860 1736 3216 1916 G.C.H.F.P
589 1763 883 1923 nard?
597 1889 1006 2061 Prosper
600 2007 3483 2157 Ce n'est pas tant cela! Mais j'aurais peur avec toi que tu ne
604 2111 3568 2275 t'oublies et que tu ne t'attaques réellement un jour ou l'autre
3388 2248 3613 2348 teaux
589 2264 1801 2443 à un consommateur payant.
581 2405 1667 2631 Grasset (avec fatuité)
604 2527 2612 2784 ce n'est pas invraisemblable. Unpossible
597 2677 1036 2868 Prosper
593 2788 1793 2960 Je me contiens bien, moi.
585 2937 998 3120 Grasset
589 3078 3568 3208 Brave prosper, je te prendrai volontiers pour un homme de aang
600 3185 3369 3373 froid,si ne te connaissais déjà... comme un pleutral
589 3365 1032 3510 Prosper.
589 3434 3491 3644 Mon cher, ce que je fait de mon métier, suffit à mon ambition
589 3594 3529 3782 et cela me réjouis suffisamment de pouvoir cracher mon opinion
589 3721 3453 3847 au nez de toute cette clique selon mon bon plaisir.! Libre à
589 3839 3610 4023 elle de ne pas me prendre au sérieux! C'est une façon comme une
589 3977 3667 4202 autre d'assouvir sa haine. (Il tire un poignard et le fait étince
593 4095 841 4271 ler).
2906 4122 3441 4302 de be soir.
2050 4149 2344 4290 votre vé
577 4237 922 4378 Lebret
589 4260 2761 4566 Citcyen prosper qu'est ce que cela signifie?
574 4504 987 4669 Grassey
581 4619 3350 4837 N'aie pas peur! Je parierais qu'il n'est même pas aiguisé.
574 4741 975 4910 Prosper
2417 4768 3591 4925 se passe chez vous 1 Dépu!
1679 4806 1912 4906 a ƒ
581 4810 3510 4990 Mon ami, tu pourrais t'y tromper.Tot ou tard sonnera l'heure
577 4952 3422 5097 de prendre la farce au sérieux! Je suis prêt, tout simplement
