3944 5352
654 231 834 368 44
646 329 1358 513 Albin (nerveux)
650 474 1612 661 Tout cela est vrai!
798 587 1010 661 ...
654 591 3025 755 Maurice (jetant des pièces d'argent sur une table)
1065 732 1323 798 G. A.F.
642 740 1084 873 Voilà pour
1119 724 3393 947 vous,mes amis; tous les camarades ont droit au
1119 830 1284 939 13
724 841 1084 928 rais de la
654 904 1041 1061 partage.
305 959 524 1112 1 TUB.
634 928 2841 1182 François pas besoin de gros mots pour cela! (i
231 1076 493 1245 Jee 't
642 1162 3597 1315 Mon cher Albin, tout ça,ce sont des accessoirs (il se lève et
294 1229 470 1370 ouvoir
634 1252 3428 1432 prend deux pieces) Voilà quelque chose qui nous revient!
282 1350 493 1511 Isge
646 1385 1926 1550 Prosper
2172 1393 3201 1589 le temps de vous four
297 1495 481 1652 aille
646 1487 3628 1722 Prends toujours....! Tu n'en as jamais gagné aussi honnêtement!
274 1616 481 1773 s. noue
630 1659 2994 1843 Maurice (agitant une jurretière ornée de diamants)
243 1738 466 1910 pruré
646 1789 1374 1953 A qui celle-là?
1436 1789 2391 1965 gagner la jurretiere
321 1894 481 2027 e e M.
646 1875 3190 2094 Georgette,Michette et Flipotte essaient de l'attroper
646 2070 1033 2207 Maurice
1084 2102 1292 2219 G.H.F.P
1734 2059 2661 2231 tombée de ta poche.
634 2184 3683 2333 Patience,mes bichettes,nous en recauserons!La jarretière est à
634 2301 3565 2481 celle qui decouvrira un nouveau refuse sur la
626 2450 1691 2622 carte de Offendre.
618 2571 1738 2740 La Marquise (àCollin)
618 2673 2775 2912 Ne me permettez vous pas d'y concourrir?
607 2841 975 2986 Collin
1914 2853 2090 3037 dent
587 2971 1988 3139 Vous me rendrez fou,Sévérine.
595 3084 1718 3256 Le Marquis (à sa femme)
595 3194 2630 3397 Si nous nous en allions? Je pense que.....
587 3350 2626 3507 La Marquise là dont vous m'avez tant parlé?
614 3464 3358 3624 Oh, que non! Je me trouve ici très bien! (à Collin) J'en uis
595 3585 1808 3812 même fort excitée ailleurs
2004 3608 3166 3812 quement pour lui que l’or
3221 3605 3483 3785 Vlent
595 3722 1057 3863 Michette
595 3843 3006 4086 Ou as tu déniché cette jurretière? théatrales jou
3127 3800 3483 4043 tait.
583 3980 1033 4133 Maurice
583 4019 3428 4293 Il y avait une telle bousculade dans l'église!... D'ailleurs
567 4227 3710 4379 Quand une dame suppose qu'on lui fait des avances..... (rire géné-
556 4356 2845 4520 ral) (Degard) C'est tout un monde de vorg.
3014 4356 3288 4509 Morale
564 4481 3291 4642 (Legrain pendant ce temps a dérobé la bourse à François )
564 4618 3550 4747 François (montrant les deux pieces qu'il a prises auparavant sur
571 4736 3562 4857 la table) Tu vois! Ce ne sont que des jetons. Es! tu rass uré?
779 4861 2481 5033 main veut se sauver inaperçu )
176 4853 368 5029 in the
94 4982 340 5201 am 3.7.
1417 4978 2904 5174 Lici! Regardez bien!Voyez...
748 5080 2301 5221 ez moi de suite cette bourse!
