3944 5352
629 196 789 396 20
2847 268 3663 492 if Aucun n’est ador
2386 272 2759 480 come
484 396 3475 665 si tu veux de l'Opéra,mais qu'elle vienne loi chez moi ; je l'en-
108 468 420 645 a M et im
480 609 2542 813 gage.J'en manque assez de femas de talent.
116 609 416 777 1) Julii
1866 673 3143 861 personne ne me remplacera
116 733 416 901 tosoo)
1257 729 1686 881 blontiers
480 765 789 925 Didier
484 873 3687 1029 Ma décision est prise. Nous quittons la ville pour vivre à la campagne
112 873 412 1021 es Jure.
3091 957 3587 1133 eine Leoedie
112 981 420 1157 dertte
484 1005 849 1189 Prosper
176 1117 432 1277 de la riviere
492 1101 1674 1289 Et ou ça,à la campagne?
188 1249 432 1405 am sich
480 1253 789 1425 Didier
484 1337 3515 1529 Chez mon vieux père,resté seul dans notre pauvre village.Voilà
232 1381 420 1525 Bn
488 1469 3703 1666 7 ans que je ne l'ai pas revu. Il ne doit guère s'attendre à retrou¬
256 1497 424 1614 evoit
496 1622 3671 1778 ver son fils perdu.Comme il va etre heureux de ma revoir. préparé
252 1642 440 1770 eup
3067 1734 3603 1862 ... Le glas
248 1742 420 1914 oùa
2486 1742 2683 1882 le 1
484 1766 849 1922 Prosper
504 1834 3687 2006 Qu'est ce que tu fera à la campagne! On y creve de faim! C'est fin
272 1882 436 2018 etos
484 2006 3655 2182 encore pire qu'à Paris! Que diable pourra tu bien y faire? Tu n'es
492 2122 2330 2282 pas homme à planter des choux,voyons!
1650 2258 2070 2398 das Leens
496 2278 837 2426 Didier
500 2342 3263 2550 Vous verrez que je sais faire cela tout comme autre chose.
1309 2502 1810 2662 est surpris
480 2510 1233 2691 Prosper
492 2610 3603 2783 Il n’y a plus de blé nul part en France! Woutwouw Tu cours à la
1990 2743 2466 2907 suei? Ioces
1453 2747 1666 2935 que je
476 2759 849 2923 miseref
492 2887 849 3071 Didler
492 2991 3491 3175 Non, Presper, au bonheur! Nest ce pas Léocadie? Nous avons souvent
508 3139 3555 3311 rêvé de cela? J'ai besoin du silence de la plaine infinie! Oui,
492 3263 3671 3431 Presper, je me vois souvent en songe errant le soir à travers champ
504 3399 3607 3531 à côté d'elle, au milieu de la sérénité des choses ; avec au dessus
504 3527 3647 3655 de nous les yeux consolateurs d'un admirable ciel! Oui, nous allons
492 3671 3571 3796 fuir la cité terrible et menaçante pour nous refugier au sein de
492 3764 3655 3936 la paix définitive. N'est ce pas Léccadie?
492 3912 1794 4084 Nous en avons souvent rêvé?
1385 4012 1942 4176 sous : d’aat
496 4028 1001 4200 Léocadie
508 4156 2290 4312 Oui, nous en avons souvent rêvé
957 4272 1758 4456 (l'interrompant)
500 4284 909 4444 Prosper
496 4404 3495 4556 Voyons, Didier, reflechis un peu! Tu veux une augmentation: je te
492 4540 3011 4684 l'accorde! Et j'engage léocéie aux mêmes conditions.
496 4664 2983 4796 Léocadie J'aime en ce moment / Je veux etre seul avec
508 4792 2963 4925 Tu entends Didierseulement ainsi que nous pourrons
480 4889 2983 5061 Prosser nous serons heureux comme des hommes ne le f
492 5025 3595 5153 Je ne sais vraiment pas qui porrait te remplacer ici! Aucun de tes
152 5089 372 5233 wolb.
