3944 5352
214 329 452 542 ald.
538 357 3574 682 Et il veut s'en aller avec elle....est ce que je sais?!...on m’a
522 349 867 612 Le Duc
156 460 448 624 in the
661 567 826 653 t
177 600 431 748 G.C.F.P.
538 645 1910 776 On saiser ayant de t'en aller.
546 727 1290 895 raconté cela###...
209 719 423 932 et leur été dans la
550 789 932 994 Prosper
563 842 3212 1088 An! On te l'a raconté? (échange de regards avec le duc)
789 900 1023 1006 aussi
238 895 431 1010 &c.
2452 1006 2621 1146 et
1286 1023 2070 1175 toutes deux en mes
871 1035 1097 1171 encore
263 990 444 1167 ad
575 1043 3545 1302 C'est par trop ofte fléocadie a tout ce qu'il faut pour devenir
563 1056 941 1249 Le Duc
283 1134 435 1269 1/9 P0
587 1245 2452 1434 la plus supplime complète garce du monde.
624 1417 998 1585 françois
608 1540 949 1635 L'honneur
600 1507 1577 1717 A qui le lites vous?
513 1664 809 1795 Franco
612 1721 3610 1943 Y a -t-il quelque chose de plus stupide que d'empecher quelqu'un
571 1737 949 1881 Le Duc
3085 1799 3348 1894 tisten
670 1820 854 1906 V:V:S:
616 1828 3660 2066 de suivre sa vocation? (à François qui rit) Mais je ne plaisante
653 1935 838 2021 G.H.F.P.
624 1922 3738 2210 pas:il faut etre née putain,comme il faut être né poète ou conqué¬
612 2156 1750 2321 rant...
2243 2128 2456 2288 ilmoit
501 2284 789 2473 Frauen
628 2378 1512 2584 Voilà du paradoxe!
986 2485 3163 2662 s! Elles font aussi partie de la troupe
2641 2514 3598 2744 Pour Didier aussi! Il
637 2555 1015 2719 Le Duc
628 2658 2658 2826 Cela me fait de la peine pour elle... et
2637 2690 2826 2801 Pell
2896 2707 3060 2785 aie
653 2703 3578 2945 devrait rester loi. Non pas det-même.... car sa Place est aux
653 2834 3545 3081 Français (et je l'y ferai entrer.... bien que,même là...!
645 2966 3697 3192 Il me semble toujours que personne ne le comprends aussi bien que
645 3056 3717 3348 moi! C'est peut-etre une erreur de ma part,car j'épreuve la même
657 3237 3459 3442 Illusion devant presque tous les artistes! Mais jel'affirme
670 3286 3746 3569 hautement :si je n'étais le Ducde Cadignan, je voudrais etre comé-
686 3537 2506 3693 dien, comme cela... comédien comme...
1076 3643 1976 3795 le suis sauve......!...
670 3680 994 3849 Albin
678 3775 1947 3960 Comme Alexandre le Grand?5
686 3890 1705 4095 Le Luc (souriant) ou as?
670 3910 3652 4165 Oui, comme Alexandre le Grand! (à Flipotte) Donne moi mon épée!
698 4108 3417 4317 (il la remets dans le fourreau - puis lentement)
485 4177 3787 4411 là la plus belle façon de railler la vie! Quelqu'un qui peut
497 4296 3762 4535 jouer devant nous le rôle qui lui convient, tel cela lui convient
2325 4407 3762 4666 le contemple avec étonnement)
476 4518 2226 4728 flus grand que nous tous. (Al
485 4654 1084 4818 le Duc
2604 4658 3791 4896 tout cela n'est vrai
472 4670 2181 4917 n'attachez pas d'importance à c
739 4892 1996 5097 qu'au moment ou je le dit
489 4892 686 5011 Ou'si
452 5003 760 5200 Soével
