3928 5336
627 312 916 593 errein
2729 424 3405 619 3té à reciter
612 432 2661 751 moi 2m. tron tron théatre. On dirait qu'il s'app-
612 649 1535 841 prosper (brutalemetn)
623 683 3183 1010 spechons nous!.... Ou bien vcus aurez à faire à moi!
616 893 2222 1085 begrains-tu,Didider?D’ou viens-tu?
616 965 3529 1265 pis n'avez pas besoin de gros mots pour cela! (il lui rend la
623 1186 1378 1314 curse) de tuer.
619 1299 942 1475 prosper
631 1329 3427 1644 t ne bougez pas d'ici de n'ai pas le temps de vous fouiller
623 1535 2252 1738 aintenant! Retournez à votre place!
616 1708 1010 1858 lipotte
631 1719 2391 2001 n'est moi qui vais gagner la jarretiere.
3255 1873 3555 2046 me um
631 1922 3044 2091 prosper (jettamt à Francois saebourse) s-fixenent i et
601 2038 2680 2279 Voilà ta bourse qui était tombée de ta poche.
612 2230 1306 2387 François vant le
1363 2203 1622 2361 tate)
593 2279 3555 2515 Tiens! Merci! /a Albin/. tu vois,ce sont en réalité les gens les
582 2462 3345 2654 plus honnêtes du monde-t-il d'étonnant à cela?V ous le savez
2140 2519 3585 2759 Ma femme! Cela ne pouvait pas
1216 2560 2098 2759 Scena XVI a femme
567 2639 1186 2767 tous ce quw,
582 2691 3510 2905 Les mêmes, Didien, entre depuis un moment s'est tenu derrière
571 2849 2080 3037 les autres et surgit brusquement
556 2995 916 3131 Collin
1190 2977 1772 3183 Ou est elle?
552 3082 1569 3285 Didier! Voilà Didier!
556 3161 3416 3423 La Marquiseur lui donne la replique!Cela rend la chose toute
571 3330 2624 3555 Est ce celui là dont vous m'avez tant parle?
556 3491 1089 3664 L. Marquis
552 3529 3480 3821 Oui, cui, jC'est d'ailleurs uniquement pour lui que l'on vient
548 3746 770 3904 ici?
563 3791 3547 4077 (Didier s'avance, prend des attandes théatrales.et se tait.)
552 3990 1209 4159 Les Comadiens
556 4043 2038 4321 Qu'est ce que tu aa, Didien?
544 4230 923 4399 Collin
548 4309 3510 4523 Observaz og regard JO'est tolle un monde de tortures morales.T
2496 4463 3461 4677 mit du dehorw a cessé
541 4471 2414 4685 Il joue le### crimes paasionnela.!
2429 4591 2598 4670 G.F.P.
158 4591 330 4764 1575.
529 4598 1828 4827 La Manqui sudider, continue!
94 4733 357 4869 ej sl
548 4741 1227 4906 On!J'aime cela
672 4801 3697 5038 nous, l'affaire, Didier! Ou est ta femme. "Ou l'as tu laissée
94 4846 334 4992 dergeI)
83 4959 345 5116 geor.
548 4947 3540 5116 Il est comme loin d'ici! Regardez bien! Voyez.... Il a du com-
75 5094 338 5251 e brieff
499 5124 2230 5221 mettre quelque forfait épouvantable!
