3912 5336
235 340 446 508 liche
528 285 1818 559 prosper va vers le comptoir)
227 473 426 622 Le 10e
524 508 735 653 bin
778 508 1435 637 (le retenant)
528 547 2197 755 est un gaillard de sac et de corde.
2264 500 3480 774 Inutile de vous fati¬
235 598 430 751 1/10
1912 712 3445 860 v ait du monde. (à Albin) Ce sont
242 731 426 891 aie
516 731 1846 899 francois nous jattendsz qu'il
3081 747 3589 915 farce! Et
1611 825 2917 993 que tout cela n’est que de
3081 880 3296 954 viens
1427 848 1623 966 tät
489 852 1439 1032 mais mets-toi dans la
1423 880 1623 1001 Rue de
504 927 3617 1196 appelle-toi qu'il y a des endroits où les choses se passent sérieu-
3155 1001 3593 1122 descroos
258 1103 418 1251 et
508 1107 1595 1314 ment de la même façon.
500 1251 727 1423 Albin
481 1325 1662 1537 oft ea n'est pas interdit?
477 1501 1181 1677 François (riant)
1357 1490 1541 1650 Vin
497 1580 2889 1760 Comme on voit bien que tu debarques de la province!
477 1732 759 1916 Albin
469 1830 3492 2041 On! On en entend de belles aussi,chez nous dépuis quelque temps!
473 1963 3277 2174 Les paysans deviennent d'une insolence...t On ne sait vrai-
473 2119 2018 2311 ment plus comment les aborder.
3148 2147 3390 2385 se soi
2803 2170 3116 2381 un peu
1306 2248 1521 2385 dene
1576 2272 1994 2393 Flipotte
2025 2237 2197 2397 1 Elt
469 2268 903 2424 François
473 2350 3609 2526 Qu'est ce que tu veux? Ils ont faim tous ces pauvres diables. C'est
469 2491 1365 2714 là tout le secret.
477 2671 774 2811 Albin
493 2729 3347 2917 Est ce ma faute, à moi? Et est ce la faute de mon grand-oncle?
481 2917 895 3077 Francois
489 3026 1275 3202 Ton grand oncle?
2913 3112 3429 3300 ux d'Albin
1122 3116 1568 3312 le petit.
497 3167 739 3324 Albin
497 3280 3542 3425 Oui, dans notre village,en pleine place publique,ouvertement,ils
493 3433 3535 3574 se sont réunis et ils ont traité mon grand-oncle, le comte de la
497 3527 1724 3734 Trémouille, d'accapareur.
481 3703 907 3844 Francois
493 3722 1611 3992 Et après?! u'il raconts?
497 3933 809 4109 Albin
481 4008 3140 4227 Cela ne te suffit pas!! »dames qui viennent ici.... Di
3214 4004 3523 4238 que la
504 4168 1243 4348 Francois
485 4235 3593 4434 Dés demain je te conduirai au Palais-Royal ; c’est là que tu en en¬
497 4426 3640 4579 tendas, des blasphèmes, dans la bouche de ces drôles! Nous les lais-
485 4559 3499 4739 sons dire ;c'est ce qu'il y a de mieux à faire ;au fond,ce sont
493 4661 2710 4825 de braves gens ; cala les soulage et voilà tout.
473 4817 2256 4950 Albin (montrant Scévola et les autres)
485 4876 3511 5114 Qu'est de que c'est que ces gens suspecta?Tiens,vois comme ils
469 5036 1529 5173 nous dévisagent......
