3944 5352
202 260 368 411 Duff
523 372 1194 643 de Montferrat?
527 616 3299 771 Le Duc les d'une jeunesse prehistorique! Ouel age avez-vous?
523 651 3636 872 Parfaitement!Mon frère est chez lui en visite et il vient de m'éc¬
539 826 3524 1050 rire, du château même l'histoire en question. Ils ont,à Nangis,
535 977 1578 1147 un maire très mal vu.
1399 1031 3202 1271 Vous en avez du temps devant vous!
527 1093 950 1275 François
2690 1206 3012 1376 71.....
2535 1217 2706 1326 vnd
531 1225 2500 1438 Si vous pouvez m'en citer un, qui soit bie
2531 1252 2706 1361 G.C.F.
3031 1209 3438 1407 que j’ai
527 1357 911 1519 Le Duol
539 1368 3566 1640 Fooutez!Les femmes du village sont arrivées ces jours ci en pro-
547 1535 3485 1752 cession avec un cercueil en tête,devant la maison du maire...
3190 1620 3566 1752 vous n’a
535 1717 1706 1911 Flipotte
1864 1729 2384 1888 tue un mar¬
527 1799 3551 2039 Comment?.... Elles portaient un cercueil!... Pour rien au monde
527 1934 2318 2167 je ne voudrais porter un cercueil!...
2671 1996 3058 2178 toujours
2384 2140 2942 2256 innocent! Er
539 2082 1120 2264 François
1275 2144 1566 2260 que ne
1601 2151 2283 2264 tue jamais que
547 2163 3640 2392 Mais tais-toi donc! Personne ne te demande de porter un cercueil
539 2337 1434 2535 (au duc) et alors?
535 2485 1799 2647 Le Duc
547 2566 3520 2760 Alors, quelques unes de ces mégeres sont entrées dans la maison
547 2709 3555 2911 et ont signifié au maire qu'il avait à mourir... et qu'elles lui
539 2849 2841 3031 feraient, elles - même l'honneur de l'enterrer!
535 2969 1081 3151 François
535 3120 1717 3318 Et elles l'ont tué?
523 3244 876 3415 Le Duc
550 3291 3167 3527 Je ne sais pas... Du moins mon frère ne m'en dit rien!
3225 3326 3427 3539 dit
539 3469 3520 3659 Francoisnesse dont on n'use point est comme un volant qui train
550 3648 3384 3768 An! Bouffoneries et turlipinades.Aujourd'hui pour changer,
504 3717 3419 3915 c'est la Bastille qu'il leur faut!... Ils l'ont déjà réclamée
550 3865 1469 4070 tant de fois!...
1523 3903 1717 4062 ster
508 3977 880 4151 Le Duc
512 4066 3527 4303 Ma parole, si j'étais le Roi, il y a longtemps que j'aurais mis
527 4221 2760 4415 une fin à tout cela! Ne vaut-il pas mieux que
2942 4276 3562 4431 volant s'égar
504 4357 2713 4520 Albinale buissen touffu ou l'on ne le getro
2992 4411 3326 4597 amals.
485 4465 2190 4675 Est ce vrai que le Roi est si bon?
496 4613 2217 4737 LoLe Ducfaut-il comprendre cela, Emile
485 4698 2880 4865 Vous n'avez pas encore été présenté à Sa Majesté
143 4826 310 4989 ls 1.
481 4826 2357 4993 Francoisat le sentir 'Si j'avais su le
2996 4853 3365 5031 Pauriss d
473 4880 2818 5148 se chevalier est à Paris pour laprémière fois.
