4008 5384
1680 196 1857 393 11
1158 389 1315 526 eise
538 322 3510 609 Suspecte 17d songez vous,Monsieur le Commissaire? le public qui
561 605 3671 742 vient ici est le public-j'ose le dire- le plus distingué de la vil-
550 715 3530 895 le!Le vicomte de Nogent est mon hôte tous les soirs ;le marquis
3117 789 3298 891 me is
581 840 3624 989 de Lansac m'honore fréquemment de sa visite et le duc de Cadignan
561 938 3569 1131 „Monsieur le Commissaire, est ou l’admirateur le plus assidu de
550 1084 3231 1335 mon premier sujet Didier Bâtonnard,le célebre comédien...
3255 1119 3443 1319 une
561 1233 1284 1425 Le Commissaire.
573 1351 3695 1504 Admirateur aussi,je n’en doute point,du talent,ou plutot des ta¬
569 1476 2136 1629 lents de vos jeunes comédiennes.?
1523 1594 1708 1700 1 3.0
569 1606 985 1802 Prosper
573 1661 3400 1912 Vous ne le reprocheriez à personne,Monsieur le Commissaire,
569 1861 3573 1987 si vous les connaissiez, les talents de mes petites comédiennes.
573 1991 1276 2179 Le Commissaire
581 2065 3581 2250 Bref, les autorités ont été avisées que les facéties débitées par
573 2230 1889 2375 vos.... comment dirais-je?
569 2364 927 2540 Presper
2905 2371 3255 2587 attendre
569 2481 2411 2627 Le mot "ôrtistes" me parait suffisant!
569 2607 1249 2784 Le Commissaire
561 2748 3553 2874 Le mot "sujets" me convient mieux!... que les facéties débitées
2057 2835 2442 2917 leur pou
581 2835 3581 3023 par vos sujets dépassent à tout propos la mesure.Il paraitrait
581 2976 3585 3121 que vos... comment m'exprimer?... que vos meurtriers artificiels
573 3098 3596 3271 tiennent un langage,qui... voyons le rapport (il lit à nouveau
573 3239 3506 3392 dans une liasse de notes qu'il tient à la main )... un langage
561 3388 3620 3514 non seulement immoral, ce qui nous serait indifférent d’ailleurs,
569 3502 3471 3640 mais surtout seditieux!... Dans les temps tourmentés où nous
585 3608 3624 3765 vivons,il est impossible que le lieutenant de police se desinte-
573 3738 2073 3891 resse de ces sortes de choses...
573 3867 950 4048 Prosper
573 3922 3400 4162 Monsieur le Commissaire, je ne puis mieux me défendre contre
585 4126 3632 4264 cette accusation injuste qu'en vous invitant à assister vous même
561 4248 3644 4397 à ce spectacle.Vous vous convaincrez facilement qu’il ne se passe
569 4370 3490 4543 ici rien de favorable à lémeute..et pour la cause bien simple
581 4515 3608 4649 que mes spectateurs ne sont pas de ceux qui attendraient quelque
573 4609 3726 4845 chose d'une révolution. Ici l'on joue du théatre... et rien d'autre
577 4727 1268 4935 Le Commissaire
569 4825 3404 5053 N'éspérez pas que j'accepte d'assister comme invité à votre
569 5049 3157 5167 spectacle ;j'assisterai,mais en qualité de magistrat.
