3416 5525
195 285 781 548 Commissaire
105 424 3110 710 sabaretier prosper, je vous rends responsable de tous les discours
105 627 729 785 Déditieux....
116 721 1029 920 Krasset
105 868 973 1056 11 perd la tête?
120 995 984 1198 prospertes dons
98 1131 3118 1292 Mais ne comprenez vous pas,qu'elle est déjà finie, la représenta
94 1277 2862 1424 tion! Didier, dis le leur donc! Tu peux maintenant le dire!
98 1371 2577 1551 Nous sommes avec toi! Le peuple de Patis te protège!
128 1525 432 1687 Grasset
98 1589 3080 1867 Oui, le peuple de Paris! (Didier reste immobile, les yeux dans le
548 1784 808 1949 G.H.F.P
94 1784 376 1938 vide)
101 1927 458 2077 Propper
94 1953 2573 2190 Didier a véritablement assassiné le Duc de Cadignan,
94 2179 1454 2355 Aloin, François, le Marquis
105 2321 627 2460 Que dit-il?
98 2427 541 2599 D'autres
105 2562 1585 2757 Qu'est ce qu'il raconte, Didier?
105 2674 541 2885 François
105 2776 1003 2986 Parle donc,Didier!
94 2949 451 3114 Prosper
105 3001 2453 3215 Il l'a surpris avec sa femme... et il l' a tué!..
537 3200 1266 3324 se passe-t-i;
105 3204 432 3362 Didier
94 3339 1225 3490 Mais ce n'est pas vrai!
109 3456 853 3632 Prosper Epectre.
98 3572 2990 3745 Tu n'as plus besoin de dissimuler! Tu peux maintenat le crier
105 3722 3024 3884 à la face de tout le monde fVoilà une heure que j'aurais pu te
105 3839 2573 3982 prevenir qu’elle était la maitresse du Duc.J’ai même
109 3970 2509 4102 bien pres de te le dire... N'est de pas,le Caniche
109 4091 1255 4248 vions, nous autres!....
86 4222 402 4365 Didier
98 4301 1450 4496 Qui l'a vue?Ou l 'a-t-on vue?
447 4466 785 4631 ne fois
199 4489 364 4639 ospe¬
101 4538 2430 4733 Qu'est ce que cela peut te faire maintenant? Il est
199 4737 2197 4876 role!.. Tu l'as tué! Que peux tu faire de
2596 3824 3016 3978 été été
2596 3940 3061 4102 nous le s.
