3928 5352
2331 179 2487 397 1
518 393 1848 646 Michette-toi! Prands un verre
167 537 432 732 11 Jk
510 634 1899 782 Un baiser avant de t'en aller.
101 704 409 837 Jurons 7
498 658 3557 895 Flipottenuore... Verse plus que ça 1...ce que j'ai galopé!la
109 782 409 946 o e e e t e
502 868 3086 1035 A moi aussi (elles se pendent à lui)
230 918 385 1070 :14
502 992 2911 1156 (il les embrasse toutes deux en même temps et sort)
518 1148 3024 1311 Ant Pranos-y garSceeneJX.uis qu'ils nous ont dépistés..
121 1163 385 1319 des
502 1245 1529 1413 Les mêmes sans le Duc
121 1272 377 1471 of the
486 1350 3366 1549 Albinraoonte nous enfin ce qui c'est passé!... (aux comparses)
121 1413 346 1595 votre
510 1486 1786 1677 Quel homme surprenant
93 1560 409 1708 Gaiup A e
498 1634 938 1806 Francois
101 1677 346 1876 at
510 1759 3393 1899 En effet!... Mais le seul fait que de pareils hommes existent
490 1883 3269 2047 est une raison majeure contre le mariage.!
2230 1969 3576 2183 l’oreille) ils viennent...!
498 1996 1782 2179 Albinoyais te revoir vivant
1467 2101 1778 2206 quüest
490 2175 3619 2335 D'ailleurs  qu'est ce que c'est quue
510 2269 1035 2432 ces femmes?
486 2308 3525 2553 Francoisngulier!... J'entends vraiment une rumeur lointaine!...
498 2518 3522 2677 Des actrices! Elles font aussi partie de la troupede Fros-
486 2669 3490 2821 per, qui est lep atron du bouge! A vrai dire,elles ne font ici
498 2790 2790 2930 que ce qu'elles ont teujours fait ailleurs.
498 2856 3627 3047 Guillaume à bout d'naleine,fait irruption dnas le cabaret et court
486 3039 3537 3214 à la table des comédiens, sur laquelle il s'appuie,en comprimant
2786 3160 3389 3315 poursuivre.
498 3167 2599 3327 de sa main libre les battements de soncoeur ;
677 3300 957 3420 11 aume
1560 3292 2074 3409 Scène 11.
1455 3323 3634 3522 e. Tout de même,s'il m'avaient arrêté, c'était
498 3343 1416 3557 Les mêmes Guillamse
1082 3483 3592 3654 ge!; j'ai mis xxxx.
475 3525 934 3681 Guillaume
498 3615 3584 3786 Sauvé.... Je suis sauvé.... la local se amplit peu à peu, Dea jeune
498 3767 3055 3911 Scévolours se sont assis autour des tables, ca et là )
502 3872 2023 4090 Quoi? Qu'est ce que tu as?
833 4012 1393 4148 e! Continue!
479 4008 755 4168 Albin
498 4062 2206 4284 Qu'est ce qui est arrivé à cet homme?
1132 4179 3642 4401 Ça ne te suffit pas que j'ai mis le feu à une maison.
483 4253 891 4417 François
475 4393 2487 4549 Celle spectacle qui commence. Regarde bien!
475 4506 2117 4693 Albineurguci, l'ami, as-tu fait cela.
471 4642 763 4771 An!
467 4697 2739 4895 Mionette et Flivette se précipitant vers Guillaume
2969 4837 3502 5012 Paris, nous
2385 4887 2712 5000 Propri
1654 4887 2171 5078 Qu'as tu?
467 4884 1592 5078 Qu'est ce qui s'est passé
455 4989 817 5210 Scévolg.
