3944 5336
532 318 730 539 lbin
508 373 3520 652 dans il me semble, Emile, que vous pour iez aussi en faire, des vers
144 590 404 749 e e ou le
516 625 1882 803 seulement vous le vouliez?
571 741 893 823 raconte
136 722 411 858 am̄dIA
508 803 788 955 Duc
159 854 415 978 1st.
505 862 900 1079 ourquoi?
691 869 2111 1091 On te l'a raconte? (échange
167 928 435 1129 am e. I.
520 1032 772 1203 lbin
186 1087 408 1250 G.C.H.
508 1083 3361 1285 épuis que vous etes ici, il me semole que la vie s’élève....
233 1223 431 1378 no M
505 1242 2232 1448 t bat des ailes!...plote garce du xxx
505 1409 1250 1599 e Duc (souriant)
493 1479 1716 1708 An? La vie bat des ailes?
485 1669 920 1840 François
493 1731 2531 1917 Allez voua enfin vous aïsoir à côté de nous?
508 1840 3485 2049 Deux gentilsnommes viennent d'ontrer: ils s'assieent à une table
497 1991 3020 2193 du fond:prosper semble les interpeller grossièrement)
493 2174 788 2337 Le Duc
489 2251 3447 2457 Je ne peux pas rester maintenant ; mais je vais certainement re¬
489 2434 788 2589 venir!
862 2457 1036 2581 G.H.F.P
489 2546 1254 2725 Tiete
493 2678 2263 2845 Reste auprès de moi!
1339 2787 2294 2954 lui.Von pas bei —
481 2802 908 2969 Flipotte
485 2915 2616 3062 Emmene-moi avec toi! (elis veulent le reteni)
497 3058 2131 3198 Prosper— (redescendant la scène)
481 3089 3493 3384 C'est bien du mal pour rien, Vous n'etes pas de celles qu'il lui
493 3260 3058 3427 conviennent!C'est du fumier qu'il faut à Monseigneur!
493 3412 1929 3598 Le Duc.
493 3540 3575 3710 Je reviens surement! Quand ce ne serait que pour entendre Didier.'
493 3660 893 3854 François
493 3765 3606 4002 Figurez-vous qu'en arrivant nous l'avons justement vu,qui s'éloig-
497 3920 1494 4114 nait avec Léocadie.
493 4044 1587 4200 Le Duc comme Alexandre
493 4137 2461 4374 Tienst - Il l’a épousée; le saviez vous?
493 4289 2205 4421 Francois là la plus belle façon de
493 4355 2903 4630 Vraiment?... Qu'est ce que vont dire les autres?
1211 4522 1960 4739 vand que nous con¬
485 4537 1079 4708 Albinest plus
493 4665 1118 4821 Quels autres?
1226 4665 1844 4929 Ras d'importe
493 4743 1180 4945 Francois xxx
493 4817 3423 5112 Il faut vous dire qu'on l'aime à Ta ronde, la belle Léocadie.!
