4088 5288
742 327 3590 492 Des boniments!! An cà,es tu sourd? On tire en ce moment ; et
750 473 3617 619 nos braves soldats sont de la fête ; ils ont voué la même hain
753 611 3709 742 que nous à la geôle infâme!Ils savent que dans ses murs leux s
738 723 3548 888 frères et leurs pères croupissent, les fers aux pieds! Mais
742 842 3832 984 leurs armes ne seraient pas partis,si nos... boniments n'avaient
761 996 3494 1165 pas porté! Mon cher prosper, c'est l'esprit qui dirige la
742 1115 2833 1253 force. Tiens(à Lebret) où sont les imprimés?
1699 1222 2030 1403 on n'a
2867 1192 3040 1376 me
753 1230 1065 1388 Lebret
746 1372 2925 1522 Les voici (il sort des brochures de sa poche )
1488 1495 2606 1653 chante la? Se moque--t--il
765 1484 1153 1649 Grasset
742 1614 3529 1772 Voici les dernières brochures qu'on a distribuées au Palais
753 1749 3452 1903 Royal. En voici une de mon ami Cerutti "Memoire au Peuple
750 1880 3671 2045 Français " ; en voici une autre de Desmoulins, qui parle mieux
746 1976 2287 2156 qu’il n’écrit."La France libre”.
726 2122 1111 2276 Prosper
742 2176 3778 2456 Et la tienne dont tu parles jour et nuit,quand paraitra-t-elle?
746 2368 1111 2529 Grasset
730 2429 3686 2702 Elle n'est plus necessaire; l'heure d'agir est arrivée Pleuts
742 2625 3479 2864 qui reste aujourd'hui entre ses quatre murs!) La place d'un
719 2752 1799 2975 homme est dans la rue.
715 2871 1103 3067 Lebret
726 3002 1322 3179 Bravo!Bravot
726 3133 1111 3340 Grasset
719 3171 3582 3494 Ils ont expédié à Toulon le maire ad patres ; à Brignolles ils
711 3394 3582 3609 ont mis à sac une douzaine de maisons ; nous autres Parisiens
707 3506 3536 3705 nous restons les indolents que nous avons toujours été :tout
696 3644 3525 3913 nous semble aller pour le mieux dans le meilleur des mondes.
703 3759 1095 3936 Prosper
707 3898 1949 4117 On ne peut plus dire cela!
2456 3948 2698 4159 re se
2802 3951 3579 4205 pas un sol de ma
696 3940 2422 4213 Lebret (qui n'a pas cessé de boire)
692 4182 2056 4324 En avant,citoyens,en avant!
696 4270 1072 4490 Grasset
684 4436 2940 4605 En avant! Ferme ta boutique et viens avec nous.
661 4524 1088 4728 prosper
1707 4597 3359 4843 strange! Il vient ici des gens pour
669 4559 1887 4812 Je serai là au bon moment
1960 4770 2894 4978 ment d'autres, qui le
1234 4801 1541 4935 3.....
657 4762 1030 4947 Grasset
657 4901 1753 5097 Le danger passé! outent
1880 4874 2179 5101 le paart
