3912 5368
469 338 3057 554 he nous a pas lâché pour cela! Il s'amuse comme avant!
142 265 377 508 JUOJ
461 511 854 681 Scévola
461 531 3111 811 An! parlez-m'en! Il a la gaite des gens qu'on va pendre.
1161 750 1507 919 Beévoie.
458 761 846 927 Prosper
458 881 2007 1030 Le verrons nous,ce beau jour là?
461 1015 857 1177 Scévola
469 1130 3514 1277 En attenlant,verse nous de quoi boire ; je ne me sens pas du tout
458 1246 1500 1415 en train aujourd'hui.
442 1400 861 1557 Prosper
461 1426 3510 1696 C'est souvent ton cas,mon cher! Je dois te dire qu'hier tu as été
458 1650 1407 1807 au-dessous de tout
1011 1757 1400 1930 mon rôle.
465 1773 881 1934 Scévola
458 1876 1803 2030 Dowwets Pourrai -je savoir?
484 2030 869 2207 Prosper
458 2165 3234 2307 Ton histoire de cambriolage a été tout simplement grotesque
1242 2272 1765 2442 conscience.
458 2276 873 2453 Scévola
1776 2369 2311 2565 moi en face
473 2403 969 2568 Cratesque?
2822 2488 3245 2692 l’air de
1500 2530 2138 2672 rent? Est ce
458 2538 873 2703 Pje sper
473 2622 3376 2830 Mais oui; et pas vraisemblable pour deux sous I D'abord on ne
458 2772 3314 2968 rugit pas comme tu le fais pour des histoires de cambriolage!
454 2922 884 3076 Scévola
473 3041 1553 3218 Mais je n'ai pas rugi!
519 3157 850 3334 Prosper
469 3284 3522 3437 Tu rugis à l'état naturel! Il va falloir décidément qu'on
461 3437 3303 3610 fasse des répétitions ; il est impossible de compter sur vos
473 3534 2046 3703 improvisations! à part Didier....
458 3680 884 3849 Scévola
473 3830 3384 3964 Didier, toujours Didier! Didier n'est qu'un cabotin!Mon cam-
473 3933 3564 4103 briolage nier était rudement soigné,au contraire et ce n'est pas
458 4049 3357 4203 Didier qui leur servira jamais quelque chose de pareil! Si je
469 4187 3510 4364 ne te conviens plus, faut le dire, j'aurai tout de suite un enga-
461 4322 3418 4479 gement dans un théatre, dand un vrai, et non plus dans une ba-
461 4441 3476 4610 raque...... (il aperçoit Legrain) tiens!.. qu'est ce que c'est
473 4576 3341 4749 que cet oiseau là?II n'est pas de la troupe! Tu en as engagé
458 4683 1876 4849 un nouveau? Drôle de gueule?!
446 4810 831 4972 Prosper
458 4852 3368 5106 Soit tranquille fCà n'est pas un cabotin, celui là 1 c'est un
450 5052 1488 5237 meurtrier authentique
