3944 5384
2088 265 2270 376 V. U.S.
123 411 423 585 Gesagt
2816 364 3057 609 le pr
1179 435 1436 597 ongez
115 546 419 732 am
498 585 878 755 Prosper
486 597 3425 858 Ce n'est qu'une boîte ou l'on s'amuse,Monsieur le Commissaire,
123 680 415 842 mevoir
490 838 1111 1005 rien de plus!
486 957 1183 1131 le commissaire
498 1048 3362 1274 Laissez moi finir : en prétend que depuis quelques semaines ce
502 1214 2381 1396 local est le théatre d'orgies effrenées.
490 1361 870 1499 Prosper
486 1317 3449 1582 On vous a mal renseigné, Monsieur le Commissaire.On se borne à
522 1594 2096 1752 quelques facéties bien innocentes.
502 1705 1186 1883 Le Commissaire
502 1748 3453 2009 C'est toujours ainsi que débute la soirée,je le sais!.Mais si
522 1950 3429 2140 j'en crois le rapport qui m'a été donné,on la termine de tout
522 2057 2820 2286 autre maniere!Vous fûtes comédien,n'est ce pas?
510 2254 866 2401 Prosper
510 2318 3401 2488 Directeur,Monsieur le Commissaire, directeur d'une excellente
534 2428 3591 2610 troupe qui donnait en dernier lieu ses représentations à St.Denis.
522 2591 1198 2772 Le Commissaire
530 2685 3069 2875 Peu importe! Vous avez fait ensuite un petit héritage?
1179 2836 1950 3026 Une bagale de
514 2875 882 3010 Prosper
522 2966 3706 3148 Digne à peine de rester dans mon souvenir, Monsieur le Commissaire
522 3117 1214 3259 Le Commissaire
526 3231 1914 3401 Votre troupe s'est dissoute?
534 3374 925 3508 Proeper
1317 3358 1538 3528 toral
526 3476 1440 3623 Mon héritage aussi.
534 3591 1689 3765 Le Commissaire (souriant)
538 3611 3583 3876 Fort bien! (échange je sourirs; tout à coup sérieux)Vous vous êtes
546 3856 1811 4022 établi ensuite cabaretier?
546 4002 906 4149 Persper.
969 3979 1194 4133 le Co
2484 3904 3045 4149 me défendre
534 4117 3563 4295 Hélas, oui! Ce fut la misère.
526 4212 3211 4370 Le Commissaire.Vous vous convaincrez facilement qu'il ne
510 4303 3595 4544 Et c'est alors que vous avez mis à exécution un projet dont l'ori¬
534 4481 2084 4635 ginalité n'échappe à personne!
2444 4493 3310 4702 qui attendraient que
526 4604 2037 4778 Prosper'une révolution. Ici l'on
2080 4544 2895 4825 joue du théatre...
2970 4635 3504 4821 iet rien d’au
91 4706 305 4813 II
546 4726 2460 4904 Vous me flattez, Monsieur le Commissaire.
91 4801 305 4967 Ttov
534 4845 3010 4995 Le Commissaire que j'accepte d'assister comme invité
83 4936 308 5134 Leup
522 4869 3469 5145 Vous avez de nouveau rassemble votre troupe et vous lui faites
538 5114 2986 5225 jouer ici une comédie peu banale,mais très suspecte
