3864 5400
825 371 1559 550 blement comme qa
407 510 1519 682 Legrain
403 550 3286 774 Je vous assure, que la mienne m'a suffi ; je veux redevenir un
403 726 2476 957 honnête homme et l'on m'a adressé à vous!
403 873 782 1057 Prosper
423 989 889 1172 Qui ça, on?
2859 953 3445 1136 ore question
423 1136 813 1296 Legrain
3130 1109 3489 1256 appétit
1404 1132 1635 1308 avec
415 1109 3565 1408 Un garçon très gentil, qui a été mon compagnon de cellule ces trois
989 1336 1168 1420 G.C.F.P.
427 1380 3322 1563 derniers jours. Il s’apelle Gaston.. et vous le connaissez.
415 1535 837 1671 Prosper
439 1579 3429 1798 Gaston!! An! C'est ça qu'on ne l'a pas revu dépuis trois jours ;
435 1743 3473 1890 celui qui me figure le mieux les voleurs à la tire ; il en connait
443 1850 2999 2046 des histoires là-dessus 1... on s'en tirebouchonne.
419 2034 817 2189 Legrain
925 2042 1116 2177 G.C.F.P
427 2054 2528 2321 Seulement,cette fois, il s'est fait pince###!
427 2289 833 2440 Prosper
427 2325 1934 2572 Comment? Il a réellement volé?!
419 2540 821 2676 Legrain
443 2604 3342 2835 Comme je vous le dis ;même que ça devait etre pour la prémière
439 2791 3214 2935 fois,car il s'y est rudement mal pris! (confidentielement)
431 2887 3310 3042 figurez vous que tout seul en plein boulevard de la Madeleine
439 3011 3465 3194 il fourre bêtement la main dans la poche d'une dame! Coup d'ama¬
443 3166 3477 3322 teur! — j'ai confiance en vous,citoyen prosper, en je peux vous
431 3294 3346 3437 avouer que j'ai fait ça dans le temps,mais jamais tout seul ;
427 3421 3513 3573 mon cher père était toujours de la partie pour refiler le morceau!
427 3533 3633 3732 J'étais encore un enfant ; nous demeurions tous ensemble ; et majeurs
439 3692 1671 3844 tante vivait encore......
415 3804 825 3988 prosper
427 3920 3174 4099 Mais ne pleurnichez pas comme cela! C'est de mauvais goût
427 4067 2137 4223 Vous n'aviez qu'à ne pas la tuer
2173 4075 2424 4243 schritt
1348 4155 1507 4239 sib.
427 4195 837 4342 Legrain
419 4251 3346 4470 Helas! C'est fait! Mais pour revenir à notre affaire :engagez
403 4438 3469 4626 moi! Je ferai le contraire de Gaston! Il jouait les halfaiteurs ;
431 4550 3429 4729 il l'est devenu,lui même ; tandis que moi..... d'enfer dans la
407 4713 3501 4857 Prosper-devant la Bastille en particulier ils hurlent tous comme
415 4837 3250 4960 Je veux bien essayer ; vous avez le physique de l’emploi. au
395 4889 3330 5104 moment voulu vous n'aurez quà raconter votre histoire de tante
439 5084 2472 5220 En voilà une affaire! Voici des mois qu'on
2863 5064 3066 5216 not
