3896 5336
599 306 3557 474 Je n'ai pas besoin de me soucier d'elle! Elle n'en mourra pas
592 443 3334 599 core. Celui-ci ou celui-là, qu'est ce çà peut
309 501 494 646 Durchlaucht
603 533 3545 733 s filles? Mille autres gentilshommes tournent dans Paris autour
588 733 3600 905 elle.... Que ce soit celui-ci que ce voit celai-là..... ha, ha!
599 874 936 1019 1thasar
294 885 482 1050 1
576 964 3146 1148 insi soit-il de tous ceux qui nous volent nos femmes!
282 1022 490 1183 rechtb.
580 1105 1931 1261 dévola monde ne pourrait pas eu
294 1156 462 1324 shv.
568 1214 2542 1399 nous volent tout ce qui nous appartient
552 1355 1833 1543 Commissaire(à prosper)
564 1457 2151 1657 me sont là des propos séditieux...
2382 1622 2586 1763 G.H.F.P.
552 1626 2155 1798 lbinder lächer.pour me revenir, le
576 1759 2993 1900 est effrayant... ces gens là parlent sérieusement
286 1826 466 1978 et M
556 1884 909 2049 cévela
243 1959 454 2100 it.
556 1998 3561 2186 A bas les accapareurs.! Je parierais que celui qu'il a pincé avec
545 2151 3541 2300 sa femme était encore un de ces chiens maudits qui nous retirent
278 2213 454 2354 et de la
552 2260 1516 2433 peu de la bouche.
533 2366 2076 2570 Albin###es souffert!...Cue de toi
533 2539 2186 2691 Nous ferions mieux de nous en aller
533 2656 1293 2825 a Marquise
521 2801 1665 2954 Didier, Didier!
517 2926 1661 3075 où Le Marquis xxx
521 3060 1716 3216 mais,mådame......
521 3165 1916 3338 La Marquise    Nous revions de
513 3306 3659 3487 Je vous en prie marquis, demandez lui comment il a pincé sa femme.
525 3428 2253 3604 sans cela je le lui demande moi-même.
509 3553 1904 3706 le Marquis (après nésitation)
521 3624 3447 3843 Dites nous, Didier, comment vous avez réussi à les surprendre?
529 3808 2390 3961 Didier (appes avoir longuement reflechi)
505 3894 3585 4109 La connaissez vous,ma femme? C'est la plus belle et la plus basse
509 4047 3545 4227 créature sous le soleil VEt je l'ai aimée! Voilà sept années que
498 4172 3459 4348 nous nous étraignions.... mais elle n'est ma femme que dépuis
486 4297 3635 4482 Hier (Hé bien) Pendant ces sept années il n'est pas un jour pas un
478 4450 3557 4623 même un jour, qu'elle ne n'ait menti! car tout en elle ment et
121 4521 321 4677 them.
466 4595 3400 4725 et ment encore! ses yeux, mensonge!ses lèvres,
63 4654 321 4799 1300
486 4697 3099 4834 mensonget Mensonges ses' puisers, mensonge son sourire!
1250 4830 2578 4967 lui, si je ne me trompe, the
729 4826 1058 4971 seis.
1124 4920 1289 5136 tro
466 4936 944 5073 C'est un
