3880 5384
411 287 586 419 14
408 248 3528 555 tout simplement comme ça s’est passé ; il y aura toujours bien qud-
419 497 2177 679 qu'un pour en redemander! (interroge
1549 609 1898 811 sait de
411 644 1289 811 Legrain
419 780 3004 928 Je vous remercie citoyen prosper, ; pour les gages.....
439 912 1917 1071 Prosperas nous  ce beau jour lui
439 1013 3474 1180 Aujourd'hui c'est votre début; il n'est donc pas encore question
442 1153 3516 1277 de gages.Vous allez avoir de quoi boinget manger à votre appétit
431 1238 3284 1401 ... et n'y regarderai pas à quarante sous pres pour le gîte!
415 1417 831 1587 Legrain
450 1432 3478 1719 Merci bien - et vous allez me présenter à vos autres pensionnaires-
431 1669 1929 1847 res comme comédien de province?
462 1797 842 1968 Prosper
419 1882 3392 2057 Mais non!... nous allons leur dire carrément que vous êtes un
431 2061 2635 2216 assassin authentique. Ils aimeront mieux cela.
2538 2158 2694 2313 ment
1618 2181 2076 2309 ge a été to
431 2185 858 2344 Legrain
450 2294 3419 2453 Pardon, cen'est pas que je voudrais m'en éxcuser,pourtant...
454 2453 2317 2600 Je ne comprends pas très bien pourquoi?
446 2569 815 2744 Presper
454 2647 3478 2822 Si vous aviez fait déjà quelques années de théatre, vous auriez
2666 2806 2853 2973 can
2232 2814 2593 2992 toires
462 2806 1537 2989 compris tout de suite!
1137 2950 1564 3113 Scène V.
431 3089 1595 3241 Les mêmes, Scevola, Jules
442 3190 1917 3334 Bonsoir,Monsieur le Directeur
431 3322 1925 3474 Prosper(m'content)
2146 3284 2678 3470 va falloir
431 3478 3450 3613 Cabaretier,patron,mais jamais directeur!! Compien de fois vous
439 3579 3547 3718 ai-je répété que la farce n'existe plus si vous m'appelez "diree¬
450 3718 776 3870 teur“!
1832 3776 3338 3959 et n'est qu'un cabotin!Mon cam-
446 3846 866 3998 Scévola_
442 3947 3547 4118 Directeur ou cabaretier,tu peux etre certain d'une chose.. c'est
450 4110 3295 4258 qu'il va etre impossible de jouer de soir!
1894 4207 3462 4382 e, j'aurai tout de suite un enga-
1176 4211 1727 4359 dus,faut le
908 4219 1129 4343 tens
442 4211 877 4409 Prosper
442 4328 3388 4494 Et pourquoi? Cheatre, dans un vrai, et non plus dans une ba¬
920 4475 3443 4642 il aperccit Legrain) tiens... qu'est ce que c'est
450 4471 807 4661 Soévola
431 4619 3478 4793 Paris n'est pas à la rigolade! On fait un bruit d'enfer dans la
439 4723 3528 4859 rue; et devant la Bastille en particulier ils hurlent tous comme
408 4840 1102 5011 des possédés
419 4859 3318 5135 Pröspernquille (Ca n'est pas un cabotin, celui là 1 d'est un
415 5053 3462 5240 En voilà une affaire! Voici des mois qu'on hurle et notre public
