4104 5288
737 298 1119 516 Prosper
741 478 3583 626 Mon cher, j'aime la liberté aussi bien que toi,mais j'exerce
726 592 1834 787 avant tout mon métier
741 730 1131 894 Grasset
741 817 3583 1020 Il n'y a plus qu'un seul métier, qui soit digne d'un citoyen
741 989 2640 1184 de Paris:celui de delivrer ses frères.
2873 982 3388 1173 discours!
741 1112 1112 1276 Prosper
741 1215 3106 1410 C'est entendu,quand on n'a rien d'autre à faire.
749 1356 1108 1528 Lebret
753 1440 3488 1643 Qu'est ce qu'il chante là? Se moque-t-il de nous?
726 1616 3767 1788 Prosper. xxx xxx
741 1738 3702 1910 Je ne me le permetterais pas!... Mais tâchez donc de sortir...
730 1891 3797 2021 Ma représentation va bientot commencer; et?... je n'ai pas besoin
737 2002 1364 2174 de vous ici.
1559 2009 1734 2177 des
3159 2036 3614 2254 se dresser
730 2120 1070 2273 Lebret
1196 2139 1681 2288 cheveux su
1765 2154 2204 2303 toutes le
2934 2158 3763 2365 vantent d’assassi-
737 2174 2640 2433 Quelle représenation? Est ce un théatre?
1734 2338 2036 2441 mais co
2510 2326 3721 2498 et le public qui fréquente
718 2372 1566 2552 Prosper(à Lebret)
1635 2410 2151 2559 la sensatie
730 2437 3698 2643 Oui, c'est un théatre ; votre ami en était il y a encore-à peine
932 2575 1406 2689 G.C.F.S
1390 2598 3560 2727 Milieu des escarpes,les plus réputes de Paris
726 2628 1402 2796 15 jours
1165 2666 2345 2834 s,escroos, siruneurs... et
2380 2682 2674 2880 alors
707 2758 1620 2907 Lebret (à Grosset)
737 2819 3648 3045 Comment,Grasset? Tu aurais joué ici? Tu permets à ce drôle de
726 2995 1303 3178 t’insulter?
714 3148 1119 3293 Grasset
1215 3144 2032 3297 plus élégant de
714 3186 3530 3430 Ne t'emportes pas!C'est vrai! J'ai joué ici... c'est que ça
714 3362 3770 3549 n'est pas une maison ordinaire ; c'est comme qui dirait un cabaret
718 3476 2204 3709 d'assassins... Allons nous en!
703 3637 1146 3809 Prosper
714 3686 1876 3946 L'écot,s'il vous plait!
691 3854 1077 4049 Lebret
1123 3916 1314 4057 100
718 3927 3602 4244 Si nous sommes ici dans un bouge, je ne sors pas un sol de ma
711 4087 1039 4301 poche.
1115 4191 3644 4389 que chose qui les amuse ; voilà qui revaille en eux
768 4282 1559 4454 prosper(à Grasset)
1669 4343 3633 4538 c'est ici, Lebret, que j'ai tenu mon premier
691 4401 2067 4592 Explique lui donc la chose.
1639 4462 3522 4622 bien entendu, c'est ici que j'ai senti
699 4527 1100 4695 Grasset
1146 4569 2200 4729 moi la haine de ses
684 4622 3648 4809 C'est un endroit bien étrange! Il vient ici des gens pour jouer
1364 4744 1895 4844 bierles parm
2544 4783 2701 4855 un!
699 4786 3644 4939 les criminels.... il en vient d'autres qui le sont réellement
2945 4913 3633 5023 eureux, mon bon
695 4916 1814 5092 et qui ne s'en doutent
1891 4874 2235 5107 e pas!
2296 4962 2968 5134 endroit, ou 20
