3912 5336
497 258 3254 505 us aurons nos enfants, tu seras une bonne mère,Léocadie,et
125 344 309 477 Balso
501 438 3035 610 gépuse fidele! et tout, tout le passé sera éffacé!...
141 442 317 614 ub
493 587 1256 763 silence)
1201 684 3591 896 fini ta soene à ton théatre tu reviendras ici assi¬
497 727 872 892 ocadie
489 817 3504 1005 se fait tard, Didier il faut que je coure au théarte.Au revoir
469 950 3446 1138 osper i Je suis contente de l'avoir vu enfin,ton fameux cabaret
469 1080 2065 1267 Didior triomphe tous les soirs!
454 1224 806 1392 prosper
469 1349 1999 1510 ourquoi n'etais tu jamais venue?
465 1478 896 1651 éocadie
939 1478 2069 1651 sana didier et leccalie
442 1521 3415 1803 vidier n'a jamais voulu... na... à cause de la jeunesse qui vient
462 1729 876 1893 oi...!
450 1784 3520 2022 Dier (s'éloignant vers le fond) Donne moi à boire, Scévola. (il-vife
442 1991 1166 2143 an gebelet)
434 2081 3332 2280 Prosper (à part à Léocadie) Si tu n'avais jamais fréquenté que
450 2245 2519 2409 cette jeunesse-là! Guel imbécile,ton Didier.
434 2351 1459 2511 éocadie (froissée)
442 2491 1846 2652 Du'est ce qua cela signifie?
442 2617 782 2785 Presper
876 2636 2957 2750 pas la petite leocadie de l'Opera,qui vient
3195 2624 3430 2773 ertir
430 2757 3485 2902 Cela signifie, petite gueuse, que je te conseille de veiller à ta
442 2871 1130 3051 beau avec lui!
426 2988 1924 3164 Léocadie, en voila un
415 3117 1956 3285 Eh bien! Qu’est ce qu’il y a?
2820 3149 3012 3293 en.
419 3235 943 3422 Prosper
426 3375 3160 3544 Hier encore on it 't vue avec un de tes amants!
419 3508 817 3669 Léocadie
430 3630 2922 3825 Vieille bête! Ca n'etait pas un amant! C'était.....
419 3747 2687 3888 Didier (se retournant brusquement)
430 3884 3461 4025 qu'est ce que vous vous dites? Fini de rire,s'il vous plait! On ne
426 3986 3379 4197 chuchote plus ; il n'y aplus rien de secret.Elle est ma femme--
426 4150 3567 4314 Prosnerate tranquille! Je t'ai pourtant explique comment les choses
430 4263 2902 4404 Que lui as tu donné comme cadeau de noce?
419 4373 810 4541 Léocadie
411 4400 3469 4737 Ah!C'est bien de dernier de ses soucis, I vous sontenterez de
395 4627 1271 4807 Didler de la Seine
407 4678 2437 4928 Tienst Tu l'avoir encore aujourd'hui même!
395 4901 2096 5026 Léocadie d'or!... Pour aujourd'au.
2656 4811 3673 5092 einweis xxx tenir.
415 5010 2003 5155 Qu'est de que ça va stre? meilleur
