4072 5288
750 221 1450 380 prosper hésite
727 285 3558 506 Grassetiments!! An cà,es tu sourd70n tire en ce moment ; et
719 438 3603 609 Voyons, montre lui que as de l'argent! La fait vous la même haie
719 567 3672 750 Lebret (sort sa bourse) äme iIls savent que dans ses murs leux
715 712 3531 871 Presper t leurs peres creupissent,les fers aux pieds! Mais
712 841 3771 1043 Ma foi, je vais voir..... (il met une chantepleure à l'un deaient
712 997 3470 1149 ses futs et remplit deux verres) D'ou viens-tu,Grasset? Du
708 1122 2800 1259 Palais Royal? Labret) od sont les imprimés?
727 1229 1077 1393 Grasset
727 1381 3463 1530 Oui, je viens d'y papler au peuple. Qui, mon cher,c'est bien
708 1499 2998 1648 mon tour. Sais tu,après qui j'ai pris la parole?
719 1610 3493 1788 Prosperes dernières brochures qu'on a distribues au Palais
719 1739 3421 1876 Apres qui? voici une de mon ami Cerutti "Memoire au Peuple
1191 1876 3638 2039 peu voici une autre de Desmoulins,qui parle mieux
708 1857 1111 2036 Grasset
719 2001 3558 2123 Après Camille Desmoulins. J'ai osé parler apres Camille De¬
712 2116 3314 2264 moulins. Et dis moi, Lebret, qui a eu le plus de succès?
708 2249 2020 2416 bebret. xxx xxx tú parles
2431 2253 3520 2462 nuit, quand paraîtra-t-
3581 2207 3820 2469 220?
727 2390 1762 2527 Toi.. indubitablement.
727 2488 1998 2664 Grasset.
2234 2435 3607 2694 dre d’agir est arrivée Pleute
704 2622 2180 2808 N'ai je pas fait bonne figure?
2230 2652 3455 2854 quatre murs! La place d'un
696 2751 1769 2934 lebret
700 2865 1533 3052 Tu a été superbe!
696 3010 1073 3154 Grasset
1115 3002 1275 3158 no 1
727 3109 3577 3272 Entends-tu,prosper? Je suis monté sur la table.. et je ressem-
3592 3192 3881 3341 & at
791 3257 3565 3402 lais à un monument sur une place publique ; et mille
2481 3345 2717 3417 peut-être
708 3360 3558 3523 personnes,cinq mille dix mille, se sont massees autour de moi
1549 3463 1910 3542 douzain
2062 3466 2694 3554 maisons ; nous
2808 3463 3017 3569 Rutr
731 3482 3561 3638 ,comme un instant auparavant autour de Camille Desmoulins...
1301 3584 1823 3664 les indolen
2188 3600 3504 3737 tous avons toujours été iteur
696 3584 2131 3797 et j'ai été acclamé comme lui.
1621 3691 3520 3870 pour le mieux dans le meilleur des mondes.
704 3759 1005 3885 Lebret
696 3832 2884 4049 Les acclamations étaient plus fortes pour toi!
1336 3953 1906 4083 dire cela
700 3957 1058 4125 Grasset
696 4003 3535 4258 Oui, pas sensiblement... mais tout de même un peu... Et c'est
845 4212 1054 4296 avant
700 4197 3695 4406 par ce qu’ils ont tous repondu à mon appel qu'ils se Nuent main
700 4326 3592 4509 tenant vers la Bastille. Je te jure que nous l'auross avant le
1594 4478 2896 4631 mutique et viens avec nous.
696 4448 1632 4615 coucher du soleil.!
890 4581 1054 4737 ber.
666 4600 3200 4905 Hum! Les boniments n'ont jamais fait tomber les murs.
654 4817 1043 4966 Grasset
658 4889 1431 5091 Le danger passé!
