3736 5240
1402 198 1714 385 — 73 -
624 319 3319 503 Pourquoi n'êtes-vous pas allé avec eux, Directeur? Nous
209 308 452 543 WAHIL
606 481 2019 698 aurions été plus tranquilles.
624 639 3363 808 Oui, malheureusement j'ai beaucoup à faire ici, comme vous
99 609 349 892 LIGNER:
613 793 3400 1032 avez déjà pu le remarquer, madame. Et comme je ne puis pas
598 944 3367 1134 aller plus loin que Hofbranchütte, je préfère ne pas aller
613 1109 1373 1296 même jusque là.
617 1223 3403 1432 C'est très subtil. Mais dites-moi, Directeur, il me semble
631 1454 3392 1645 que c'est de ce refuge qu'on va à votre Tour? Je veux dire
613 1575 1454 1773 à la Tour Aigner.
613 1711 3546 1931 Oui. Elle a été mienne une fois! Maintenant elle ne m'appar-
613 1891 2856 2078 tient plus....  A d'autres non plus, je crois.
613 2082 3557 2258 Ce doit être une singulière senaation, de poser pour la premiè-
103 2096 275 2265 of the
617 2236 3458 2416 re fois le pied sur un pic que personne n'a encore escaladé,
613 2401 3539 2566 et que soi-même on ne peut plus...... On pourrait risquer une
617 2555 3568 2709 comparaison.... que je préfère ne pas faire. Je suis persuadé
609 2687 3517 2849 aussi que vous vous imaginez, ne plus pouvoir monter là haut.
613 2886 3297 3014 J'ai mon idée sur vous, Directeur. Je vous crois un peu
613 3003 1351 3198 neuraathénique.
617 3146 3367 3304 Si nous laissions ce sujet de conversation. Monsieur Rhon.
110 3139 389 3356 HÏGNER
492 3293 1792 3491 (elle étouffe un petit ori)
117 3330 455 3517 Pieter médecinistés
617 3458 1648 3668 Qu'avez-vous madame?
99 3502 290 3682 RHON
631 3609 2247 3803 Ils doivent être à la Tour Aigner.
110 3660 466 3836 Imme WAHL
110 3763 1336 3965 HON (aussi un peu effrayé)
1366 3855 2915 4031 Comment en avez-vous eu l'idée?
613 4053 3425 4215 C'est évident. Sans cela ils seraient déjà de retour. Ils
114 4038 466 4237 Käme WaHl.
617 4196 3418 4358 ont même pris un guide. Il n'y a pas de doute, Monsieur le
617 4317 3381 4538 Directeur, si vous êtes dans le complot, avouez-le tout de
617 4516 940 4692 suite.
595 4674 2838 4831 Je puis vous jurer que je n'en savais rien....
117 4666 367 4861 IGNER
613 4809 1604 4993 Il y a un guide ici.
117 4839 297 5063 HON
