4152 5432
1171 325 1546 557 13:4:7 1:5:
1814 325 2074 565 -31-
2689 334 2916 626 1/1
761 525 2103 716 chose de raisonnable de toi.
500 639 3632 858 FREDERIC. - Je ne sais pas si cela peut passer pour quelque chose de
748 781 3689 980 particulièrement raisonnable.. ah. Dieu, Mauer, que la vie est
740 952 3726 1159 une organization compliquée!... Mais interessante... très inter¬
773 1151 1232 1310 ressance!
862 1289 3600 1505 Que voulais-tu dire tout à l'heure par l'accroissement des
492 1237 801 1493 MAUER.
752 1444 1891 1647 chances d'apparitions?
484 1578 3758 1790 FREDERIC.- Ah oui.- Eh bien, quelle raison penses-tu attribuer au sui-
752 1733 3575 1940 cide de Korsakow? - Devines un peu!! - Un amour malheureux -
773 1895 3815 2099 pour ma femme. Hein, qu'en dis-tu!! Un amour malheureux!... c'est
765 2062 3673 2262 comme ça... Il a laissé une lettre qu'elle m'a donné à lire...
765 2241 3767 2424 une lettre bien remarquable... et pas mal écrite du tout... pour
761 2412 1224 2554 us Russe!
854 2469 3726 2713 (vient avec son chapeau. On entend de nouveau la musique plus
492 2518 797 2803 GENIA.
1171 2648 1887 2819 distinctement).
1944 2664 3685 2868 e voilà. Eh bien, je peux maintenant
765 2835 3588 3014 vous le dire, cher docteur: c'est seulement pour vous que je
765 2981 3498 3217 laisse notre bon dîner sur la table. Erna est au casino...
805 3124 3710 3315 Ah. Erna!! (A Mauer) Oui, c'était ça. Allons, mon petit Mauer,
492 3055 769 3413 BRA...
769 3295 3681 3514 tiens-toi bien. Je te la souhaite. Bien qu'elle me considère,
748 3457 3685 3653 il parait, comme un appe sans coeur et ne croit pas possible
765 3649 1977 3819 que la mort d'un ami....
1188 3750 3421 3933 (Ils sortent du jardin et s'en vont par la rue)
1916 3921 2286 4116 RIDEAU
