3880 5240
1688 229 1964 408 97 —
485 283 3540 605 à un milimètre près. Maintenant ça va. Alors on tire une tangente
485 516 3408 683 le long du cerole exterieur, une seconde, verticale à celle-ci
466 695 3396 850 le long du cercle moyen, une troisième parallèle à la première
462 800 3528 1001 le long du cerole intérieur. On a formé ainsi des segments. Main-
481 951 2787 1153 tenant on place dans le segment extérieur,à l'est
2794 1052 3474 1215 il prend dans
862 1106 3419 1320 (sa poche une boussole, et aux autres qui rient de nou-
850 1246 1184 1413 (veau).
1188 1269 3400 1518 Je l'ai toujours avec moi. Je ne comprends pas
481 1378 3462 1673 comment un homme sérieux peut sortir sans boussole. Alors, voilà
462 1580 3388 1739 l'Est. Dans ce segment arrive une petite portue... dans celui
462 1750 3295 1945 de l'ouest, un scorpion, à qui on a enlevé naturellement son
474 1925 3252 2108 aiguillon... Mais que prendronsènous en Europe au lieu d'un
474 2080 2674 2267 scorpion? (Le petit garçon commence à pleurer).
194 2274 3307 2422 ADÈLE.- Maintenant, finissez Gustave! Miss.. will you - Ah quoi!...
885 2364 1991 2597 (elle laisse l'anglais).
2003 2445 3299 2597 Je vous en prie miss, allez
466 2589 3450 2756 avec les enfants sur la pelouse, il y a de la place pour jouer..
462 2740 1071 2942 (Aux enfants)
1063 2818 3458 3047 Et là personne ne vous racontera plus ces affreuses
454 2992 2309 3221 histoires de scorpions et de tangentes.
893 3163 2597 3365 (La miss s'éloigne avec les enfants)
873 3338 3373 3474 (Demeter Stanzides s'est assis sur le petit banc près
873 3423 3225 3540 de l'entrée et pris un journal qui se trouvait là.
1087 3493 3416 3625 distribution de gauche à droite: STANZIDES à gau-
881 3586 3447 3718 che sur le banc. Pas loin de lui Mme Wahl et Otto. Puis
881 3660 3485 3870 PAUL. FRNA. Tout à fait à droite: GUSTAVE. ADELE. GENIA.
175 3792 1537 4013 STANZIDES. - Booutez. scoutez!
1572 3811 1956 4021 (11 11t)
2003 3873 3396 4079 "On nous éorit de l'Hôtel Völ-
536 3959 3315 4153 ser Weiher, il y a quelques jours. Une jeune dame de Vienne
516 4134 3346 4250 Mademoiselle Erna wahl, en compagnie de deux touristes vien-
528 4203 3462 4328 nois, l'industriel Hofreiter et le médecin connu Dr Mauer, ont
462 4293 3408 4405 "fait l'ascension de la Tour Aigner, une des plus fameuses,
493 4444 2142 4603 Venez Paul, allons jouer au tennis.
171 4370 466 4615 ERNA.—
167 4537 1665 4782 PAUL.- Très volontiers (A Adèle)
1684 4619 2674 4824 Madame? Lieutenant:
1459 4739 2119 4863 tout de suite
1126 4789 2631 5003 a jouer après les repas.
175 4828 869 5011 ADELE.— Je n'a pas
