4168 5336
1607 170 1962 351 — 125 —
1516 371 2215 529 CINQUIEME ACTE
1255 695 3466 829 Chambre de la villa qui confine à la véranda du
778 797 3647 916 premier acte - Maire et menante. La grande baie vitrée qui
793 888 3462 987 conduit à la véranda est ouverte. Armoires à droite et à
793 955 3600 1082 gauche de cette baie. Au milieu une grande table recouverte
790 1026 3730 1153 d'un tapis: journaux livres.- Sièges. Sur le paneau de gauche
782 1117 3782 1228 une cheminée et devant une petite table, chaises etc,.. Tableaux
790 1208 3659 1303 aux murs; à droite une seconde porte. A gauche en avant une
801 1271 3659 1393 grande horloge. Etagère à droite de la cheminée avec livres.
703 1393 3655 1551 (vient par la droite en toilette du matin. Très pâle et agitée
308 1362 667 1607 GENIA.
742 1504 3695 1611 Elle sort sur la vérandé par la baie, revient, s'assied près de
742 1567 3667 1709 la grande table, prend un des journaux qui sont là, le fixe un
758 1697 2301 1847 instant puis regarde devant elle)
703 1796 3880 2001 (sans chapeau, enantollette claire, vient rapidement par la véranda).
312 1784 667 1978 ERNA.—
707 1982 2353 2175 (se lève, se ressaisit rapidement).
332 1990 663 2136 GENIA.
2412 1958 3707 2203 Erna?...... qu'est-ce qu'il
805 2203 1074 2345 y a?
801 2301 3541 2507 Ils ne sont pas encore de retour? Il n'y a pas ancore de
316 2325 553 2566 ERNA
801 2530 1338 2665 nouvelles?
809 2625 3801 2807 Soyez plus calme Erna. Comment y aurait-il déjà des nouvelles?
320 2609 604 2862 GENIA
801 2771 3825 2965 Avant cette après-midi - il n'y aura rien. Peut-être même avant
801 2917 3904 3134 demain matin. A cette heure il y a probablement des conversations
821 3099 1374 3284 préalables.
332 3288 1188 3482 ERNA ( la regarde)
1184 3363 3730 3541 Oui, naturellement. Excusez-moi si je vous interroge.
790 3494 3869 3683 Je sais que je n'y ai aucun droit, mais les circonstances sont si
813 3667 1776 3872 extraordonaires......
813 3813 3632 3967 Vous avez aussi bien le droit de trembler pour quelqu'un que
339 3825 616 4046 GENIA
805 3951 1259 4173 moi-même.
809 4105 3750 4319 Je ne tremble pas, madame Genia, Ce n'est pas ma manière. Je
339 4169 576 4350 ERNA
813 4283 3786 4425 voulais seulement voua demander si vous aviez déjà vu "Monsieur
809 4496 1990 4646 Hofreiter" aujourd'hui?
825 4567 3872 4796 "Monsieur Hofreiter" est parti dès hier soir en ville. Probable-
343 4611 620 4836 GENIA
809 4765 3900 4958 ment chez son avocat pour arranger diverses choses, c'est un usage
