3880 5224
1489 144 1656 326 G.C.F.P.
1578 300 1930 430 6 95 —
600 500 3574 733 Et je pressens que nous aurons encore de plus belles hæures que
159 467 407 744 ERNA
615 615 3111 881 celle que nous avons eues là haut sur la Tour Aigner.
163 759 1130 1022 FREDERIC Erna......
163 985 2356 1230 ERNA (maintenant avec le ton grave de la vérité
2333 1022 3015 1248 Je t'aimel -
930 1193 2622 1400 (Sla passent dans la salle à manger)
1889 1467 2241 1744 RIDEAU
