4168 5448
1004 395 1246 605 V.J.P.
1908 484 2150 637 -18-
774 496 3731 819 que leur nom mais rien de me leur art ou faire. Je crois que
791 795 2553 1000 cela suffirait 3 rendre un homme fou.
524 920 3768 1129 FREDERIC.- ais que dis-tu là! Tu ne l'as pas connu. Personne de vous
795 1041 3780 1275 ne l'a connu. Ambitieux, lui...?  il était bien trop
1347 1246 1638 1359 rericia.
791 1230 3659 1452 intelligent!  trop philosothe on peut dire. Le piano était en
3162 1363 3413 1452 ce qui
803 1408 3828 1581 réalité pour lui une chose secondaire. Savez-vous les choses qui
811 1557 3727 1767 l'interessaitnt. Kant, Schopenhauer et Pietzsche. 11 les con¬
819 1678 3792 1912 naissait à fond de même que Marx et Preudhon. Il était extraor¬
819 1876 3872 2045 dinaire. Je l'ai vu dans les conversation que j'avais avec lui..
819 2029 3792 2235 et avec cela six heures d'exerbies par jour! On prenait-il sau¬
867 2166 3872 2356 ment le te pas pour tout cela? Vingt sept ans! et il se tue.
843 2340 3788 2529 Grand Dieu, un être qui avait tant de choses devant lui. Jeune,
831 2493 3719 2670 célèbre et tout à fait beau en plus - et il se subcide. C'est
831 2682 3715 2864 ce que fait un vieil imbécile auquel le vie ne peut plus rien
827 2779 3844 3037 denner... mais lui... Enfin.- Et la veille au soir on est encore
831 2937 3816 3146 ensemble devant le même repas - on joue au billard...'u'y a-t-
827 3142 2186 3348 il Senia? pourquoi ris-tu?
920 3296 3743 3469 J'ai justement raconte l'histoire à mada e zahl. Elle s'est
557 3332 875 3513 GENIA.
839 3429 3812 3626 tout de suite informée de ce qu'staient devenus les eigares que
843 3610 2263 3820 tu lui avais envoyés le matin.
649 3784 2126 3993 REDERIC.- Ah!... c'est impayable
2162 3784 3763 3961 (Il tire un paquet de eigares, en
1259 3929 1928 4131 offre à Mauer)
1960 3937 3917 4143 Tiens, puisque tu n'es pas superstitieux.
851 4074 3776 4316 J'en fumerai un aussi. Franz ne les a naturelle ent rapportes.
585 4256 3296 4490 MAUER.- Merci. C'est vraiment dommage juste avant le dîner
3332 4320 3925 4542 (II le prend
573 4550 1989 4776 FREDERIC.- (lui donne du feu)
593 4667 2634 4901 FEMME DE CHAMBRÉ. - (vient avec les lettres)
581 4841 2138 5070 GEmIA.- (les lui prend des mains)
2158 4853 3126 5099 Une carte de Percy.
