4184 5432
1168 365 1447 607 1 1 1
2008 500 2234 627 -15-
824 570 3599 861 Dans ces derniers huité jours j'ai eu ansoigner de nouveau
820 832 2201 1041 trois accidents d'automobile.
557 971 2570 1234 FREDERIC.- Vraiment, comment va Stahzides?
549 1094 3795 1365 MAUER.- Très bien, avec une double facture du bras. Il faut précise-
832 1295 3816 1467 ment que je passe encore chez lui. Il est très impatient de sor¬
832 1451 3804 1680 tir; et il peut s'estimer heureux d'avoir encore sa tête sur le
844 1680 1062 1853 cou.
557 1697 3779 1967 FREDLIC.- Noi aussi, tu l'oublies. J'ai reoemment fait une plissade
848 1890 3722 2156 de 10 mètres sur la route. Bientôt les compagnies d'assurance
832 2029 3390 2279 ne voudront plus accerter aucune de mes connaissances.
562 2176 3857 2492 MAUER.- Tu n'as vraiment pas de chance avec tes amis, comme le faisait
840 2385 2890 2631 remarquer Erne zahl, il y a une demi-heure.
590 2492 2172 2795 FRIERIC.- Tiens, Erna est venue
586 2619 3795 2939 Camia.- Cui, avec sa mère. Elles sont parti s'en compagnie de l'En¬
1672 2845 1877 2943 a-t-elle dans le
853 2857 1873 3054 seigns de vairse u.
590 2967 2890 3238 REEVRIC.- Ah. Otto était là aussi 2.... (A Mauer
2951 3041 3586 3222 In 1'as vu 3
598 3287 1213 3476 MAUER.- Oui.
594 3398 2197 3623 FRETERIC.- Comment le trouves-tu
2791 3418 3119 3627 garan
742 3488 3820 3767 ER.- (un peu surpris de la question) C'est un tout à fait charmant
832 3750 1246 3910 garçon.
1385 3828 1791 3972 curieux
598 3845 3759 4082 FRELERIC. - C'est résarquible comme il rappelle son père! C' est 10
1094 4013 1389 4123 temt
902 4004 3144 4259 - en plus terne. Tu ne trouves pas?
615 4177 3697 4394 MAUER.- C'est possible.... Le Dr voulvigner n'était d'ailleurs pas
1287 4308 1664 4423 Täilleurt
898 4279 2906 4537 mon type un peu trop poseur pour mon goût.
2467 4418 2861 4562 vala tout.
783 4414 3820 4718 DERIC.- Il avait seulement du style, On confond souvent le style
881 4664 3841 4837 et l'affectation. Il y a longtemps que je l'ai vu pour la der¬
898 4767 3947 5000 nière fois. Sept ans. C'était à mozen. Te le rappelles-tu, Genia
615 4980 1627 5193 GENIA.- Certainement.
1635 5013 2090 5210 (A Mauer)
2127 4964 3086 5242 Il m'a beaucoup plu.
