4216 5352
1951 126 2211 313 - 52 -
3540 280 3735 488 1
1101 366 2081 601 peuvent-ils changer?
2073 423 3369 650 (après une courte reflexion)
3365 520 3873 744 Non, il ne
1097 569 2056 862 me semble xxx pas.
415 825 1882 1024 Mme MEINHoLE (après un silence)
1857 890 3938 1093 Est-ce que vous oubliez que c'est un homme
1118 1061 3787 1252 Que peut-on prévoir de leurs décisions... les fils aussi
1113 1215 2129 1398 deviennent des hommes
2105 1325 2832 1540 (avec amertume)
2796 1296 3926 1585 Je pense que vous denez
1109 1524 2276 1711 en savoir quelque chose.
423 1662 2073 1865 GENIA (baisse les yeux interdite).
431 1833 3698 2052 FREERIC. (parait au malcon; il met aa cravate et jette un coup d'oeil
1113 1967 2170 2150 rapide et aigu en bas
2142 2052 3966 2207 J'entends une noole voix bien connue.
1118 2142 3682 2357 J'ai immédiatement pensé... Mes hommages Ume Meinhold.
431 2312 1012 2520 Ime MEINHOUDUE
1113 2333 2430 2487 Bonsoir Monsieur Hofreiter.
1113 2450 3080 2674 Aa-tu besoin de quelque chose, Frédéric?
423 2495 695 2662 GENIA
1126 2633 3763 2845 Non, merci bien, j'ai fini, je descends, je pars tout de
423 2637 821 2820 FREDERIO
1130 2820 1447 2987 suite.
443 2926 1024 3141 Meine MEINHOLD
1130 2897 2934 3170 Oui, Mme Genia me le disait justement.
528 3117 825 3263 EDERIC
1113 3076 1890 3263 A tout à l'heure
1869 3133 3328 3344 (Il quitte le salon. silence)
1130 3308 3491 3572 Puis-je vous rappeler quelque chose Mme Meinhold?
435 3357 715 3535 CENIA
423 3462 1000 3690 Mme MEINHOUD.
1040 3462 1504 3670 (souriant)
1532 3535 3865 3759 Pourquoi me demandez-vous toujours la permission,
1101 3739 1788 3901 Madame Cenia
1118 3840 3938 4035 Vous m'en imposez Madame Meinhold. Ce que vous dites est si
435 3796 703 4064 GENIA
1113 4056 3840 4226 sûr, si évident. On a l'impression que rien ne peut vous
1101 4190 3942 4344 rester caché, rien... Et vous connaissez les hommes, oui...
1105 4336 3966 4519 Mais n'étes-vous pas un peu.... oui, n'êtes-vous peu
1113 4499 1589 4722 injuste?
455 4661 1008 4872 lme MEINHOUD
1113 4681 3747 4876 Cela peut être, madame Genia.... Mais êtres injuste est
1142 4795 2727 4998 finalement notre unique revanche;
2426 4929 3897 5104 (Regard interrogateur de Genia)
