4168 5272
1881 139 2229 367 - 134 -
367 308 587 495 FRED
928 308 3663 583 Nous avons eu un comest royal, je ne suis pas un assasein.
920 462 2093 682 Pourquoi, pourquoi......
352 488 631 667 GENIA.
367 642 572 810 FRED
920 667 3703 887 Pourquoi -? Probablement.... parce que cela m'a plu ainsi.
363 807 598 961 GENIA
913 770 3780 1071 Ce n'est pas vrai! Ne te fais pas plus terrible que tu n'es.
906 972 3791 1210 Tu ne l'as pas voulu. Cela a été un accident affreux 1.... Tu
906 1115 2951 1338 ne l'as pas voulu.... ce n'est pas vrai....
341 1217 554 1434 FRED.
895 1283 3644 1565 Des l'instant qu'il a été en face de moi, cela a êté vrai.
341 1437 598 1664 CENIA
895 1419 3769 1679 Monstre! Et tu as serré la main à sa mère. Tu ne l'as jamais
2005 1624 2335 1730 quand
884 1609 3835 1833 détesté et tu le tues toutes même. Scélerat,
334 1661 539 1936 FRED.
895 1778 3743 2013 Ce n'est pas si simple que cela. Tu ne peux pas voir en moi?
876 1961 3758 2159 Personne ne le peut. La pauvre Madame Meinhold me fait de la
895 2104 3795 2302 peine. Et aussi mon bon vieux M. von Aigner. Mais je ne peux
876 2291 3692 2442 rien pour eux. Non. Pour toinon plus. Pour lui non plus, ni
862 2416 2200 2621 pour moi. Cela devait être.
323 2559 561 2735 CENIA
829 2566 1800 2783 Cela devait être? -
315 2709 524 2893 FRED
876 2757 3729 2973 Quand il a été en face de moi avec son jeune regard provocant
858 2893 2240 3094 j'ai compris.... lui ou moi.
282 3036 568 3204 CENIA
858 3065 3347 3248 tu mens; il n'aurait pas fait de même.... lui non....
290 3190 521 3358 FRED
843 3179 3721 3402 Tu te trompes. C'était à la vie ou à la mort. Il le voulait
843 3391 3721 3571 aussi bien que moi. Je l'ai vu dans ses yeux, comme lui dans
829 3501 2313 3718 les miens. Lui..... ou moi....
268 3666 858 3857 ERNA & MAUER
895 3685 1851 3861 (viennent du jardin)
275 3817 1800 3996 ERNA (reste immobile à la porte)
260 3967 2658 4194 MAUER (va vivement vers Genia et lui serre la main).
260 4136 473 4319 FRED.
821 4121 2225 4312 Tiens Mauer, tu est déjà là?
224 4279 532 4469 MAUER
792 4268 2533 4502 Je n'avais plus rien à faire là bas.
202 4451 513 4627 GENIA
796 4429 1675 4660 Où est son corps?
246 4641 513 4810 MAUER
796 4656 1401 4843 On l'apporte
224 4781 510 4957 GENIA.
785 4792 1027 4964 ou?
231 4946 502 5118 MAUER
792 4938 1434 5125 Chez sa mère.
