4104 5320
1268 198 1661 362 Mikkelinen.
1945 198 2233 377 — 56 —
424 354 829 548 FREDERIC
891 389 3847 552 De toi - Genia -? Je n'ai pas dit - mais si tu veux absolument
875 568 2789 743 l'entendre, eh bien, le TOIIe oui, Genia.
883 724 2509 879 Mais pourquoi? Que t'ai-je fait?
428 720 689 887 GENIA
432 879 809 1050 FREDERIC
883 848 3664 1062 Rien... Je ne te dis pas que tu m'aies fait quelque chose.
891 1019 3964 1186 Mais explique toi Frédéric.... Je suis tellement loin.... J'étais
412 1046 685 1210 GENIA
856 1221 3913 1362 résignée à tout, sauf à ce que maintenant, tu.... si bruquement.
864 1354 3917 1579 D'un jour à l'autre — d'une heure à l’autre, j'ai attendu que nous
875 1509 2711 1680 ... nous expliquions.... que nous......
420 1610 797 1844 FREDERIC
875 1661 3871 1859 Oui, j'ai déjà remarqué cette attante, Genia, mais.... je crois
867 1821 3871 2054 qu'il est encore trop tôt - pour - cette explication.... il faut
871 1926 3369 2143 encore que je voie plus clair dans bien des choses...
420 2108 661 2307 CENIA
867 2104 3828 2307 Clair -? Mais.... Qu'y-a-t-il encore d'obscur pour toi? Tu as
848 2291 3906 2458 eu... cette lettre dans les mains? Tu l'as lue? Si tu avais pu
875 2458 3867 2599 douter auparavant.... ce que je ne crois pas...... depuis ce soir
856 2571 3692 2746 là - Frédéric, pour l'amour du ciel - depuis ce soir-là tout
844 2707 3929 2976 soupçon doit être dissipé en toi - Frédéric, toi que je.... Dieu...
860 2871 3124 3077 est-il nécessaire de dire cela avec des mots!...
428 3042 794 3271 PREDERIC
848 3089 3851 3248 Non, certainement pas.... C'est justement cela. Depuis ce soit!
860 3236 3738 3400 Pour moi c'est tout à fait, passé. Mais - excuse-moi, je sais
836 3396 3964 3610 bien que ce n'est pas là ton sentiment - j'ai vraiment l'impression
856 3555 2758 3746 que dans cette affaire....... (il hésite)
440 3684 650 3871 ENIA
895 3653 1680 3906 Ei bien - quoi?
451 3832 770 4018 EDERIC
821 3867 3660 4069 Tu as en quelque sorte tiré parti du guide de Korsakow...
836 4018 3715 4143 intérieurement, bien entendu... Et cela - m'agace un peu....
428 4108 634 4380 ENIA
832 4190 3766 4357 Frédéric, es-tu fou.... Moi, j'ai tiré parti du guide.... Mon
813 4275 2385 4509 est-ce possible!...... celaI....
2836 4435 3960 4695 n'en avais pas conscience
467 4466 759 4649 WEDERIC
821 4458 3268 4687 Je te l'ai dit, tu nè peux rien à Cala* Tu ne passe
821 4637 3871 4812 faire. Tu n'es pas précisément fière d'avoir été la cause de...
821 4792 3754 5049 de l'avoir en quelque sorte poussé à la mort - tu ne tirer pas
