<?xml version="1.0" encoding="UTF-8" standalone="yes"?>
<PcGts xmlns="http://schema.primaresearch.org/PAGE/gts/pagecontent/2013-07-15" xmlns:xsi="http://www.w3.org/2001/XMLSchema-instance" xsi:schemaLocation="http://schema.primaresearch.org/PAGE/gts/pagecontent/2013-07-15 http://schema.primaresearch.org/PAGE/gts/pagecontent/2013-07-15/pagecontent.xsd">
    <Metadata>
        <Creator>prov=READ-COOP:name=TrHtr:version=2.1.0:model_id=51170:date=15_08_2023_09:54</Creator>
        <Created>2023-05-10T15:31:08.942+02:00</Created>
        <LastChange>2023-08-15T09:54:28.185+02:00</LastChange>
        <TranskribusMetadata docId="1429075" pageId="55436981" pageNr="70" tsid="132845959" status="IN_PROGRESS" userId="64420" imgUrl="https://files.transkribus.eu/Get?id=CBXFNQCKLTAGXNFUECCBEYUX&amp;fileType=view" xmlUrl="https://files.transkribus.eu/Get?id=WJKKOQSJAERYHZBLXCXMQKRH" imageId="44710970"/>
    </Metadata>
    <Page imageFilename="1429075_0070.jpg" imageWidth="4168" imageHeight="5240">
        <ReadingOrder>
            <OrderedGroup id="ro_1711797113159" caption="Regions reading order">
                <RegionRefIndexed index="0" regionRef="tr_3"/>
                <RegionRefIndexed index="1" regionRef="tr_2"/>
                <RegionRefIndexed index="2" regionRef="tr_1"/>
            </OrderedGroup>
        </ReadingOrder>
        <TextRegion id="tr_3" custom="readingOrder {index:0;}">
            <Coords points="501,140 4010,140 4010,1830 501,1830"/>
            <TextLine id="tr_3_tl_1" custom="readingOrder {index:0;}">
                <Coords points="2070,308 2093,308 2150,270 2245,319 2306,300 2351,311 2348,125 2226,125 2146,65 2063,76"/>
                <Baseline points="2088,190 2178,202 2267,202 2357,202"/>
                <TextEquiv>
                    <Unicode>— 66</Unicode>
                </TextEquiv>
            </TextLine>
            <TextLine id="tr_3_tl_2" custom="readingOrder {index:1;}">
                <Coords points="950,486 3871,433 3871,330 3662,270 2237,365 950,285"/>
                <Baseline points="972,405 1062,405 1151,405 1241,405 1330,405 1420,405 1509,411 1599,411 1688,411 1778,411 1868,411 1957,411 2047,411 2136,411 2226,411 2315,417 2405,417 2494,417 2584,417 2673,411 2763,411 2852,417 2942,417 3031,417 3121,411 3210,411 3300,411 3389,405 3479,405 3568,405 3658,405 3747,405 3837,405 3879,411"/>
                <TextEquiv>
                    <Unicode>le lunch, il est cinq heures maintenant, je viens d'aller à sa</Unicode>
                </TextEquiv>
            </TextLine>
            <TextLine id="tr_3_tl_3" custom="readingOrder {index:2;}">
                <Coords points="991,627 3358,570 3829,646 3875,429 991,479"/>
                <Baseline points="1014,555 1104,555 1193,561 1283,561 1372,561 1462,561 1551,561 1641,561 1730,561 1820,561 1909,561 1999,566 2088,566 2178,566 2267,566 2357,572 2446,572 2536,566 2625,566 2715,566 2805,566 2894,566 2984,566 3073,561 3163,561 3252,561 3342,561 3431,561 3521,561 3610,561 3700,561 3789,561 3879,566 3885,566"/>
                <TextEquiv>
                    <Unicode>chambre, elle habite tout près du ciel.. - elle a toujours de</Unicode>
                </TextEquiv>
            </TextLine>
            <TextLine id="tr_3_tl_4" custom="readingOrder {index:3;}">
                <Coords points="950,767 3605,786 3863,760 3863,638 1257,577 950,665"/>
                <Baseline points="972,710 1062,716 1151,716 1241,716 1330,716 1420,716 1509,716 1599,716 1688,716 1778,716 1868,722 1957,722 2047,722 2136,728 2226,728 2315,728 2405,728 2494,722 2584,722 2673,722 2763,722 2852,722 2942,722 3031,722 3121,722 3210,722 3300,722 3389,716 3479,716 3568,716 3658,716 3747,716 3837,716 3873,722"/>
                <TextEquiv>
                    <Unicode>ces idées - et elle n'est pas encore là. Je suis hors de moi.</Unicode>
                </TextEquiv>
            </TextLine>
            <TextLine id="tr_3_tl_5" custom="readingOrder {index:4;}">
                <Coords points="965,908 1356,946 1565,889 1687,934 2177,893 2397,942 2435,745 1911,794 1774,748 1614,779 1489,718 1295,794 965,775"/>
                <Baseline points="984,865 1074,871 1163,871 1253,871 1342,871 1432,871 1521,871 1611,871 1700,871 1790,871 1879,877 1969,877 2058,877 2148,883 2238,877 2327,883 2417,883 2446,883"/>
                <TextEquiv>
                    <Unicode>Ils sont très nombreux je crois</Unicode>
                </TextEquiv>
            </TextLine>
            <TextLine id="tr_3_tl_6" custom="readingOrder {index:5;}">
                <Coords points="950,1056 3559,1094 3833,1048 3833,923 950,942"/>
                <Baseline points="972,1026 1062,1032 1151,1038 1241,1038 1330,1038 1420,1038 1509,1038 1599,1038 1688,1038 1778,1038 1868,1038 1957,1038 2047,1038 2136,1038 2226,1038 2315,1038 2405,1038 2494,1038 2584,1038 2673,1038 2763,1038 2852,1038 2942,1032 3031,1032 3121,1038 3210,1038 3300,1032 3389,1032 3479,1032 3568,1032 3658,1038 3747,1038 3837,1038 3843,1038"/>
                <TextEquiv>
                    <Unicode>Oui. Il y a Gustave naturellement et Frédéric Hofreiter, le</Unicode>
                </TextEquiv>
            </TextLine>
            <TextLine id="tr_3_tl_7" custom="readingOrder {index:6;}">
                <Coords points="479,1079 528,1075 577,1102 612,1105 680,1071 714,1090 790,1094 790,965 748,969 729,953 699,965 680,953 650,961 612,938 577,942 543,915 479,912"/>
                <Baseline points="501,1038 590,1038 680,1038 769,1038 799,1044"/>
                <TextEquiv>
                    <Unicode>###e WABL</Unicode>
                </TextEquiv>
            </TextLine>
            <TextLine id="tr_3_tl_8" custom="readingOrder {index:7;}">
                <Coords points="946,1227 1573,1185 1622,1223 2036,1238 2036,1098 1991,1083 946,1060"/>
                <Baseline points="966,1181 1056,1193 1145,1187 1235,1187 1324,1193 1414,1193 1503,1187 1593,1187 1683,1187 1772,1193 1862,1193 1951,1193 2041,1199 2047,1199"/>
                <TextEquiv>
                    <Unicode>Dr. Mauer et Mme Rhon.</Unicode>
                </TextEquiv>
            </TextLine>
            <TextLine id="tr_3_tl_9" custom="readingOrder {index:8;}">
                <Coords points="957,1394 4000,1417 4000,1250 3362,1166 957,1254"/>
                <Baseline points="978,1342 1068,1348 1157,1342 1247,1342 1336,1342 1426,1342 1515,1342 1605,1348 1694,1342 1784,1348 1873,1348 1963,1348 2053,1348 2142,1348 2232,1348 2321,1348 2411,1348 2500,1348 2590,1348 2679,1348 2769,1348 2858,1348 2948,1342 3037,1342 3127,1342 3216,1342 3306,1342 3395,1342 3485,1342 3574,1348 3664,1342 3753,1342 3843,1342 3932,1336 4010,1348"/>
                <TextEquiv>
                    <Unicode>Il ne leur est certainement rien arrivé. Je vous en prie madame,</Unicode>
                </TextEquiv>
            </TextLine>
            <TextLine id="tr_3_tl_10" custom="readingOrder {index:9;}">
                <Coords points="513,1485 532,1482 543,1489 581,1447 593,1447 627,1421 661,1413 642,1269 612,1276 593,1269 585,1276 539,1257 513,1276 490,1276"/>
                <Baseline points="519,1348 608,1354 662,1366"/>
                <TextEquiv>
                    <Unicode>UL</Unicode>
                </TextEquiv>
            </TextLine>
            <TextLine id="tr_3_tl_11" custom="readingOrder {index:10;}">
                <Coords points="2914,1444 3005,1428 3066,1455 3104,1436 3123,1451 3297,1440 3343,1459 3373,1436 3423,1440 3423,1394 3392,1383 3362,1402 3278,1383 3256,1406 3206,1379 3183,1394 3138,1360 3050,1352 3012,1383 2914,1375"/>
                <Baseline points="2936,1432 2984,1432 3073,1426 3163,1432 3252,1438 3342,1426 3431,1426"/>
                <TextEquiv>
                    <Unicode>reviement</Unicode>
                </TextEquiv>
            </TextLine>
            <TextLine id="tr_3_tl_12" custom="readingOrder {index:11;}">
                <Coords points="946,1576 2211,1512 4000,1607 3966,1402 946,1406"/>
                <Baseline points="966,1497 1050,1497 1139,1503 1229,1503 1318,1503 1408,1503 1497,1503 1587,1503 1677,1503 1766,1503 1856,1503 1945,1509 2035,1503 2124,1509 2214,1509 2303,1509 2393,1509 2482,1509 2572,1503 2661,1503 2751,1503 2840,1503 2930,1503 3019,1503 3109,1503 3198,1503 3288,1503 3377,1503 3467,1503 3556,1497 3646,1497 3736,1503 3825,1497 3915,1503 4004,1492"/>
                <TextEquiv>
                    <Unicode>ne dites à personne que je suis là, s'ils arrivent pendant que je</Unicode>
                </TextEquiv>
            </TextLine>
            <TextLine id="tr_3_tl_13" custom="readingOrder {index:12;}">
                <Coords points="934,1725 3020,1698 3020,1595 2617,1588 2511,1520 2218,1595 1474,1512 934,1584"/>
                <Baseline points="954,1665 1044,1665 1133,1659 1223,1665 1312,1665 1402,1665 1492,1671 1581,1671 1671,1665 1760,1665 1850,1665 1939,1671 2029,1665 2118,1665 2208,1671 2297,1671 2387,1671 2476,1671 2566,1671 2655,1671 2745,1671 2834,1671 2924,1665 3013,1665 3025,1665"/>
                <TextEquiv>
                    <Unicode>m'habille. Je veux leur faire une surprise.</Unicode>
                </TextEquiv>
            </TextLine>
            <TextLine id="tr_3_tl_14" custom="readingOrder {index:13;}">
                <Coords points="3016,1789 3066,1763 3100,1797 3123,1782 3210,1835 3244,1823 3278,1846 3332,1835 3388,1797 3423,1801 3426,1622 3392,1626 3316,1679 3301,1664 3282,1679 3202,1664 3168,1683 3134,1656 3096,1679 3069,1656 3020,1671"/>
                <Baseline points="3037,1742 3073,1742 3163,1742 3252,1742 3342,1742 3431,1736"/>
                <TextEquiv>
                    <Unicode>(froissé)</Unicode>
                </TextEquiv>
            </TextLine>
            <TextLine id="tr_3_tl_15" custom="readingOrder {index:14;}">
                <Coords points="3453,1835 3506,1831 3575,1850 3624,1820 3673,1842 3738,1820 3776,1846 3810,1839 3810,1668 3765,1649 3753,1660 3711,1652 3670,1626 3613,1633 3575,1607 3453,1633"/>
                <Baseline points="3473,1814 3562,1814 3652,1814 3742,1814 3819,1820"/>
                <TextEquiv>
                    <Unicode>II est</Unicode>
                </TextEquiv>
            </TextLine>
        </TextRegion>
        <TextRegion id="tr_2" custom="readingOrder {index:1;}">
            <Coords points="531,1919 3980,1919 3980,3381 531,3381"/>
            <TextLine id="tr_2_tl_1" custom="readingOrder {index:0;}">
                <Coords points="965,1983 3415,2032 3415,1930 2902,1831 2515,1918 2207,1804 965,1865"/>
                <Baseline points="984,1975 1074,1975 1163,1975 1253,1981 1342,1975 1432,1975 1521,1975 1611,1975 1700,1975 1790,1975 1879,1975 1969,1981 2058,1975 2148,1975 2238,1975 2327,1975 2417,1981 2506,1981 2596,1975 2685,1975 2775,1975 2864,1975 2954,1975 3043,1975 3133,1975 3222,1969 3312,1969 3401,1975 3425,1975"/>
                <TextEquiv>
                    <Unicode>vrai que cela ne m'a pas réussi près de vous madame.</Unicode>
                </TextEquiv>
            </TextLine>
            <TextLine id="tr_2_tl_2" custom="readingOrder {index:1;}">
                <Coords points="957,2177 3461,2135 3829,2230 3973,2196 3977,2032 961,1987"/>
                <Baseline points="978,2124 1068,2130 1157,2130 1247,2130 1336,2130 1426,2124 1515,2130 1605,2130 1694,2130 1784,2124 1873,2130 1963,2130 2053,2130 2142,2130 2232,2130 2321,2130 2411,2136 2500,2130 2590,2130 2679,2130 2769,2130 2858,2130 2948,2124 3037,2130 3127,2130 3216,2130 3306,2130 3395,2130 3485,2130 3574,2124 3664,2124 3753,2124 3843,2124 3932,2124 3980,2130"/>
                <TextEquiv>
                    <Unicode>Il faut m'excuser aujourd'hui, mon cher Paul, je suis distraite.</Unicode>
                </TextEquiv>
            </TextLine>
            <TextLine id="tr_2_tl_3" custom="readingOrder {index:2;}">
                <Coords points="509,2203 539,2192 562,2203 600,2169 612,2180 672,2173 726,2184 760,2169 802,2180 802,1964 764,1949 729,1972 676,1972 627,1941 596,1949 562,1922 551,1930 528,1907 509,1907"/>
                <Baseline points="531,2142 620,2136 710,2130 799,2142 811,2142"/>
                <TextEquiv>
                    <Unicode> 0e</Unicode>
                </TextEquiv>
            </TextLine>
            <TextLine id="tr_2_tl_4" custom="readingOrder {index:3;}">
                <Coords points="965,2310 3430,2348 3369,2146 965,2188"/>
                <Baseline points="984,2291 1020,2285 1110,2285 1199,2279 1289,2279 1378,2279 1468,2279 1557,2285 1647,2285 1736,2285 1826,2285 1915,2285 2005,2285 2094,2285 2184,2279 2273,2285 2363,2285 2452,2285 2542,2285 2631,2279 2721,2279 2810,2279 2900,2279 2990,2279 3079,2279 3169,2279 3258,2273 3348,2273 3437,2273"/>
                <TextEquiv>
                    <Unicode>Qu'y-a-t-il de neuf à Baden? Genia ne viendra pas?</Unicode>
                </TextEquiv>
            </TextLine>
            <TextLine id="tr_2_tl_5" custom="readingOrder {index:4;}">
                <Coords points="946,2496 3917,2450 3917,2363 3107,2313 946,2306"/>
                <Baseline points="966,2434 1056,2440 1145,2434 1235,2440 1324,2440 1414,2440 1503,2434 1593,2434 1683,2434 1772,2434 1862,2440 1951,2440 2041,2440 2130,2440 2220,2440 2309,2440 2399,2440 2488,2440 2578,2440 2667,2434 2757,2440 2846,2434 2936,2434 3025,2434 3115,2434 3204,2434 3294,2434 3383,2434 3473,2434 3562,2434 3652,2434 3742,2434 3831,2429 3921,2440 3927,2440"/>
                <TextEquiv>
                    <Unicode>Mme Hofreiter? Elle ne m'a rien dit à ce sujet. Et je lui ai</Unicode>
                </TextEquiv>
            </TextLine>
            <TextLine id="tr_2_tl_6" custom="readingOrder {index:5;}">
                <Coords points="938,2610 3597,2648 3924,2617 3924,2446 938,2492"/>
                <Baseline points="960,2596 978,2590 1068,2590 1157,2596 1247,2596 1336,2596 1426,2596 1515,2596 1605,2596 1694,2590 1784,2596 1873,2596 1963,2590 2053,2596 2142,2596 2232,2596 2321,2596 2411,2596 2500,2590 2590,2590 2679,2590 2769,2590 2858,2590 2948,2590 3037,2590 3127,2590 3216,2590 3306,2584 3395,2584 3485,2584 3574,2584 3664,2584 3753,2584 3843,2584 3932,2584"/>
                <TextEquiv>
                    <Unicode>encore parlé avant-hier. Nous étions justement très nombreux à</Unicode>
                </TextEquiv>
            </TextLine>
            <TextLine id="tr_2_tl_7" custom="readingOrder {index:6;}">
                <Coords points="946,2773 3852,2769 3917,2621 946,2648"/>
                <Baseline points="966,2751 972,2751 1062,2745 1151,2745 1241,2751 1330,2751 1420,2751 1509,2751 1599,2751 1688,2751 1778,2751 1868,2745 1957,2745 2047,2751 2136,2745 2226,2745 2315,2745 2405,2745 2494,2745 2584,2745 2673,2745 2763,2745 2852,2745 2942,2745 3031,2745 3121,2745 3210,2745 3300,2745 3389,2751 3479,2745 3568,2745 3658,2751 3747,2739 3837,2751 3927,2745"/>
                <TextEquiv>
                    <Unicode>l'Arena. Mais je vous dirai cela tout au long. Il faut que je</Unicode>
                </TextEquiv>
            </TextLine>
            <TextLine id="tr_2_tl_8" custom="readingOrder {index:7;}">
                <Coords points="946,2959 3913,2914 3913,2777 3818,2765 946,2777"/>
                <Baseline points="966,2900 1056,2906 1145,2906 1235,2906 1324,2906 1414,2900 1503,2900 1593,2906 1683,2900 1772,2900 1862,2900 1951,2900 2041,2900 2130,2900 2220,2900 2309,2900 2399,2900 2488,2900 2578,2900 2667,2900 2757,2900 2846,2900 2936,2900 3025,2900 3115,2900 3204,2900 3294,2894 3383,2894 3473,2894 3562,2900 3652,2900 3742,2900 3831,2894 3921,2894"/>
                <TextEquiv>
                    <Unicode>fasse d'abord une toilette convenable. Quand on a voyagé toute</Unicode>
                </TextEquiv>
            </TextLine>
            <TextLine id="tr_2_tl_9" custom="readingOrder {index:8;}">
                <Coords points="946,3134 3924,3058 3924,2978 3711,2959 946,2955"/>
                <Baseline points="966,3061 978,3061 1068,3061 1157,3061 1247,3061 1336,3067 1426,3067 1515,3067 1605,3061 1694,3061 1784,3061 1873,3061 1963,3061 2053,3061 2142,3061 2232,3061 2321,3055 2411,3061 2500,3055 2590,3055 2679,3055 2769,3061 2858,3055 2948,3055 3037,3055 3127,3055 3216,3055 3306,3055 3395,3055 3485,3055 3574,3055 3664,3049 3753,3049 3843,3049 3932,3049"/>
                <TextEquiv>
                    <Unicode>la nuit dans le train et qu'on a fait encore six heures de voi-</Unicode>
                </TextEquiv>
            </TextLine>
            <TextLine id="tr_2_tl_10" custom="readingOrder {index:9;}">
                <Coords points="957,3282 980,3282 1014,3252 1041,3256 1060,3233 1102,3256 1140,3248 1178,3271 1208,3259 1250,3286 1326,3297 1322,3138 1292,3138 1257,3104 1216,3126 1178,3104 1090,3096 995,3130 953,3126"/>
                <Baseline points="978,3216 1068,3222 1157,3222 1247,3222 1336,3228 1342,3222"/>
                <TextEquiv>
                    <Unicode>ture...</Unicode>
                </TextEquiv>
            </TextLine>
            <TextLine id="tr_2_tl_11" custom="readingOrder {index:10;}">
                <Coords points="1383,3369 1508,3392 1573,3339 1645,3366 1725,3313 1831,3305 1899,3332 2032,3332 2032,3180 1945,3180 1801,3240 1709,3191 1557,3229 1466,3187 1383,3195"/>
                <Baseline points="1402,3294 1414,3300 1503,3294 1593,3294 1683,3294 1772,3294 1862,3294 1951,3288 2041,3288"/>
                <TextEquiv>
                    <Unicode>(a Rosenstock</Unicode>
                </TextEquiv>
            </TextLine>
            <TextLine id="tr_2_tl_12" custom="readingOrder {index:11;}">
                <Coords points="2044,3430 2256,3373 2553,3423 3153,3385 3271,3438 3757,3404 3757,3267 3586,3237 3343,3229 3104,3313 2883,3244 2557,3297 2044,3210"/>
                <Baseline points="2064,3371 2154,3366 2244,3366 2333,3366 2423,3366 2512,3366 2602,3366 2691,3366 2781,3366 2870,3366 2960,3366 3049,3366 3139,3366 3228,3366 3318,3366 3407,3366 3497,3366 3586,3366 3676,3366 3765,3366"/>
                <TextEquiv>
                    <Unicode>Avec des communications impossiblee!</Unicode>
                </TextEquiv>
            </TextLine>
        </TextRegion>
        <TextRegion id="tr_1" custom="readingOrder {index:2;}">
            <Coords points="561,3471 4022,3471 4022,4665 561,4665"/>
            <TextLine id="tr_1_tl_1" custom="readingOrder {index:0;}">
                <Coords points="965,3578 3917,3556 3917,3426 965,3407"/>
                <Baseline points="984,3545 1062,3533 1151,3539 1241,3533 1330,3533 1420,3533 1509,3533 1599,3527 1688,3527 1778,3527 1868,3527 1957,3527 2047,3527 2136,3533 2226,3527 2315,3533 2405,3527 2494,3527 2584,3527 2673,3527 2763,3527 2852,3521 2942,3521 3031,3521 3121,3521 3210,3521 3300,3521 3389,3527 3479,3527 3568,3527 3658,3527 3747,3527 3837,3521 3927,3521"/>
                <TextEquiv>
                    <Unicode>Au plus tard sans trois ans, nous aurons le chemin de fer just</Unicode>
                </TextEquiv>
            </TextLine>
            <TextLine id="tr_1_tl_2" custom="readingOrder {index:1;}">
                <Coords points="543,3586 600,3582 608,3567 634,3586 688,3586 707,3563 737,3586 756,3567 851,3586 927,3578 915,3400 881,3385 859,3396 828,3373 779,3415 691,3385 631,3434 536,3430"/>
                <Baseline points="561,3527 650,3527 740,3533 829,3533 919,3545 931,3551"/>
                <TextEquiv>
                    <Unicode>ENSTOCK</Unicode>
                </TextEquiv>
            </TextLine>
            <TextLine id="tr_1_tl_3" custom="readingOrder {index:2;}">
                <Coords points="1007,3723 4011,3727 4011,3491 3567,3578 1007,3578"/>
                <Baseline points="1026,3700 1068,3700 1157,3694 1247,3694 1336,3700 1426,3700 1515,3694 1605,3688 1694,3694 1784,3688 1873,3688 1963,3682 2053,3688 2142,3688 2232,3688 2321,3688 2411,3688 2500,3682 2590,3682 2679,3682 2769,3676 2858,3682 2948,3682 3037,3682 3127,3682 3216,3682 3306,3682 3395,3682 3485,3682 3574,3682 3664,3682 3753,3688 3843,3682 3932,3682 4022,3676"/>
                <TextEquiv>
                    <Unicode>qu'ici, M. von Kreindl. Notre Directeur xxx dans quelques jour-</Unicode>
                </TextEquiv>
            </TextLine>
            <TextLine id="tr_1_tl_4" custom="readingOrder {index:3;}">
                <Coords points="1003,3890 3377,3882 3377,3727 3297,3711 1007,3723"/>
                <Baseline points="1026,3861 1056,3855 1145,3855 1235,3861 1324,3861 1414,3861 1503,3855 1593,3855 1683,3855 1772,3849 1862,3849 1951,3849 2041,3849 2130,3849 2220,3849 2309,3849 2399,3849 2488,3849 2578,3849 2667,3849 2757,3849 2846,3843 2936,3843 3025,3843 3115,3843 3204,3843 3294,3843 3383,3843"/>
                <TextEquiv>
                    <Unicode>à Vienne, pour exposer cette situation au Ministre.</Unicode>
                </TextEquiv>
            </TextLine>
            <TextLine id="tr_1_tl_5" custom="readingOrder {index:4;}">
                <Coords points="999,4023 3818,4038 3844,3860 999,3898"/>
                <Baseline points="1020,4016 1074,4016 1163,4016 1253,4022 1342,4016 1432,4016 1521,4016 1611,4016 1700,4016 1790,4016 1879,4010 1969,4010 2058,4010 2148,4004 2238,4004 2327,4004 2417,4004 2506,4004 2596,4004 2685,4004 2775,4004 2864,4010 2954,4004 3043,4010 3133,4004 3222,4010 3312,4010 3401,4004 3491,4004 3580,3998 3670,4004 3759,3998 3849,4004"/>
                <TextEquiv>
                    <Unicode>C'est prudent. Mes affaires sont déjà en haut, n'est-ce pas</Unicode>
                </TextEquiv>
            </TextLine>
            <TextLine id="tr_1_tl_6" custom="readingOrder {index:5;}">
                <Coords points="988,4194 1102,4217 1223,4186 1333,4186 1371,4217 1444,4194 1512,4209 1561,4182 1618,4198 1618,4034 1501,4053 1474,4027 1368,4027 1246,4072 1212,4049 1143,4068 988,4011"/>
                <Baseline points="1008,4165 1098,4171 1187,4171 1277,4171 1366,4171 1456,4171 1545,4171 1629,4171"/>
                <TextEquiv>
                    <Unicode>Rosenstock.1</Unicode>
                </TextEquiv>
            </TextLine>
            <TextLine id="tr_1_tl_7" custom="readingOrder {index:6;}">
                <Coords points="991,4334 2397,4350 2401,4198 2294,4160 1926,4205 1774,4163 1455,4228 995,4198"/>
                <Baseline points="1014,4326 1062,4326 1151,4332 1241,4332 1330,4326 1420,4326 1509,4326 1599,4326 1688,4326 1778,4326 1868,4320 1957,4320 2047,4320 2136,4314 2226,4314 2315,4314 2405,4314"/>
                <TextEquiv>
                    <Unicode>Certainement, M. von Kreindl.</Unicode>
                </TextEquiv>
            </TextLine>
            <TextLine id="tr_1_tl_8" custom="readingOrder {index:7;}">
                <Coords points="570,4414 608,4429 634,4414 669,4437 726,4399 741,4410 775,4380 897,4391 889,4194 691,4190 585,4114 562,4114"/>
                <Baseline points="590,4326 680,4326 769,4326 859,4338 907,4332"/>
                <TextEquiv>
                    <Unicode>ENSTock</Unicode>
                </TextEquiv>
            </TextLine>
            <TextLine id="tr_1_tl_9" custom="readingOrder {index:8;}">
                <Coords points="976,4536 3142,4517 3145,4346 2891,4285 2746,4346 980,4342"/>
                <Baseline points="996,4488 1002,4493 1092,4493 1181,4493 1271,4493 1360,4493 1450,4488 1539,4488 1629,4488 1718,4488 1808,4488 1897,4488 1987,4482 2076,4476 2166,4476 2255,4476 2345,4476 2434,4476 2524,4476 2614,4476 2703,4476 2793,4476 2882,4476 2972,4476 3061,4470 3151,4464"/>
                <TextEquiv>
                    <Unicode>Bien, Mes hommages, Madame, et ne dites rien</Unicode>
                </TextEquiv>
            </TextLine>
            <TextLine id="tr_1_tl_10" custom="readingOrder {index:9;}">
                <Coords points="3142,4570 3233,4566 3275,4596 3324,4562 3415,4608 3487,4600 3518,4619 3571,4593 3620,4600 3616,4338 3533,4296 3426,4327 3377,4308 3350,4334 3256,4300 3138,4304"/>
                <Baseline points="3163,4541 3252,4547 3342,4553 3431,4547 3521,4547 3610,4553 3628,4553"/>
                <TextEquiv>
                    <Unicode>(II prend</Unicode>
                </TextEquiv>
            </TextLine>
            <TextLine id="tr_1_tl_11" custom="readingOrder {index:10;}">
                <Coords points="957,4657 1102,4650 1360,4714 1554,4691 1656,4714 1645,4517 957,4532"/>
                <Baseline points="978,4655 1068,4649 1157,4649 1247,4643 1336,4643 1426,4643 1515,4643 1605,4649 1665,4655"/>
                <TextEquiv>
                    <Unicode>l'ascenseur).</Unicode>
                </TextEquiv>
            </TextLine>
        </TextRegion>
    </Page>
</PcGts>
