3688 5240
1495 230 1816 412 - 32 —
517 366 3297 600 estimé de ses supérieurs? Paut-être est-il le futur amiral
506 529 1205 789 de l’Autriche.
517 706 3198 903 Vous me racontez-là l'histoire d'un jeune homme que je ne
136 714 359 955 DIGNER
517 921 1133 1057 connais pas.
128 993 3161 1212 REDERIC. Dites-moi Aigner, vous n'avez vraiment jamais le moindre
514 1167 1488 1405 désir de le revoir?
121 1363 355 1578 DIGNER,
510 1367 3463 1495 Le revoir? Vous pourriez plutôt dire : faire sa connaissance.
517 1510 3206 1703 Car l'Enseigne d'aujourd'hui ne doit pas avoir la moindre
506 1631 3410 1820 ressemolance extérieure ou intérieurs avec le petit garçon que
506 1839 3459 1975 j'ai emorassé pour la dernière fois sur le front il y a 20 ans.
517 1937 3410 2145 Enfin non, pas la désir de le revoir - mais la curiosité de le
110 1933 449 2137 REDERIC
510 2118 3463 2258 connaître -? Vous auriez maintenant une fameuse occasion. Je
506 2288 3051 2458 crois que vous avez à faire à Vienne prochainement -?
117 2443 359 2624 IGNER
506 2432 3372 2606 Oui, je dois aller au Ministère. Nous voulons, comme vous le
506 2568 3319 2749 savez, construire ici un chemin de fer, diract jusqu'ici par
491 2715 3229 2904 Atzwang Völa. Vous pensez bien qu'il pourrait y avoir ici
510 2878 1488 3070 encore trois hôtels.
98 3021 442 3304 EDERIC
491 3002 3350 3221 Je vais vous proposer quelque chose, Aigner. Descendez chez
491 3202 3493 3384 nous à Baden. Nous avons assez de place dans notre villa. Noua
510 3353 3376 3531 avons une très jolie chambre d'amis. Oui, trèa intime. Il y
510 3516 3501 3750 revient seulement parfois l'esprit des amis morts qui avaient au
487 3659 3089 3920 d'y passer la nuit. Cela ne vous gène pas?
72 3799 370 4090 CONER
510 3791 3493 4014 Non. Contre les esprits des mots je n'ai pas d'objection. Mais
498 3973 2764 4154 les fantômes vivants me sont très antipathiques.
476 4116 3232 4324 Le diable m'emporte, j'aurais eu vraiment plaisir, Aigner,
94 4173 442 4335 REDERIC
487 4312 3414 4501 à vous faire faire la connaissance de votre fils. On pourrait
498 4441 3308 4645 arranger cela très bien - dans notre jardin, nous jouons au
498 4588 3391 4807 tennis, vous arrivez soudain... comme un étranger de distinc¬
476 4818 914 4977 tion...
