3800 5224
1542 196 1894 372 - 96 —
1330 348 2021 583 QUATRIRME ACTI
919 499 3500 783 (Même décor qu'au second acte - Après-midi ansoleillee)
923 671 3540 903 (Sous le noyer les deux effants de Mne Natter, une peti-
923 811 3320 963 te fille de neuf ans et un petit garçon de sept ans.
903 899 3532 1075 avec leur miss, qui leur montre des images dans un livre
919 1023 3464 1234 (Sortent de la maison l'un après l'autre Genia, Natter,
911 1103 3460 1322 Mme Wahl, Demeter Stanzides, Gustave, Paul, Erna, Otto,
911 1187 1762 1374 "Mme Adèle Natter).
200 1214 3260 1526 NATTER.- Le dîner en l'honneur du retour de notre cher hôte était
451 1482 3396 1778 merveilleusement réussi. C'est dommage seulement qu'il n'y ait
471 1602 1570 1778 pas pris part lui-même.
188 1746 2397 1942 GENIA.- Il a probable ent été retenu à l'usine.
188 1942 3236 2201 ie n'est pas étonnant après une absence de trois semaines
184 2101 2465 2265 Mme VAL. - Avez-vous téléphoné au Bureau, Genia?
188 2273 3392 2465 GEMIA.- Je n'avais aucune raison de le faire, je l'attendais sûrement
431 2405 3284 2641 pour nidi, d'après son télégramme d'Innsbruck qui est arrive
419 2577 2437 2781 hier (Elle est maintenant près des enfants)
2397 2605 3428 2900 Est-ce que les images
419 2753 1290 2992 vous plaisent?...
152 2948 1063 3152 LES ENFANTS.Oh oui.
156 3136 3244 3300 GENIA.- Il faudra demander à votre maman qu'elle vous amène encore
396 3296 3324 3480 dimanche prochain. Percy sera arrivé. Allons que va-t-on faire
384 3420 951 3619 maintenant?
140 3580 3296 3803 GUSTAVE.- Enfants, je vais vous montrer un jeu merveilleux que font
380 3759 3308 3939 les petits hindous sur la rive du Gange. Essayons un peu. S'il
388 3935 3368 4095 vous plait, mademoiselle, donnez-moi votre ombrelle. Merci bien.
376 4043 3316 4247 d'abord je trace trois ceroles concentriques dans le sable, le
376 4223 3344 4498 premier a un mètre de diamètre, l'autre 75 centimètres, le plus
344 4426 1370 4614 petit 50 centimètres.
1394 4418 3356 4670 (Aux autres qui se sont rapproches et qui
755 4590 2553 4786 rient; à Mme Wahl, Paul, Adèle, Genia)
2477 4626 3332 4818 Vous savez, les
300 4730 3424 4990 petits hindons reussissent cela avec une précision nathemathique,
