4152 5272
1870 129 2258 340 - 131 -
1101 310 3543 542 ne nous écrirons pas une seule fois. C'est entendu.
430 413 1041 671 Mme MEINHOUD
1114 430 2464 692 Voue êtes très bohne, Cenia.
430 619 761 804 GENIA
1105 636 3676 907 Je suis seulement... prudente, Mme MEINHOUD, seuement
1092 774 1686 959 prudente...
1664 916 3762 1127 (soudain elle sclate en un violent sanglot et
1845 1006 3143 1161 baisse la tête sur la table)
421 1058 1045 1312 Mme MEINHOUD
1092 1079 1690 1294 Cenia, Genia
1690 1204 3590 1432 (Elle lui passe la main dans les cheveux)
1088 1406 3702 1621 pleurez pas, Cenial C'est une bien petite consolation,
1079 1539 3732 1836 mais nous emporterons ensemble son absence... Vous voyez
1075 1763 3732 1939 Uue mon choix est fait, et que je me suis décidée à... ne
1075 1896 3642 2081 pas voue haïr. Enfant, enfant - tranquili sez-vous donc.
1075 2077 3715 2258 Nous serons des amie, Cenia. Cela ne peut être autrement,
1049 2202 1892 2386 Cenia... Genia!
1062 2352 1832 2550 Mme Meinhold....
391 2369 688 2541 CENIA
1802 2421 3548 2666 (Elle lui prend la main comme si elle
1939 2589 3023 2718 voulait la lui baiser).
413 2584 998 2868 Wme MEINHOUD
1075 2653 3590 2868 Vous ne trouvez réellement pas un autre nom pour moi?
1036 2821 2752 3036 Je suis sa mère, et il voue a aimée.
391 2976 1991 3212 CENIA (secous farouchement la téte)
2004 3105 3569 3285 Non, non, noa, je ne peux plus...
383 3221 2077 3487 Mme MEINHOUD (la regarde longuement)
2038 3234 3702 3513 Je vais vous laisser toute seule...
1019 3470 3629 3625 Adieu. Mais quand vous serez lasse de la solitude - eh
1032 3603 3827 3827 bien venez me voir. Vous me trouverez toujours prête à vous
1032 3767 2214 3960 recevoir. Adieu, Genia.-
366 3900 3823 4124 FREDERIC (arrive par la terrasse. Paletot sombre sur une redingote noire.
924 4085 3401 4236 Enlève rapidement son paletot et compose ses treits).
357 4171 2210 4343 GENIA (le fixe d'un air interrogateur).
800 4317 3462 4502 (sourire contraint sans faire un signe. A Mme Meinhold en
335 4330 770 4515 FREDERIC
830 4416 3608 4592 souriant de sa manière méchante, qui en ce moment parait un
821 4545 1208 4726 masque).
1200 4541 2137 4756 Mes hommages, Madame
2172 4631 3720 4846 (Il prend sa main tendue avec une
804 4777 2012 5010 impercepible hésitation)
2030 4833 2997 5040 Comment allez-vous?
