4152 5368
2009 303 2299 470 — 41 -
2410 348 2590 475 Votre très
1268 372 3928 610 (Ils se dirigent vers la maison, Mme Wahl avec Stanzides,
929 536 1240 712 Genia,
1268 577 2532 683 et Otto, Paul, Erna, Mauer,
1285 585 3408 773 (Frédéric et Adèle restent seuls en arrière)
1907 741 2688 961 FREDERIC, ADELE
515 900 3040 1080 FREDERIC (A Adèle, comme elle va entrer dans la maison
3040 884 3899 1166 Je n'ai malheureu-
933 1162 3756 1317 sement pas encore eu l'occasion aujourd'hui de m'informer de
937 1276 3101 1526 votre précieuse santé. Comment alles xxx
921 1469 2258 1677 On ne peut mieux. Et vous?
499 1334 781 1632 ADELE
507 1636 3797 1788 FREDERIC Pas mal. Beaucoup de travail. Noué construisons de nouveau.
921 1796 3788 1997 L'année prochaine nous aurons 600 ouvriers. Et en automne je
921 1923 1755 2140 par s/un Amérique.
925 2095 1113 2234 Ah?
515 2033 761 2258 J.D.E.LE.
507 2250 2868 2463 FREDERIC Cela ne semble pas t'intéresser beaucoup.
933 2402 3793 2561 Mon mari me l'a déjà raconté. Ecoute, je veux te proposer de
495 2418 769 2610 ADEDE
916 2577 3883 2741 nous dire définitivement "vous”. Ce qui est fini est fini. Je
925 2712 2455 2897 suis pour les situation nettes.
2377 2848 2537 2946 eût
491 2860 3645 3081 FREDERIC Je ne savais pas que le "vous" avait un sens aussi précis.
495 3032 753 3224 A.D.E.
896 3036 3879 3216 Je t'en prie! pas de plaisanterie.... soyons heureux
916 3199 3698 3400 tout soit fini. Le temps des folies  est passé.
908 3351 3752 3514 Pour nous deux je pense. Mes enfants poussent et votre fils
900 3506 1236 3690 aussi.
495 3621 896 3829 BREDERIC
921 3653 1763 3838 On n'y peut rien.
487 3813 741 3964 ADELE
896 3805 3911 3997 Et si vous voulez me permettre de vous donner un bon conseil....
495 3956 1313 4144 FREDERIC J’écoute
479 4116 757 4275 ADÈLE
847 4120 1690 4308 (changeant de ton)
1731 4165 3731 4357 Eh bien, sérieusement,- je trouve que tu
835 4345 3948 4525 flirtes avec cette petite Wahl de façon scandaleuse. Pour l'amour
818 4492 3752 4717 De Dieu, ne crois pas que ce soit de la jalousie! Je ne pense
843 4648 3547 4869 vraiment plus à toi.... Mais beaucoup plus à ta femme...
479 4787 1281 5032 FREDERIC (joyeux)
1342 4922 1632 5102 An 11
