4184 5368
1899 265 2172 521 -1 a1-
1146 480 3417 670 PAUL. GUSTAVE. ERNA. STANZIDES. ADELE. Moe HABL.
1158 608 3268 807 assurantien d'erantenmettu, dans tennis
455 716 2200 931 GENIA.- Eh bien qui a été vainqueur?
434 898 3702 1117 PAUL. - La vielle garde vit encore. M. Hofreiter a gagne. Neuf contre
724 1030 993 1195 huit.
434 1142 3739 1357 STANZIDES. - c'est domnage que vous n'ayez pas regarde, madame. C'était
711 1328 1559 1530 une belle partie.
443 1468 3582 1733 FRE-ERIC.- Tiens, Mauer, tu es donc resté. C'est très gentil de ta
724 1659 1038 1824 part!
455 1808 728 2027 PAUL.
769 1750 3561 2018 Maintenant il y n'encore le match de ademoiselle Erna et de
724 1969 1369 2163 M. Hofreiter.
447 2147 3648 2349 ERNA.- Il fait trop sombre maintenant; nous remettons cela à demain.
716 2283 3731 2502 Et nous telegraphierons au Lieutenant le résultat final du tour-
711 2428 943 2651 noi.
546 2614 3673 2817 PTO.- Mesdames, messieurs, je dois malheureusement prendre congé de
724 2800 931 2891 vous
964 2821 2014 3036 (11 commence à saluer)
443 2962 3752 3156 FREDERIC.- (le suit du regard) c'est dommage que nous ne puissions pas
720 3152 3743 3338 faire encore une partie demain. Otto?- Ma victoire d'aujourd'hui
711 3342 2101 3508 ne me donne pas satisfaction.
778 3474 3735 3673 Pourquoi? - Le Lieutenant a fameusement joué, et vous, Monsieur
451 3499 724 3665 PAUL.
724 3656 1870 3838 Hofreiter, encore mieux.
438 3781 3698 3967 FREDRIC.- Je ne sais pas. Vous n'étiez pas très en forme, Otto. Vou¬
707 3900 3627 4107 aviez une 3e auquel je ne suis pas habitue de votre part. Un
790 4078 972 4198 gen
711 4103 3607 4327 soup distrait, indicis, inquiet... Melancolie de la séparation
728 4298 1266 4430 sans doute.
447 4314 3772 4604 OTTO.- Peut-être embarras d'avoir en face de soi un adversaire si fort
728 4546 3768 4736 et si reposé. Eh bien, quand je reviendrai dans trois ans, J'es-
1357 4682 1675 4831 prendre
699 4715 3565 5001 père que vous aurez plus de plaisir à mon jeu, N. Hofreiter.
