4232 5352
1969 271 2247 447 — 50 —
1252 337 1841 487 pensez bien,
1017 384 3616 567 Vous poura le penser, Mme Meinhold. Je ne l'ai pas vu
370 432 619 615 GENIA
992 545 3656 750 depuis Noel. Ce n'est pas gai d'avoir son fils unique à
999 728 3770 900 l'étranger. Mais je crois que vous en avez quelque chose
999 897 1654 1050 l’me Wernhold.
1032 1039 1614 1219 Un peu, oui.
373 937 941 1230 (Mme MEINHolet)
1014 1190 3883 1372 Je crois que Votre fils va vous quitter encore pour plusieurs
366 1219 640 1457 CENIA
1017 1362 1468 1534 années?
1036 1497 2976 1684 Oui, pour trois ans, Et loin, très loin.
388 1475 955 1720 Wme MEINHOUD.
1014 1665 3883 1815 Dans les mers du Sud; il me l'a raconté. Oui, c'est vraiment
377 1702 651 1870 GENIA
1017 1790 3891 1943 long. Mais il me semble que vous êtes mieux partagée que moi
3170 1914 3371 2017 wie
1014 1962 3894 2148 à ce point de vue, Mme Meinhold. Vous avez un personnel :
1021 2115 3832 2335 votre profession, qui est si belle et qui vous absorbe telle¬
1028 2247 2643 2474 ment! Cela side beaucoup à vitre.
1043 2474 1680 2624 Oui, parfois.
399 2427 963 2632 = Mme MEINHOUDLE
1036 2562 3854 2749 Il n'est peut-ce pas?    n'eut-être pas
366 2643 666 2836 CENIA
1043 2782 3730 2921 tout à fait juste que les femmes ne soient que des mères.
1039 2833 3799 3118 Vous n'auriez certainement pas accepté que votre Otto met
1050 3078 3986 3246 dans la marine, si vous n'aviez pas été autre chose qu'une mère.
1065 3228 1625 3455 (simplement)
417 3140 981 3433 Wme MEINHOUD.
1599 3257 3418 3433 Et si je ne l'avais pas accepte......?
1050 3455 3711 3605 Il serait resté près de vous; Oh j'en suis persuadée, si
447 3444 684 3653 JENIA
1043 3565 3938 3766 vous l'aviez souhaité, si vous l'a viez demandé! Il vous aime
1028 3748 3920 3945 trop xxx. Il aurait fait autre chose. Je me le repré¬
1054 3945 3762 4088 sente très bien comme propriétaire....... ou - oh oui......
1028 4081 1980 4242 aussi comme savant.
1058 4213 3773 4385 Mais voilà, chère Madame Genia: la question est de savoir
447 4242 996 4451 lme MEINHOUD.
1050 4392 3741 4571 si je l'aurais eu davantage, alors, que maintenant où il
1706 4509 2024 4637 tur
2009 4498 2390 4714 mer.
1047 4557 2024 4762 est toujours assez
1054 4747 1508 4923 Oh....I
439 4656 688 4908 ENIA
