3752 5240
1696 230 2006 459 - 88 —
605 371 3552 605 sait de vous demander si vous préférez le macaroni à la compote
597 574 3506 808 de prunes, si Wagner doit être joué intégralement ou non? Mais
593 735 3334 972 maintenant leur curiosité m'a plus de limites... Kooutez-
601 857 1615 1053 un peu ça, Hofreiter.
107 907 2932 1206 FREDERIC (assis à une table voisine et parcourt ses lettres)
586 1194 3445 1340 Un journal féminin demande: k)à quel âge on a commence à jouir
100 1179 329 1347 !T.H.8.
593 1301 3372 1504 du bonheur de l'amour, b) si on n'a jamais eu de penchaits
593 1485 961 1673 pervers
96 1585 387 1814 AIONER
413 1619 1026 1853 (à Hofreiter)
1056 1673 3441 1864 Voilà justement qu'on m adresse aussi une question:
574 1853 2534 2032 Est-ce qu'on peut se baigner dans le hac.
92 1979 302 2166 PRONIES
582 1986 1653 2193 Par 5 degrés.... orr -
582 2163 3280 2381 Mais ei on pouvant le faire - la Suisse serait simplement
578 2335 1133 2488 fichue......
612 2484 3414 2718 coutez. J'ai une idée; Mais vous me donnerez naturellement
566 2607 3598 2817 une participation dans les bénéfices. Vous avez une incomparable
570 2809 3533 2943 force à utiliser, l'eau des chutes qui tombent des montagnes...
570 2947 3625 3188 si avec cela vous chauffiez électriquement votre lac à l'électriate,
394 3108 658 3307 (rit)
563 3276 3456 3433 Vous riez.... naturellement! Mais si j'avais seulementétudié
570 3422 3602 3602 un peu la technique - ja bâtirais moi-même toute l'installation..
544 3583 3548 3732 Je la vois très bien dans ma tête! C'est xxxxmaat la pratique
551 3759 3426 3973 qui me manque. Si je l'avais eue n'ailleurs, je crois que je
551 3889 2109 4088 n'aurais jamais touché une plume.
100 4015 436 4218 DÉDERIC
540 4038 3330 4206 Je me demande quelquefois si les poètes ne sont pas devenus
1171 4160 2783 4348 acause d'une spèce de Meaphe
3070 4164 3422 4325 lative
2771 4180 2947 4287 écrit
2767 4237 3295 4367 Interieuret
540 4203 2568 4382 poètes...... seulement par une certaine pan
84 4333 276 4536 HON
540 4344 1761 4551 Qu'entedez-vous par là?
77 4516 436 4742 EDERIO
528 4524 3422 4708 J'imagine que beaucoup de poètes sont des cruminels nés - qui
528 4654 3606 4888 ont manqué du courage nécessaire - de des débauches, qui n'étaient
536 4861 1860 5029 pas assez prodigues.
