4312 5400
1929 198 2285 471 - 115 -
719 496 3784 781 tendu jusqu'à une heure et demie. A une heuze et de mie la fenêtre
706 715 3768 884 s'est ouverte, un monsieur est descendu, a disparu un moment pour
706 859 3545 1033 moi dans l'obscurité du jardin;.j'entends la porte du fardin
702 1029 3627 1210 s'ouvrir, et aussitôt passe près de moi la silhouette élégante
706 1165 2694 1384 de l'Enseigne de Vaisseau Otto von ligner.
446 1210 644 1479 4.7.
793 1314 2280 1508 Tiens. Et qu'as-tu fait alors?
450 1462 2495 1677 Js me suis couché sur la pelouse.
529 1636 1628 1830 Tu y'étais déjà.
438 1801 3751 1958 JHERRIC.- C'est juste. Mais je me suis arrangé plus commodement, parce
690 1954 3751 2144 que je n'avais plus à guetter xxxautom. Et j'ai merveilleusement
698 2136 3751 2351 dormi jusqu'à sept heures du matin. C'est vraiment enquis de dor-
686 2276 3602 2450 mir en plein air par une belle nuit d'été. On me l'avait vanté
682 2462 1797 2607 il n'y a pas longtemps.
541 2557 3536 2735 VER. Tu ne penses pas j'espère, t'enprendre à Genia ou à lui. la
698 2760 3731 2937 seule chose que tu puisses et doives faire - c'est une fin nette
426 2867 1929 3098 Pr.J. B.H.C.- Oui te parle de fin :
1000 3020 1409 3156 va de ser.
430 3061 3590 3239 Cela du peux d'ailleurs le faire sans bruit. Tu
669 3239 3673 3408 n'as qu'à partir pour l'Amérique un peu plus tôt aus tu en avais
657 3400 1272 3569 l'intention.
1310 3470 1975 3635 accompagnére
430 3582 2553 3731 FRURRIe.- Genia xxx en Amérique.
442 3706 1049 3892 AU R.– Ah -?
508 3854 1124 4061 EDERIC. - Oui.
2661 3875 3280 4061 d’interpréter
463 4024 3710 4193 . - (haussant les épaules) Tu me per lettres de prendre cette connu¬
1095 4164 1409 4255 comme
665 4131 3681 4354 nication dans la dernière preuve de ta confiance, jusqu'à nouvel
644 4358 1822 4524 ordre. Waintenant
409 4462 3528 4697 RATTER (arrive) -- Oh, bonsoir, docteur Mauer, comment-allez-vous?
644 4639 3470 4825 Mon cher Hofreiter, je voulais vous demander, parce que nous
644 4805 2599 5028 n'allons plus pouvoir rester longte ps...
409 4924 3094 5197 TAUER.- Tu me permets d'aller dire bonsoir à ta femme....
