3752 5256
1630 197 1917 406 — 62 —
2798 240 3034 449 1
222 355 1027 578 ENST0CK (sourbant)
1023 381 3496 633 La tour Aigner?!.... La Tour Aignar est l'excursion
633 608 3474 762 la plus difficile de toute la contrée. On la fait rarement.
629 779 3650 1006 Seulement les alpinistes les plus entrainés, et qui ne craignent
633 937 3380 1142 pas le vertige. Personne n'y est encore allé cette année.
81 1040 291 1288 DEYER
638 1095 2760 1309 Pardon, je ne voulais pas dire la Tour Aigner
2747 1147 3449 1309 (Il regarde la
2837 1275 3123 1391 carte)
3106 1322 3607 1515 Je voulais
620 1429 2593 1626 dire fotwand.- Ce n'est pas si mauvais?
90 1613 539 1806 OSENSTOCK
646 1587 2867 1776 certainement non. Un enfant pourrait y monter.
646 1763 2144 1934 Il n'y est jamais rien arrivé?
81 1776 304 1964 iEYER
633 1947 3286 2092 Si, il y a aussi des gens qui sont tombés quelquefois du
81 1908 531 2169 OSENSTOCK
599 2054 1035 2242 Kotwand.
81 2234 321 2426 EEYER
629 2216 1164 2392 Comment?!
73 2396 522 2644 OSENST0CK
629 2383 3329 2576 C'est toujours comme ça dans la montagne. Il y a partout
603 2559 1596 2734 des amateurs
608 2696 2922 2897 Hum. Eh bien, je vous remercie beaucoup, portier.
86 2850 526 3064 ENSTOCK
603 2871 1647 3064 à votre service.
766 2982 3440 3179 (Le Docteur Meyer s'éloigne, s'adsied dans un coin à une
864 3145 2884 3320 table, étudie sa carte, puis il s'éloigne).
90 3183 3273 3491 EUX JEUNES TOURISTES (Rucksack, Havelock, canne ferrée, viennent du
1314 3380 1677 3500 dehors)
107 3496 1421 3718 EMIER TOURISTE (très assuré)
1450 3504 2623 3817 Bonjour, bonsoir plutôt.
103 3671 522 3924 Pesemstocke
608 3731 1493 3954 Bonjour Messieurs.
103 3898 3534 4133 REMIER TOURISTE Dites-moi, avez une chambre à deux lite, ou deux chambres
826 4048 1382 4270 à un lit?
90 4210 526 4399 JOSENSTOCK
826 4210 2490 4399 Si Monsieur veut me dire son nom?
94 4360 3504 4604 REMIER TOURISTE Ah - il faut se présenter ici? Bogenheimer, Etudiant en
830 4510 3590 4694 droit à Halle. Natif de Meschurg, religion protestante...
94 4621 2319 4921 SENSTOCK (très poli mais avec un léger sourire)
2268 4690 3534 4985 Je voulais seulement deman¬
