3864 5256
1482 148 1868 441 — 101 —
238 374 3271 686 GENIA.- Ne serait-Se pas le plus sage? Nous ne nous verrons plus
495 585 885 780 jamais.
534 752 2117 986 Genia! Dans deux ans je serai lh.
226 706 511 916 OTTO.
246 877 1345 1096 CENIA6- Dans deux ans!
230 1088 3291 1279 OTTO.- Si tu as confiance en moi, Genia. Je puis être là plus tôt
487 1220 3524 1478 aussi. Benucoup plus tôt. Il y a d'autres possibilités pour moi...
491 1384 2667 1563 Tu le sais... Je ne devrais pas partir, Genis.
214 1521 3119 1743 GEMIA.- Tu le dois. Il le faut, plutôt, c'est un commandement.
289 1704 2176 1883 TTO. - Comment pourrai-je vivre sans toi!
230 1848 3345 2047 GENIA.- Tu le pourras. C'était beau nais c'est maintenant du passé.
480 2008 3287 2187 Sois heureux dans ton voyage, Otto, et heureur dans ta vie.
1567 2164 2016 2304 (silence)
218 2292 2164 2526 OTTO.- Que feras-tu quand je serai parti?
218 2386 3357 2651 L'ENIA. - Je ne sais pas. Aujourd'hui je ne le sais paa. que savions-
480 2624 3497 2807 nous de maintenant il y a quelques semaines, même quelque jours
472 2776 3162 2971 ... on glisse. On glisse toujours plus loin, qui sait où
312 2967 3333 3138 TO.- Comment peux-tu dire... Oh, je te comprends! Tu parles ainsi
472 3123 3423 3318 pour me rendre notre séparation plus légère. Genia... souviens-
487 3263 1131 3466 toi, Genia...
211 3427 2897 3626 CENIA.- Je me souviens. Oh, oui je me souviens (Amèrement)
2916 3470 3411 3630 Mais l'ou¬
472 3649 1918 3809 bli ne commence pas autrement.
511 3793 2577 3973 Tu as donc plaisir à me faire de la peine?
565 3953 3431 4109 Pourquoi me crois-tu meilleure que je ne suis? Je ne Suis pas
207 3977 515 4144 GENIA.
460 4113 3446 4265 meilleure que d'autres. Tu ne remarques pas? Je menis, je dissi¬
472 4230 3505 4448 null. Je joue la comédie devant tout le monde, - devant M. Natter
456 4382 3369 4597 et devant Mme Wahl... devant ta mère aussi bien que devant ma
468 4581 3501 4780 feume de chambre. Je joue à l'honnete femme - et la nuit je laisse
448 4725 3489 4936 ma fenêtre ouverte pour mon amant. J'éoris à mon fils qu'il peut
795 4905 1138 5064 Jour. C
