4152 5224
2057 297 2383 439 136 —
598 276 890 477 ERNA
1099 280 3340 627 Et - où que tu aillee Frédéric - je te suivrai.
602 431 861 631 FRED
1083 464 2541 723 Merci. Je ne puis l'accepter.
594 623 874 815 ERNA
1074 648 3841 940 Je pense plus fort encore qu'avant, Frédéric, que nous nous
1078 794 1689 991 appartenons.
573 907 823 1145 ERED
1066 928 3917 1258 Erreur, tu es en ce moment sous l'impression de ce qui vient
1041 1120 3879 1388 de se passer. Probablement xxxx t'en impose, mais c'est une
2299 1137 2730 1246 mon geste
1062 1313 3958 1580 Illusion. Tout est illusion. Prochainement, ce sera la déten¬
1045 1421 3737 1710 te. C'est fini entre nous, Erna. Tu es vingt ans, tu ne
1028 1597 1889 1789 m'appartiens pas.
539 1701 2077 1973 ERNA (toujours à la même place)
2057 1831 3344 2094 Tu es plus jeune que tous.
527 1927 773 2128 FRED
999 1977 3862 2266 Tais toi! Je sais ce qu'est la jeunesse. Il n'y a pas encore
995 2140 3892 2391 une heure, je l'ai vue briller et rire dans des yeux froids et
970 2332 3841 2596 insolente. Je sais ce qu'est la jeunesse.- Et on ne peut pas
777 2483 3298 2700 tous les tuer. Reste où tu es, amuse-toi bien et....
510 2575 1601 2809 ERNA (prète l'oreille)
1613 2709 2186 2934 Une voiture
456 2746 1488 3022 FRED (reste immobile)
1513 2867 1873 3148 Peroy.
468 3051 3829 3403 ERNA (maintenant un peu plus près de lui) crois-moi Frédéric, je t'aime
940 3210 1643 3432 je suis à toi.
447 3340 736 3557 FRED
765 3361 3896 3657 Moi, je ne suis à personne au monde, à personné. Et je le veux
924 3507 1442 3724 ainsi....
426 3595 2541 3933 VOIX D'ENFANT DANS LE JARDIN - Mamant Papa :
405 3829 711 4038 FRED
899 3837 1129 3988 Perc.
1133 3875 3729 4255 (Il dit d'une voix faible et gémissante) Me voila, Percy
886 4109 1860 4335 j'arrive. Je suis 1.
1889 4234 3616 4527 (il sort rapidement sur la véranda).
401 4368 1496 4602 ERNA (reste immobile).
92 4268 326 4598 14
1705 4803 2103 5041 RIDEAU.
