3800 5240
1414 252 1723 448 77 -
512 395 1215 609 Drôle de goût.
139 402 323 594 CNER
523 568 3415 760 C'est le jeu le plus difficile qui existe; bien plus difficulté
135 575 357 782 STAVE
470 722 3426 895 que les échecs. Savez-vous combien il y a de combinaisons dans
493 861 940 1076 ce jeu?
512 1016 2298 1230 Comment voulez-vous que je le sache?
94 1185 357 1395 STAVE
504 1174 3445 1373 Jo le sais.... Je me suis occupé cette année de la philosophie
508 1335 970 1531 des jeux.
504 1482 1862 1670 Et vous n'avez pas tremblé?
512 1644 2535 1847 Pourquoi? Il m'est indifférent de perdre.
105 1678 346 1828 STAVE
500 1790 3096 1956 Pendant que votre soeur. là-haut, entre ciel et terre....
504 1990 3265 2159 Mais pardon, il ne peut rien arriver à ma soeur, elle vivra
94 1960 335 2200 nisten
512 2125 1230 2306 jusqu'à 84 ans.
512 2261 1553 2460 Vous en êtes certain?
105 2445 335 2625 STAVE
496 2445 3261 2584 J'ai fait son horoscope. Elle est nue sous le acorpion...
485 2580 3363 2742 Elle pourra à 83 ans traverser encore des placiers, si ça lui
496 2731 1151 2941 fait plaisir.
493 2926 3265 3065 Vous n'allez pas me raconter que vous croyez à ces bêtises.
493 3065 3517 3280 Pourquoi pas? Je reconnais presque toujours su premier regard
90 3073 335 3295 STAVE
493 3205 2719 3411 sous quelle constellation sont nés les gens...
79 3325 380 3607 RHON
493 3408 3483 3615 (arrivé. Petite, jolie, assez grosse; saute au cou de son mari)
493 3547 955 3735 Me voilà.
98 3679 820 3927 D'AVE (à Aignor)
839 3739 1685 3964 Regerdez-les......
83 3949 282 4126 GENER.
485 3900 1053 4104 Eh bien —?
71 4092 323 4288 STAVE
496 4081 2185 4265 Visiblement scus le Capricorne!....
455 4224 2614 4438 Allons, laisse-moi, nous ne sommes pas seuls.
75 4419 282 4604 GENER.
470 4431 2144 4592 Je vous en prie ne vous gènez-pas.
64 4566 771 4796 ON (froidement)
850 4660 2539 4852 Eh bien, était-ce beau, mon enfant?
75 4792 380 4984 RHON
414 4829 1076 5018 Merveilleux.
