4248 5352
1705 257 2113 502 —107— „
432 383 3716 718 FRS FRIC.- Il ne faut pas parler de l'avenir, enfant. On ne doit rien
706 681 3683 897 prédire, ni pour soi ni pour les autres. Même pour la prochaine-
1036 795 1460 934 qui vient!
702 844 1591 1007 minute Crois-moi.
771 905 3687 1171 Et penses-tu vraiment que si j'aimais quelqu'un après toi - je
457 1032 714 1203 ERNA.
730 1146 1835 1322 pourrais lui cacher...
461 1273 3565 1530 FRELERIC.- certainement,tu le pourrais. Et tu aurais raison. Je ne
722 1432 2896 1668 l'assure, nous ne méritons pas autre chose....
473 1603 2716 1844 ERMA.- "Nous"... Il y en a de meilleurs que toi.
473 1795 2031 1974 FREDERIC. - Crois-tu? (Il se lève)
534 1905 3667 2162 RNA. - Qu'as-tu donc? Pourquoi es-tu si distrait? pourquoi regardes-
755 2060 3026 2317 tu toujours vers la porte? Attends-tu quelqu'un?
498 2256 2052 2464 FREDERIC.- Oui, le docteur Mauer.
494 2394 2427 2619 ERHA.- Le docteur Mauer? que lui veux-tu?
616 2561 2651 2802 EDERIC.- C'est pour une question d'affaires.
502 2729 2182 2920 ERNA. - Mauer n'est pas un avocat....
710 2867 1591 3092 ERIC. - Mais un ami.
526 2977 2264 3243 ERTA.- Crois-tu qu'il leseit toujours?
604 3157 3683 3389 EDERIC.- Oui. De telles choses ne dépendent pas des expériences?..
1566 3292 2064 3430 ensemble.
775 3316 3781 3544 qu'on a pu faire l'un avec l'autre. C'est parce que les rapports
795 3479 3671 3691 intimes subsistent que les désillusions font souffrir... Mais
791 3589 3785 3867 comme ces choses-là sont toujours liées... Vois-tu il y a seule-
804 3777 3720 3993 ment des amours eiernelles et des amities éternelles. Et Mauer
824 3822 1020 3924 que
791 3912 3773 4160 est et reste mon unique ami. C'est un point acquis... Même s'il
791 4087 3316 4319 devait me tuer un jour, il n'en serait pas autrement.
542 4283 2839 4495 ERNA.- Qu'as-tu donc de si important à lui dire?
575 4405 2912 4731 FREDERIC.- Cela a trait à mon voyage en Amérique.
510 4638 2141 4899 ERNA. - Tu es donc décidé à partir?
510 4764 3744 5062 FREDERIC.- Oui... Et il y a bien des choses à régler - du passé pour
