4184 5448
3246 384 3453 525 : 1:
1809 458 2032 591 -19-
582 405 752 603 17
714 566 3527 781 DERIC.- Dear Mother, C'est pour toi. Rien qu'une carte. uel
789 772 1792 938 paresseux garne ent.
648 909 3696 1086 UER. - Pourquoi veux-tu qu'un garçon de 1 ans écrive des lettres ;
785 1041 1809 1272 et en anglais encore.
624 1161 3263 1441 EDERIC.- Il pourrait le faire aussi bien ou'en Allemand.
545 1243 3721 1598 J.AUER.- Allons au revoir. Je serai là dans une demi-heure. De cigare
801 1503 3634 1751 ne tire pas. Ce n'est pas une superstition. Ne vous dérangez
801 1697 1028 1879 pas.
1735 1830 2333 2032 (11 sort)
1681 1982 2433 2177 FRADERIC. GENIA
789 1999 3667 2325 RIC.- Oui, tu as très bien fait de ne pas aller là-bas, Genia.
814 2259 2511 2499 Les discours... et le temps avec çà.
2544 2284 3692 2532 Il regarde distraitement
1214 2433 2598 2614 les lettres et les journaux).
2573 2482 3639 2713 Du reste, au moment où
797 2651 3655 2821 on descendait le cercueil en terre le soleil s'est leve brus¬
578 2796 3680 3019 V leuement.- (Eilence) - Nous sommes bien jeudi aujourd'hui? Il
805 2949 3696 3164 nurait dû dîner avec nous ce soir. Il faudra que je dise cela
809 3102 3358 3321 à Mauer.... Ecoute, laisse-m i lire la carte de Percy.
562 3250 3370 3477 CERIA.- (lui tend la carte. Dans quatre semaines il sera là.
553 3444 3696 3639 ENEDERIC.- (lisant) Allons, les meilleurs devoirs en grec. ce n'est
826 3589 3841 3779 pas trop mauvais. Peut-être deviendra-t-il philologue ou archéo-
826 3721 3882 3940 logue. " propos, as-tu lu hiér dans le tailv telegraph l'articl.
838 3895 2594 4089 sur les dernières fouilles en crète?
566 4014 1185 4291 CENIA. - Non.
574 4171 3676 4460 PRERIC.- Très interessant à C'est là où nous devrions bien aller
826 4411 1202 4588 aussi!
1858 4456 2317 4613 (silence)
574 4485 3895 4803 CENIA.- Es-tu parlé serieusement tout à l'heure au sujet de l'Amérique?
582 4762 3659 4973 FREDERIC.- Naturellement. M'aurais-tu pas plaisir à venir, Genia?
838 4902 3742 5121 A New-York même, je n'aurais pas longtemps à faire. Mais nous
