4232 5352
1835 228 2151 482 - 108 —
648 419 3065 635 lesquelles j'ai besoin de Mauer. Des chors et fasse
390 610 1416 814 ERNA.- Du... passé...?
403 743 3704 1022 FREDERIC.- Quelle enfant! Une femme légitime ne serait pas plus ourieu-
669 951 2948 1084 se. Ce sont du reste des histoires sans intérêt.
407 1051 2674 1271 ERNA.- Qui te rendent bien nerveux il me semble.
490 1183 3687 1433 EDERIO. - Tu en as l'impression. Je ne crois pas. Je suis seulement un
681 1366 2300 1574 peu fatigué par une mauvaise nuit.
478 1536 2458 1744 RNA.- Comment? Tu as donc voyagé de nuit?
415 1698 3604 1906 FRED RIC.- Non, mais je n'ai pas beaucoup dor i non plus. Je me suis
681 1860 1952 2076 promené sous des fenêtres.
424 2031 1320 2255 ARNA.- Cette nuit?
436 2139 3725 2392 MRATERIC.-Oui. Cette nuit. Cela t'étonne? Je crois t'avoir dit un cer¬
714 2259 3775 2521 tain soir... que je comprenais maintenant toutes ces choses - pro¬
698 2492 3555 2645 menades sous les fenètres, sérénades - assassinat... suicide
756 2620 3588 2820 Je ne te comprends pas. Sous les fenèetres de qui... t'es-tu
461 2695 718 2857 ERNA.
710 2836 1229 3011 promené...
461 2944 2425 3152 FREDERIC. Sous les tiennes, naturellement.
457 3098 3226 3322 ERMA.- Sous les miennes? u'est-ce que tu me racontes là...
478 3226 3775 3471 FREDERIO.- Tu ne me crois pas? Eh bien, écoutes! Je suis venu hier soir
735 3359 3800 3604 ici, aussitôt après mon arrivée à Vienne. Il était environ minuit
743 3538 3650 3779 quand je me suis trouvé sous ta fenêtre. Tu avais encore de la
731 3687 3712 3928 lumière. J'ai vu glisser ton ombre sur le rideau. Si ta chambre
735 3870 2699 4103 avait été au rez-de-chaussée... qui sait.
490 4015 2608 4302 ERNA.- Tu étais sous ma fe être!! - Et alors?
507 4157 3654 4418 FRENIC.- Alors je suis reparti. J'avais vu ton ombre, j’avais été
747 4373 2305 4597 près de toi. Je t'avais désirée.
515 4410 3152 4734 ERNA.- Tu avais... Frederic.! Et on es-tu alle ensuite?
502 4601 3845 4904 rnⱥDanIC.- Je suis retourne à Vienne. Mon auto avait attendu sur la pla
781 4742 3862 5049 ce de l'eglise. J'avais d'ailleurs à faire ce matin au bureau, de
785 4991 1387 5203 bonne heure.
