4136 5448
594 309 903 449 "F.T."
2451 345 2667 638 : 1
2760 321 2988 626 P.M.
1913 377 2126 614 -27-
3678 309 3911 606 ein.
1063 409 1260 674 V.H.P.
521 582 3578 862 FREDERIC.- Ah, tu la sais par coeur. "Ce que je désigne par le mot
890 802 3614 1043 insensé de fidelité, n'est au fond que l'espoir qu'il vous
886 963 1857 1127 riendra un jour".
509 1095 3714 1300 CENIA.- C'était sa manière de voir. Tu sais que je ne l'empère pas -
794 1256 2082 1464 et que je ne souhaite rien.
509 1392 3674 1661 FREDERIC.- (la regarde, puis) " uand je vous ai parlé hier, j'étais
838 1592 3747 1753 dejà décide". Hier?... Il était là dimanche? Oui, c'est vrai
830 1725 3566 1885 Vous vous promeniez dans l'allée de long en large... oui...
1207 1897 1605 2086 (II lit)
1701 1949 3698 2170 Quand je vous ai parlé hier, je savais déjà
794 2098 3646 2278 " que ma décision dépendrait d'un oùI ou d’un NON de vous. Je
806 2262 3722 2467 ne vus l'ai pas dit car je craignais que si vous aviez soup-
866 2435 3779 2583 çonné qu'il me fût tout à fait impossible de continuer à vivre
810 2551 3819 2756 " dans vous... "Il écrit un peu longuement M. Alexis Korsakow...
1195 2756 3486 2900 (On entend la musique du casino un peu assourdie)
842 2932 3626 3137 ne voulais pas devoir mon bonheur à une obligation ni à une
842 3109 3670 3329 sorte de contrainte, c'est pourquoi... "Aurais-tu dit OUI,si
770 3289 3333 3462 tu avais su qu'il s'agissait de la vie ou de la mort?
501 3369 3726 3602 ONNIA.- Si je l'avais SU...? Comment peut-on savoir... Je ne l'aurais
766 3570 2880 3787 pas cru. Je ne l'aurais certainement pas cru.
489 3662 3305 3919 FREDERIC. - Je veux te poser la question d'une autre manière.
497 3907 3586 4164 Paul KREINDL (elegant, jeune, mis à la dernière mode, parait à la
1191 4095 1512 4280 porte).
1508 4128 3755 4288 Bonsoir! Je vous présente mes hommages, madame!
485 4260 3161 4509 FREDERIC.- Qu'est-cer... ah, Paul, c'est vous! (11 monte)
501 4456 2086 4609 PAUL. - Excusez-moi (Il s'approche)
2082 4537 3662 4701 Je ne veux pas vous déranger. Je
742 4669 3726 4854 suis envoyé du casino par Mme von Wahl et made oiselle Erna, le
718 4854 3145 5030 lieutenant von Aigner et le capitaine Stanzides....
501 4974 1685 5199 FREDERIC.- Il sort déjà?
