4152 5448
1456 319 1935 590 -20-
742 658 3622 870 itions ensuite à Chiengo, à Washington et à St-Louis... Et je
754 810 3658 1001 trouve que nous aurions tort de ne pas profiter. Ce cette occa¬
738 957 3658 1145 sion pour pousser un peu plus loin - jusqu'à an Francisco. Te
742 1109 3534 1272 rappelles-tu ce que le pauvre Korsakow nous a raconté de sa
750 1256 3470 1488 tournée à travers la Californier Ce doit être merveilleux.
475 1400 2928 1623 GEMIA.- de serait alors un voyage de plusieurs mois.
674 1556 3769 1771 DRIC.- Dui, si à ce moment les affaires sont en ordre ici, surtout
742 1755 3662 1923 la nouvelle construction; nous pourrions alors prol nger notre
774 1871 3071 2110 voyage jusqu'au printemps. llons... décide-toi.
515 1947 2090 2274 DE I. - (secoue lentement la tête)
774 2138 3550 2373 10.- Crains-tu le voyage en mer 'Noyons, avec les nouveaux
2904 2294 3211 2417 remède.
774 2329 3797 2525 bateaux! Et justement en vient de découvrir un mijen parfaitement
766 2509 3267 2684 sûr contre le mal de mer. Des vitrations électriques.
499 2672 3598 2920 GemIA.- Je ne ois pas que je me déciderai. malgré les wordi¬
778 2796 2740 3071 électriques. Esis,j'ai une autre inée....
499 2972 1524 3195 FREDERIC.- Laquelle?
495 3031 3642 3378 CERIA.- Pendant que tu seras là-bas j'irai volontiers en Engleterre
798 3279 1460 3518 près de Percy.
483 3402 3690 3710 FREDZIC.- (La regarde du voin de l'oeil) Num. 11 ne serait pas sou¬
778 3630 2094 3817 vent près de toi en remiter
495 3694 3690 3997 CINIA.- Il pour ait suivue ses mours comme externe pendant. ce temps,
786 3873 3769 4065 comme le fils de ma soeur Mary. Et je pourrais habiter avec lui.
586 4037 3718 4252 il n'est es nue c'est que cela.... d'ol te vient cette idée
786 4228 1623 4428 brusquement?...
515 4304 3534 4611 CHNIA.- Elle ne me vient pas brusque ent. Je t'en ai dejà parlé.
778 4507 3722 4735 rappelle-tol. Et comme tu parais décidé à laisser Bercy encore
798 4687 2134 4918 au moins/deux ans là-bas....
515 4763 3574 5026 FRERIC.- Naturellement. Tu vois combien il se develppe là-bas.
794 4982 3634 5209 Ce serait vraiment très égoïste de notre part de le rappeler
