3768 5224
1499 175 1832 359 — 67 —
329 329 1063 581 rock 4à Mme Nahl
1157 342 3407 594 Vous n'avez pas besoin de vous inquièter, madame,
628 568 2844 752 ces Messieurs et dames ont même pris un guide.
619 683 3454 897 Un guide pour Hofbrandhutte? Je n'en savais rien. Ecoutez,
235 722 436 935 WAhl.
628 854 2084 1059 cela me parait bien singulier.
640 1003 3476 1191 C'est seulement à cause des rucksack. On a besoin de quelqu'
102 935 529 1213 JOSENSTOCK
611 1183 3467 1388 un pour les porter. D'ailleurs mademoiselle votre fille est
619 1319 2635 1524 une alpiniste tout à fait remarquable......
602 1494 2105 1687 Bernhaupt l'était aussi......
102 1465 427 1670 ne Wahl
619 1640 3489 1789 Oui.....“la mort a vite fait de rencontser l’homme. Elle ne
115 1648 512 1849 SENSTOCK
602 1793 1986 1968 lui donne pas de délai......
598 1947 1695 2156 Je vous en prie!.....
124 1939 444 2148 o. Wahl.
602 2122 3121 2284 Oh pardon!... cela ne se rapporte naturellement pas à
120 2148 504 2302 SENST0CK
602 2259 1836 2434 mademoiselle votre fille.
589 2417 3518 2588 J'ai dû laisser un livre par ici, mon von Rosenstock, donnez-le
107 2400 418 2613 Das WABL
598 2566 3420 2741 moi... dans une reliure jaune.... un livre de Rhon... oui,
602 2720 3493 2972 c'est celui-là... je vais m'asseoir là et lire un peu... si
615 2895 1050 3083 je peux.
611 3027 3497 3292 Oh ce livre vous distraira certainement madame, Monsieur Rhon
98 3019 495 3288 SENSTOCK
555 3211 1255 3433 écrit si bien.
102 3386 1477 3583 se Wahl (sàassied à une table)
478 3433 3553 3723 (qui était près de là avec sa carte dépliée, ce risque de nouveau)
107 3561 453 3753 MEYER
589 3698 3510 3873 Je veux seulement vous poser une question Portier, je lie dans
589 3834 3489 3980 le Baedecker que l'ascension est très difficile et je voulais
602 3945 3612 4206 vous demander s'il ne vaudrait pas mieux prendre deux guide...
615 4112 3433 4351 Certainement, vous pouvez aussi prendre deux guide docteur,
85 4121 504 4338 Desenstocke
90 4270 3527 4496 RKNITZ (descend l'escalier, Grand, fort, vêtement de Ioden, négligemment
598 4424 3399 4573 habillé, chemise de sport avec une cordelière, à Rosenstock
611 4509 1738 4706 sans s'occuper de Weyer
1810 4522 2822 4727 Il y a des lettres?
598 4680 3348 4893 Pas encore M. von Serknitz. Dene une demi-heure environ.
94 4667 495 4893 SENSTOCK
598 4876 2746 5073 Pardon: le facteur est monté depuis longtemps
81 4872 410 5090 RUKNITZ
