4168 5368
1681 245 2848 477 —2:3— • • •
353 477 3678 664 FREDRIC.- Je l'espère, (bas) et bientôt. Dans une heure, dans le parc.
353 635 1005 863 OTTO. - (sort)
365 822 3587 1025 RAUL. - (dit tout bas quelque chose à Gustave, et suit Otto avec lui).
361 951 1457 1150 ERMA. - (reste innobile)
369 1117 1241 1324 GENIA. - (immobile)
369 1216 3674 1474 lème WaHl.- (regarde autour d'elle perplexe, puis se trouve vers Adèle).
378 1411 3093 1623 CÄATTER.- Nous ne voulons pas vous déranger plus longtemps.
423 1586 3558 1773 FREDERIC.- Oh non, cela ne fait rien - au contraire (A Mauer à part)
643 1719 2229 1959 J'espère pouvoir compter sur toi.
399 1851 2495 2121 AUER.- Non. Je ne veux pas me mêler de ça.
390 1997 3624 2304 FREDERIC.- Comme médecin, Mauer. Tu ne peux pas me refuser, c'est ton
656 2246 1017 2416 devoir.
415 2379 2042 2599 ###AUER.(hausse les épaules) Allons.
394 2532 2146 2748 FREDERIC.- Merci. on cher Stanzides.
411 2702 2287 2889 sere. Vous pou ez compter sur moi.
399 2806 3205 3059 REDERIC.- Je vous remercie. Natter, puis-je vous demander?
423 3014 1918 3209 ETTER.- Mon cher Hofreiter......
407 3089 3736 3371 FRETERIC.- (prend Natter à part sur le devant) Je pense que nous sommes
668 3271 3641 3466 d'accord dans notre manière d'envisager la vie, n'est-ce pas? A
664 3508 1420 3715 mourir de rire.
415 3620 1851 3848 RATTER.- Je l'ai toujours dit.
419 3740 3466 4010 FRED.- La toute dernière plaisanterie serait encore plus piquante
693 3898 2781 4135 pour moi, - si vous vouliez être mon témoin.
428 4068 3421 4338 RATTER. - Volontiers. Le Lieutenant ne tire certainement pas mal.
436 4184 3508 4458 GENIA. - (Avec une soudaine résolution) vers Frederic) Frederic...
440 4417 1445 4658 FREDERIC.- Plus tard.
432 4579 1511 4815 CENIA. - Tout de suite.
440 4670 3392 5015 EREDERIC. (aux autres) Vous m'excusez (Avec elle sur le devant)
