4168 5256
1911 176 2237 341 — 129 -
485 284 2320 521 Mme MEINHOLD Naturellement je le sais
2313 481 2780 611 (souriant)
2772 535 3800 733 Otto m'a transmis hier
1146 632 2191 837 soit ses salutations.
485 790 801 988 GENIA
1142 848 3634 1020 Ah, monsieur votre fils vous quitte aujourd'hui...?
485 952 1085 1113 Mme MEINHOUD.
1149 998 3746 1160 Mon fils est déjà parti. Il est parti hier soir par le
1146 1110 3444 1354 dernier train. Et aujourd'hui il partpour Pola.
478 1246 758 1465 CENIA
1138 1307 2047 1494 Déjà ce soir? Ah!
467 1426 1085 1641 Mme MEINHOLI
1153 1426 2266 1609 Ne le saviez-vous pas?
463 1591 794 1763 GENIA
1138 1605 2155 1799 Oh je le savais bien.
2245 1591 3580 1806 Mais je penseis qu'il voulait
1498 1724 2158 1828 entierement
1142 1778 3322 1964 consacrer à cette journée antibrament à sa mère.
442 1896 1077 2097 Mme MEINHOUD
1131 1946 3735 2112 Il a encore une foule de choses à faire en ville, aussi
1128 2061 3868 2262 nous nous sommes dit adieu dès hier soir...... C'est mieux
1128 2194 1451 2421 hinsi.
1128 2381 2313 2561 Certainsment c'est mieux.
452 2374 736 2546 CENIA
438 2507 1081 2719 Mme MEINHOUD.
1128 2557 3864 2708 Voua pouvez penser madame Genia combien je me suis trouvée
1117 2690 3936 2902 seule ce matin, quand je me suis mesise sous la tonnelle pour
1103 2869 3814 3038 déjeuner. Maintenant ma petite maison est tout à coup si
1103 3024 3889 3189 vide.... comme Je n'y étais plus habituée depuis longtemps.
1067 3167 3800 3343 J'ai été Rendant un certain temps vraiment gâtée -,malgré
1092 3325 3728 3523 tout. Et le pensée qu'il est maintenant parti pour si
2104 3451 2446 3555 rend la
1092 3476 3914 3642 longtempe et si loin fait ma maison encore plus vide et plus
1088 3670 3412 3846 triste. C'est pourquoi j'ai préféré partir......
427 3771 711 3965 GENIA
1081 3800 1871 3990 Je le comprends.
413 3954 1034 4173 Mme MEINHOUD.
1092 3950 3760 4101 Ce n'est pas avec l'intention de vous déranger de si bon
1077 4108 3785 4256 matin, madame Genia, je dois voue l'avouer. Pas du tout.
1056 4245 3943 4464 Je voulais faire une propenade..... une promenade solitaire
1074 4410 3929 4615 dans le forêt. Et maintenant je suis là. Dieu sait comment,
1067 4575 2683 4762 Quelque chose doit m'avoir poussée
2675 4661 3932 4898 (Elle la regard longuement)
391 4758 1742 5049 GENIA (rencontre son regard)
1788 4855 2593 5042 Je vous remercie.
