3704 5240
1411 288 1745 489 - 76 -
138 406 3302 599 MEYER (avec sa carte tout à fait dépliée, parle tout bas su portier)
146 603 2723 788 ENSTOCK Voilà justement un guide, Monsieur le Docteur?
536 725 1119 922 Merci bien
1072 855 1442 1032 (à Penn.)
1474 942 2380 1091 Permettez-moi
138 985 567 1229 tave WABL
599 1024 3207 1206 (arrive dans un contume d'été élégant; il parle avec une
642 1170 3499 1340 indolence un peu affectée, parfois au contraire intentionnel-
623 1273 2790 1418 lement avec importance. Toujours avec humour)
106 1375 335 1615 STAVE
528 1395 3451 1517 Bonsoiz, Directeur, bonsoir Maître Rhon. Mes complimente pour
528 1552 2939 1686 Madame Rhon. Elle joue merveilleusement au domino,
540 1698 3444 1856 Vous avez joué au,domino, avec elle? Pourquoi n'avez-vous pas
540 1828 3373 2017 été jusqu'à la Tour Aigner? Vous êtes pourtant unoriste
532 2002 3455 2171 fameux. N'étiez-vous pas l'année dernière dans l'Himalaya, ou
528 2163 993 2344 bien....
98 2313 359 2541 ursimi
512 2305 3495 2510 J'ai abandonné depuis longtemps l'alpinisme; je ne visite plus
540 2455 2746 2663 que les refuges. C'est très intéressant aussi.
520 2569 3388 2762 Et vous avez joué tout le temps auKdomino? Pendant que les
516 2754 3416 2916 autres grimpsient au péril de leur vie? De ma femme, cela ne
516 2939 3522 3097 m'étonne pas. Les femmes n'ont aucune fantaisie. Mais vous...
516 3077 3373 3254 Nous n'avons pas joué tout le tempe. J'ai d'abord essayé de
508 3219 2187 3451 lier conversation avec votre femme.
516 3404 2782 3613 Sur la philosophie bouddhique vraisemblablement.
512 3578 926 3731 Surtout.
508 3692 2317 3932 Ma femme ne s'intéresse pas à Bouddha.
508 3877 3444 4058 Oui, j'en ai eu l'impression. Et alors j'ai préféré jouer aux
504 4038 3483 4243 dominojavec elle. Mais en plein air s'il vous plait! Sur une
492 4212 3522 4366 merveilleuse prairie couverte de fleur des Alpes les plus rarest
492 4322 2817 4586 Depuis quand y a-t-il un jeu de domino, là haut?
87 4503 307 4720 TAVE
508 4480 3511 4704 Cela se trouve toujours. Cette fola il était dans mon rucksack.
485 4649 3522 4897 Je ne quitte guère la maison pour longtemps sans emporter un jeu
485 4815 1013 5051 de dominq.
