4168 5272
1656 161 2028 312 - 127 -
957 301 3494 545 Non. J'ai veille. Et à cinq heures du matin j'ai vu
333 290 584 552 ERNA
971 509 3663 710 partir mon frère. Dans un instant nous pouvons apprendre
982 667 3831 878 comment les choses se sont passées. Pendant que nous parlons
978 828 2706 1036 ici, tout est fini depuis longtemps.
989 975 3741 1218 Erna - je vous le dis, Frédéric est allé en ville chez son
355 993 652 1186 GENIA
993 1175 2236 1351 avocat.... probablement.
993 1297 3770 1473 Il n'est pas allé chez son avocat. Je le sais. J'ai parlé
369 1347 634 1555 ERNA
1036 1416 3734 1623 à mon frère ce matin au moment de son départ. Tout a été
993 1580 3706 1781 arrangé an  hier soir. Le duel a eu lieu ce matin à 8
993 1742 3831 1903 heures. Je pense que ce n'est par loin d'ici, dans la forêt
1007 1899 3781 2075 d'Heiligenkreuz, probablement. Et maintenant tout est....
1007 2118 1416 2254 termino.
1003 2243 3784 2430 Eh bien, alors c'est fini.... Il n'y a plus rien à changer,
383 2269 677 2473 CENIA
1003 2380 3788 2587 n'est-ce pas? Dans la forêt d'Heiligenkreuz, croyez-vous?
1014 2519 3835 2702 Ils doivent être assis maintenant dans le jardin du couvent,
1394 2673 1914 2810 ombrage
1061 2702 3881 2871 sous l'ombre du feuillage et ils fêtent 1
1018 2828 3824 3025 Le déjeuneletait déjà commandé d'avance par les témoins. Et
1029 2978 3863 3186 on est si vite réconcilié, quand on n'a pas vraiment de motif
1029 3164 3910 3333 d'être fâché l'uh contre l'autre. Que pensez-vous Ema, vous
1036 3304 3817 3505 boires à notre santé? Pourquoi pas. La vie est si drôle.
1046 3483 3684 3695 Peut-être vont ils arriver ici ensemble bras dessus bras
1046 3655 3326 3813 dessous... Nous devrions aller à leur rencontre.
1029 3788 3638 3992 Je vais à la maison.... Peut-être mon frère est-il déjà
419 3853 670 4050 ERNA
1050 3989 1785 4157 de retour......
1039 4103 3516 4275 Bien - allez à la maison, Erna, j'attendrai ici....
423 4125 753 4347 GENIA
434 4254 2430 4490 ERNA (semble prêter l'oreille au dehors)
1061 4390 2896 4609 Qu'avez-vous? - Oui, ce sont des pas.
434 4487 742 4673 GENIA
434 4576 1982 4820 ERNA (à la porte de la véranda)
1921 4594 2996 4813 C'est Madame Weinhold
