3880 5256
1562 171 1866 398 — 64 —
94 471 3534 642 COND TOURISTE Je ne peux plus remuer. Envoyez-moi une chaise à porteurs,
766 599 3457 800 Bogenheimer, si vous en trouvez une... ou un mulet. (Il
783 757 2944 937 s'assied vers la droite et sommeille bientôt).
90 804 2700 1125 EMIER TOURISTE (à Rosenstock) je vais recommande
1421 1018 3440 1202 ou camarade.
770 1134 2884 1288 afin qu'on ne le trouble pas dans son sommeil
2901 1189 3590 1403 (Il se dispose
1262 1258 2174 1416 le Caisse donni.
766 1344 1908 1566 à Bortir) - Il fredonne:
1267 1472 3423 1643 Voyager à pied est le plaisir du meunier...
1476 1596 1925 1767 (II sort)
1065 1716 3504 1938 (Un couple arrive. Un groom derrière eux avec leurs
1339 1883 1977 2011 sacs à main).
406 1938 980 2186 K les salue)
770 2127 1823 2332 La chambre est prête?
757 2289 3410 2516 Bien entendu, Monsieur le Conseiller, ne cinquante sept.
774 2473 3453 2631 (Sonnette. Le couple avec le groom vers l'ascenseur? Ils
847 2589 1284 2760 montent)
475 2730 3350 2867 OL. (arrive dans un élégant costuma de voyage, large pardessus,
680 2811 2289 2905 chapeau vert avec barbe dechamois
2486 2811 3307 2948 gants cuir fauve,
667 2854 2495 3055 raquette dans son enveloppe à la main.
509 3017 1917 3248 ses bagages à main derrière)
753 3179 1185 3380 Bonjour.
757 3316 2169 3517 Bonjour Monsieur von Kreindl.
766 3479 3406 3663 Ah, que vois-je...! vous mon bon Rosenstooj? Vous êtes
757 3603 3094 3817 êtes ici? Que va faire le Semmering sans vous?
770 3752 3496 4005 On monte de plus en plus haut, M. bon Kreindl, De mille...
770 3962 1737 4142 à quatorze cent.....
766 4116 2734 4262 Ah bien avez-vous quelque chose pour moi?
766 4236 3290 4467 naturellement. Malheureusement au 4e étage, si M. von
766 4454 3419 4630 Kreindl avait seulement télégraphié un jour plus tôt...
770 4574 2593 4796 Soit, au sixième. Il y a l'ascenseur.
770 4754 3337 4968 S'il n'est pas arrêté en ce moment.... oui.... M. von
90 4707 509 4921 SENSTOCK
