3848 5240
1553 151 1891 403 - 100 -
444 359 3431 648 ce journal...? Et pour quelle raison aurait-il parie aveo Korsa-
436 509 766 729 kow..?
864 607 3346 901 (me Wahl, Güstave, et immediatement après M. Natter
868 770 1870 962 vont vers le tennis).
183 937 2038 1096 OTTO et GENIA (restent seuls en arrière)
1520 1047 2042 1259 OTTO, GENIA
175 1186 1345 1402 GENIA.- Vous le croyez?
489 1304 693 1418 Junr
196 1373 3468 1524 OTTO.- Ette stupide histoire de duel? En quoi cela vous concerne-t-il?
3150 1504 3594 1654 Aozz-nus
175 1557 3374 1744 GENIA.- Mais cette histoire n'est peut-être pas sans fondement... En
440 1638 652 1732 que
742 1626 1027 1736 aie e
412 1691 2592 1879 un mot que j'étais - la maîtresse de Korsakow.
163 1826 1650 2025 OTTOO- Non, je ne le crois pas.
159 1980 3325 2168 GENIA. - Pourquoi ne le croiriez-vous pas?.. Parce que je le nie? Ce
408 2168 3113 2339 n'est pas une preuve. Moi à votre place... je le croirais.
3117 2233 3366 2429 (Elle
844 2302 2722 2514 fait mine de se diriger vers le tennis).
163 2482 3390 2637 OTTO.- Je ne le crois pas, Genia. Je vous jure que je le le croie pas.
412 2624 3366 2779 Pourquoi parlons-nous de cela. Je vous en prie, restez! je vous
408 2763 3403 2967 en prieî- qui sait si noue trouverons encore un instant de tran-
395 2922 3289 3126 quilite. Je dois retourner en ville demain matin. J'ainencore
395 3126 3452 3272 une masse de choses à faire... des visites d'adieu... des achats.
399 3268 2453 3447 .. et je prends le train de nuit pour Pola.
151 3419 1903 3619 GENIA.- (le regarde) Demain, déjà....
155 3529 3272 3733 OTTU.- De quelle manière puis-je gous faire parvenir des nouvelles?
139 3761 3317 3924 GENIA.- Vous pouvez m'écrire tranquillement. Mes lettres ne sont pas
399 3875 3370 4087 ouvertes. Et si vous voulez être vraiment prudent, écrivez-moi
395 4051 3170 4287 précisément comme vous me parlez en ce moment - comme à une
383 4242 962 4409 bonne amie.
134 4234 2604 4584 OTTO.- C'est trop demander. Je ne puis pas le faire.
143 4511 3244 4711 GENIA.- Il y aurait encore un moyen. Ce serait de ne pas écrire, ne
371 4694 1308 4902 pas écrire du tout.
106 4780 848 5004 OTTO.- Genin...
