4152 5288
1822 268 2146 432 — 135 —
440 358 723 548 GENIA
976 376 3401 615 Est-ce qu'elle sait..... est-ce  qu'on lui a dit...?
458 499 745 685 MAUER
976 518 2626 775 Personne n'a encore eu le courage.
451 663 723 846 CENIA
961 700 3952 916 Je veux le lui apprendre. C'est mon devoir. Je vais chez elle.
443 838 685 1002 FRED
972 846 3960 1080 Genia.... Un instant. Quand tu reviendra; je ne serai plus là.
957 1036 3855 1285 Je ne peux pas te demander de me tendre la main, mais disons-
961 1162 1535 1341 nous adieu.
440 1304 1345 1490 CENIA(se rappelant)
2071 1296 2790 1505 A l'instant.
1378 1386 3028 1632 Percy arrive.
428 1553 652 1706 FRED
954 1542 3848 1740 Percy? Je vais l'attendre encore.... Et puis... le reste....
432 1695 711 1896 GENIA
983 1695 1978 1896 que penses-tu faire?
410 1851 685 2026 FRED
931 1840 3844 2060 Je vais en ville? Ce mieux c'est que je me présente moi-même.
2425 2015 3457 2131 j'ai fait que défendre
950 2067 3885 2246 Il ne peut rien m'arriver.
935 2187 3852 2399 Peut-être on me demandera une caution... Je ne peux pas nier
931 2336 2317 2552 qu'il y ait soupçon de fuite.
410 2481 670 2652 GENIA
924 2447 3129 2660 Tu penses à ça! et l'autre est là bas étendu -1
410 2637 641 2827 FRED
924 2675 3885 2838 Oui, pour lui les choses sont faciles. Pour lui tout est fini.
924 2801 3911 3047 Mais soi - je suis encore de ce monde. Et je pense vivre encore
905 2909 2812 3166 plus longtempe.... Il faut se décider...
391 3095 1680 3323 GENIA (le regarde fixement)
1650 3151 2157 3401 Allons...
2190 3218 2999 3479 (Elle veut aller)
361 3412 667 3621 MAUER
905 3438 3829 3643 Madame Cenia... Vous ne pouvez aller seule. Permettez-moi de
905 3606 1736 3777 vous accompagner.
380 3710 1524 3952 CENIA (inoline la tête)
1512 3755 2652 4008 Je vous remercie, venez.
384 3919 1445 4168 MAUER et GENIA sortent
1777 4116 2492 4328 ERNA, FREDERIC
361 4239 2015 4489 FRED (reste immobile comme avant)
361 4463 1687 4664 ERNA (à la porte, immobile)
97 4381 302 4697 4
1676 4530 2570 4716 Que vas-tu faire?
920 4623 3762 4850 Quoi qu'il arrive, condamnation ou acquittement, je quitterai
335 4679 589 4876 FRED
924 4828 2764 5066 certainement le pays.... le continent.
