4264 5368
1907 313 2175 478 -116-
494 470 2300 726 FREDERIC.- Elle en sera très heureuse.
534 642 2163 887 AUER.- (se dirige vers le tennis).
1626 851 2408 1044 FREDERIC. NATTER
566 987 3801 1176 ETTER.- Je voulais vous demander, mon cher Hofreiter, si je puis vous
779 1164 3657 1353 parler au bureau demain matin. J'ai beaucoup de choses à vous
767 1349 3809 1481 dire. Le Consortium dont il, s'agit a de nouveau fait une communi-
759 1453 1782 1662 cation. On -offre.
490 1606 2605 1826 R. E.R.I. - A demain les affaires, V. Nattern.
718 1802 1830 1983 Comme vous voudrez.
478 1818 2826 2135 FREDERIS. - Aujourd'hui nous amons. bavardons.
610 2091 1437 2288 T.R. - Volontiers.
498 2252 3681 2432 RÉCERIC.- Dites-moi matter, coment trouvez-vous Demeter Stanzides?
598 2424 3729 2593 TER.- Stanzides? - Un homme tout h fait sympathique. Un peu senti¬
767 2585 3576 2717 mental pour un capitaine de hursards. mais un gentil parçon.
578 2721 1862 2934 II n'a pas de dertes?
474 2878 1718 3095 Das que je sache.
474 3071 686 3151 G.C.F.P
682 3034 2549 3243 - Il ne brutalise pas ses subordonnés?
458 3131 698 3231 —
478 3215 3071 3412 D'ATTER.- Je n'ai jamais entendu dire rien de semblable.
454 3360 2316 3536 FRE.- Il ne triche pas un peu au jeu?
530 3516 2204 3705 l'ATER.- Croyez-vous cela Hofreiter
474 3640 3657 3881 diese. - Non. Je veux seulement vous aider à trouver,ouelque chose sur
710 3865 3669 4050 lui, pour plus tard, quand l'histoire entre lui et votre femme
718 4038 1284 4186 sera finis.
1529 4086 3062 4335 (Ils se regardent dans les yeux)
562 4267 726 4423 de mai
570 4303 3568 4499 - Je suis heureux de voir que vous ne me prenez pas pour un
714 4499 1690 4704 imbécile. Hofreiter.
462 4644 1947 4837 FRED.- Non, mais pour un.
522 4744 3713 4965 ETER. Je veux vous prévenir avant que vous m'appeliez "coquin". Il
