4120 5384
1948 299 2173 429 42 -
879 368 3926 658 - qui est vraiment la plus ravissante, le plus touchante créature
433 424 693 667 A.DELES
974 615 3892 775 que j'aie jamais rencontré as-tu entendu tantôt comment elle
952 762 3848 983 m'a priée d'Amener mes enfants, 1a prochaine fois 7.... j'avais
961 948 2342 1138 envie de rentrer sous terre!
455 1052 892 1286 FREDERIC.
961 1091 2108 1286 Je ne l'ai pas remarqué.
429 1264 753 1459 ADELE?
948 1242 3879 1459 SI je l'avais mieux connue autrefois - Enfin -! vraiment tu ne
944 1377 1701 1541 la mérites pas.
455 1467 3926 1757 FRÉDERIC. Je ne peux pas te contradire pour une fois. Mais si les choses
952 1723 3493 1883 étaient distribuses selon le mérite sur la terre.....
961 1835 3948 2030 Et en ce qui concerne Erna - fais attention. Un frère est autre
446 1883 723 2047 AEELE
909 2013 3229 2177 chose qu'un mari. Un frère voit bien des choses.
918 2130 3900 2325 Gustave! Oh la la, tu sais, cela lui serait bien ögal!.... C'est
398 2177 848 2398 FREDERIC.
918 2312 3943 2476 un philosophie. Je ne sais pas d'ailleurs ce qui te passe par la
926 2480 3714 2645 tête. C'est toi qui m'en donnes l'idée; voyons, une petite
926 2645 2913 2853 fille que j'ai fait sauter sur mes genoux.
909 2671 3870 2974 Cela ne prouve rien. On en fait sauter sur ses genoux qui ont
381 2705 706 2948 dene.
892 2896 2667 3160 tout âge.
909 3078 3874 3316 Oui, oui, Adèle.... Sans penser précisément à cette Erna, que
398 3043 788 3307 FREDERIO
918 3251 3359 3467 tu me conseilles si aimablement.... ce mérait beau!
913 3420 2294 3623 Qu'est-ce- qui serait beau?-
394 3350 719 3619 ADELE.
398 3550 835 3757 FREDERIC.
909 3567 2294 3779 Dêstre jeune encore une fois!
394 3723 706 3935 ADELE.
909 3757 2268 3943 Tu l'as été assez longtemps.
394 3892 784 4108 FREDERIO
913 3883 3922 4091 oui, mais je l'ai été trop tôt, maintenant je comprends vraiment
896 4017 3796 4251 ce que c'est que d'être jeune!... tout est bètement organisé
896 4169 3952 4381 dans le monde. C'est à quarante ans qu'on devrait devenir jeune,
900 4320 3918 4571 alors on saurait ce qu'on fait. Veux-tu que je te dise, Adèle
900 4537 3805 4705 Il me semble que tout ce qui s'est passé jusqu'ici a été pour
879 4671 3840 4840 moi seulement une préparation. Et la vie et l'amour commencent
896 4801 1922 5047 seulement maintenant.
