4152 5432
2396 355 2730 587 1.
1760 359 2050 599 -13-
848 579 3712 844 si bien qu'il le croit lui-même. Parfois, il me fait même de
856 782 3737 1055 la peine. Vraiment docteur, je pense souvent qu'il est poussé
868 962 1553 1182 par son démon.
909 1076 3659 1275 Un démon -? Heu!... mais il y a des femmes dans ce cas qui
628 1182 839 1337 AUER.
876 1271 3272 1487 enverraient leur mari au diable, avec son démon....
3280 1324 3672 1479 . (sur un
1247 1418 2653 1622 regard interrogateur de Genia
2706 1463 3765 1663 par exemple, la mère de
872 1581 3851 1842 l'Enseigne de Vaisseau qui avait, dans son temps, un mari assez
1235 1773 1634 1915 lui anni
892 1838 2380 2021 possedé par ce démon.lai aussi.
974 1907 3859 2156 ent-être aimiteelle son aussi plus que mois. Jeüt-Ötre
562 1960 868 2205 GENIA.
2327 2058 2755 2192 est. elle
864 2058 3879 2347 la meilleure maière a'aimer, [r]lle qui ne pardonne pas.
1084 2205 3680 2445 FREITER (arrive. Elance, pas très grand. Etroit et fin
1284 2343 3761 2494 visage; moustache foncée coupée à l'anglaise; cheveux
550 2241 978 2514 Trédéric
1296 2449 3725 2567 blonds, pris melés; raie à droite; il porte des lor¬
1292 2494 3818 2661 gnons nnns corden, qu'il enlève nouvent; marche un peu
1280 2575 3769 2722 penche en avant. Jeux stits un peu clignotants. ima¬
1292 2645 3773 2804 ble, douce, presque féminine façon de s'exprimer, qui
1292 2734 3782 2889 par ois devient d'une ironie mordante. Les mouvements
1304 2808 3733 2971 sont souples mais décelent l'énergie. Il est habillé
1296 2893 3672 3044 avec élégance mais sans prétention. Cestume sombre;
1312 2926 3916 3126 paletot noir h revers de soie, onvert; chapeau-rond noir;
1308 3085 2942 3248 parapluie élégant à manche simple).
1112 3183 2009 3382 (Encore à la porte)
603 3256 1039 3443 FREDERIC
2038 3215 2449 3468 Bensoir.
2474 3280 3647 3541 (En entrant) Salut Mauer.
1320 3500 3672 3663 (Avec u tire particulier qui lui est habituel, et
1316 3598 3720 3786 qu'il a souvent comme s'il voulait se moquer de ses
1300 3712 2038 3875 interlocu eurs)
628 3843 1777 4083 JAUER. - Bonjour Frédéric.
1834 3883 2437 4095 (II se 1 ve)
623 4010 3904 4262 PRRÈC.- (sur l'Hercalier de la véranda, embrasse Genia distrittement
1316 4181 1936 4320 sur le front)
1976 4173 3814 4417 Bonsoir, Genia. Comment vas-tu? u'y a¬
937 4254 2274 4548 t-il de neuf? Des lettres?
640 4466 3782 4756 Rien du tout. Le courrier du soir n'est pas encore arrivé.
644 4662 2042 4910 RÉLIRIC. - (regarde sa montre)
2078 4670 3875 4943 Sept heures moins 1/4. On devrait bien
949 4878 3786 5077 mettre le facteur à la retraite. D'année en année il devient
