4184 5432
2920 390 3152 488 : 1:-: "
1887 386 2115 594 -16-
517 610 3795 879 FRE RIC.- Oui, il a eu une bonne période à ce moment-là. En tous cas
793 822 2050 1013 il était plus gai que moi.
2160 814 2412 1037 tauer
2461 899 3811 1196 Sais-tu, c'était juste quel¬
814 1143 3640 1298 ques jours après l'histoire qui s'est passée avec Bernhaupt.
838 1253 3705 1432 Migner revenait justement xxx d'une tournée électorale; très
801 1399 3722 1607 monte. Il avait été attaque quelque part, dans un coin du Sud-
818 1566 3705 1777 Tyrol par les Irredentistes; là-dessus naturellement il avait
826 1741 3775 1973 très ovationné par les Jlemands.... avec où il avait châ¬
1411 1875 1586 1969 G.C.H.P.
545 1855 781 2054 G.C.H.F
814 1863 2933 2103 que jour deux ou trois discours à faire.....
549 2038 3783 2253 MAUER.- Parler! Guil il a toujours été très fort pour çà. Déjà comme
842 2168 3791 2355 Président du Club touristique, quand j'étais dans le Comité. Et
822 2339 3404 2518 maintenant comme député... Là il a de riches -occasions!
716 2489 3616 2697 LERIO.- Ah, il ne se contente pas toujours de parler - il fait
826 2656 3738 2847 parfois aussi quelque chose pour le pays. Les nouvelles route
826 2794 3661 3038 des Dolomites n'auraient pas été faites sans lui. Les grands
830 2929 3701 3144 hôtels et les services d'auto obiles sont son oeuvre. Et avec
818 3112 3779 3331 cela il a dans chaque village du Tyrol au moins un enfant. Même
830 3311 2119 3498 hors de a circonscription.
622 3409 3612 3624 HUER.- Allons bien, disons qu'il a du style. Mais il faut que je
838 3563 3148 3791 parte maintenant. Stanzides doit m'attendre déjà.
561 3738 3632 3933 FREDRIC.- Fais-lui mes amities. Je passerai peut-être un instant
834 3889 3136 4157 chez lui demain matin. Reviens-tu pour le Miner?
586 4047 1660 4291 L'AUER. Je ne sais pas.
561 4194 2087 4458 FRELERIC.- Mais si certainement.
574 4332 3815 4580 MUER.- (hésitant) Merci. Je prendrai dans ce cas le train de 10 h.30
838 4539 3075 4739 Je dois être à l'hôrital de bonne heure demain.
582 4690 2355 4914 FREMERIC.- Es-tu superstitieux, Mauer.
574 4897 2160 5080 MAUER.- Pourquoi cette question?
557 4991 3775 5198 FREDERIC. - J'ai pensé que peut-être tu ne voulais pas. dormir dans la
