3800 5256
1576 187 1911 385 — 57 4
568 377 2471 588 vanité de ta constance, je sais bien...
553 580 2420 782 Eh bien, adors puisque tu le sais......
175 732 463 922 EDERIC
556 720 2245 946 Oui, mais enfin cela est arrive....
568 899 1187 1086 Quoi, quoi?
580 1039 3448 1226 Qu'il a dû se suicider.... c'est cela qui est terrible.... je
202 1035 471 1230 EDERIC
568 1199 1782 1389 ne peux pas sortir de là.
576 1342 1416 1556 Quoi quoi
1416 1366 3125 1576 (elle prend sa teté dans ses mains).
580 1537 3537 1732 Pense un peu - on ne peut rien changer à ce fait terrible : que
272 1592 447 1771 ,o
568 1728 3592 1883 le pauvre Korsakow est maintenant sous terre et y pourrit... et
580 1864 3631 2031 que la cause en est toi!... Naturellement... innocente - dans les
576 2008 3673 2245 deux sens -. Un autre que moi ce mettrait peut-être à tes genoux,
564 2191 3646 2409 et te vénérerait - comme une sainte- précisément pour ton attitu¬
564 2366 3603 2533 dei.. Je ne suis,pas ainai.... tu m'es devenue justement par là
568 2514 1409 2704 presque étrangère
564 2634 2455 2868 Frédéric!!... étrangères.... Frédréric! -
576 2856 3607 3016 Oui, s'il t'avait été anticipathique - ce serait alors la chose la
564 2985 3673 3140 plus naturelle du monde. Mais non, je sais bien qu'il te plaisait
576 3125 3596 3315 beaucoup.... on peut même dire que tu en étais un peu amoureuse.
580 3261 3483 3506 Ou bien encore - si j'avais.... bien mérité de toi.... si tu
588 3479 3405 3654 avais été vis à vis de moi obligée à ce que l'on appelle la
576 3564 3662 3821 fidélité.... Mais je n'y avais réellement aucun droit... enfin...
580 3810 3662 3977 ne parlons pas de cela.- Alors je me demande toujours et encore
568 3926 1895 4148 pourquoi a-t-il dû mourir?
105 4086 335 4261 GENIA.
568 4101 1031 4280 Frödéric!
576 4203 3677 4393 Et comprends-tu, cette pensée.... que ta vertu, ce quelque chose,
117 4234 479 4452 FREDERIC
580 4358 3619 4557 qui en réalité n'est rien qu'une idée, un fantôme, un néant - au
564 4545 3498 4759 moins wie à vis d'une chose aussi terrible, aussei irréparable
545 4670 3673 4884 que la mort - que LA VERTU, ait poussé un homme dans la mort, cette
572 4856 3596 5012 idée c'est réellement très anticipathique. Oui.... Je ne peux pas
