4232 5368
1891 196 2175 401 -117-
726 384 3594 614 se peut que je n'ai aucune envie de terminer l'affaire l'épée
747 609 1265 801 à la main.
467 747 1983 985 FRE. - Mais d'une autre manière.
467 902 3819 1114 MATTER.- Si j'en avais eu la moindre envie... Il n'y a pas si longtemps
747 1073 2258 1260 j'ai eu de meilleures occasions.
538 1240 3777 1452 RED. - Pourquoi ne l'avez-vous pas fait? On ne se décide pas tout d'un
760 1390 3631 1574 coup... Je sais que vous avez risoud votre précieuse vie pour
760 1553 2968 1765 moins que cela quand vous étiez un jeune homme.
484 1695 2287 1924 R. - Poua moins? Pour autre chose.
488 1845 3715 2099 REERIO.- Si cela vous tonuhe de si près - pourquoi restez-vous avec
772 2033 1369 2245 votre femme?
643 2083 3781 2429 TER.- Je veux vous l'expliquer. Parce que l'existence sans Adèle me
768 2291 3690 2521 parait un non-sens complet. Je l'aime sans espoir de guerison.
3589 2362 3844 2517 efforts
789 2400 3756 2696 Cela arrive, Hofreiter. On n'y peut rien. Si vous saviez b¬
605 2625 3848 2834 qui n'ai pas pour me libérer d'elle intérieurement -! Mais en vain
1043 2634 1252 2746 fait,
793 2746 3690 2984 ... Tout à fait en vain... Je l'aime.. malgré tout -! C'est in-
789 2947 2780 3164 croyable n'est-ce pas? - Mais c'est ainsi!
538 3068 3798 3343 FRARRIC.- Et vous vons vengez sur moi en inventant une monstruosite?
647 3243 2913 3510 ITER.- Peut-être en faisant connaître une vérité.
609 3431 3564 3681 REDERIC.- Vous croyez vraiment à cela?... à de duel américain...
551 3631 2141 3827 MATTER. - Prouvez-moi le contraire.
563 3656 3761 3978 FRE FRIC. - Je pourrais le inire... je connais le motif du outside d
831 3848 3723 4115 Korsakow. Je sais, que... Mais qu'est-ce que je vais faire làz
2041 4044 2229 4124 was
801 4090 3026 4282 Moi, me justifier devant ###is.... Vous... vous...
555 4266 1611 4503 MATTER.- Prenez garde.
563 4345 3648 4637 FREDERIC.- Je vous jure que vous vous trommez, je vous le jure...
572 4537 3009 4829 MATER.- Sur la vertu de votre femme, n'est-ce pas?
580 4691 2471 4967 FRED.- Monsieur.... (il marche sur lui)
593 4817 3819 5104 RATTER.- (le prend par le bras) Restez tranquille, pas de tapage. Je
