4058 5649
545 504 2439 795 ... nous avons xxx xxxo
324 705 3386 967 ERNA. - Ma an a parfaitement raison... Nous n'avons pas avec cela
537 869 2062 1086 rendu la vie au pauvre Morsakow.
348 955 2328 1221 CENIA. - L'assistance était-elle nombreuse?
2910 1119 3230 1246 borger
324 1111 3562 1365 Mme AHL.- Enorme. Dans l'eglise. il était Amnossible de remar? Et au
549 1369 3550 1566 cimetière il y avait certainement au moins deux cent personnes -
1004 1476 1246 1590 vilain
537 1525 1549 1697 malgre ce temps.
316 1640 1971 1869 G.i. - Beaucoup de connaissances?
3271 1721 3619 1853 nouvelle
316 1762 3607 2012 Mme WABL.- Dui, naturellement.... Les Natter sont venus dans Reur auto
549 1967 1541 2172 neuve rouge. ocarlite.
348 2135 1135 2324 (souriant)
1213 2164 2500 2394 en ai déjà entendu parler.
906 2279 1418 2447 elle faisait
1193 2242 3611 2537 it une impression fantastique, près du mur du cime-
914 2394 1074 2521 alm
324 2385 844 2566 Mme (A.H. -
549 2541 3685 2726 tière... Pas précisément fantastique, mais cela a paru singulière.
344 2607 3513 2881 Lundiote ae CHAMBNE (vient avec le mantenu blanc, que prend denia).
582 2783 2451 3008 Bonjour xxxa e, bonjour inde cise le.
348 2976 1246 3181 Mme AHL. (affable)
1201 3033 1959 3279 Bonjour Kathi.
344 3230 1082 3447 ERNa. - Bonsoir.
1283 3312 2791 3521 (La femme de chambre s'éloigne)
352 3480 2668 3734 CENIA.- vez-vous parlé à mon mari,au cimetière?
352 3722 1726 3869 Mme AHL.- Oui... en passant.
361 3832 1734 4037 ERNA. - il était très affecté.
373 3980 1553 4197 GENIA.- Je le pense bien.
373 4062 3574 4361 3Rml. - Cela n'a surprise. Il n'est pas de ces hommes qui se laissent
586 4291 1693 4488 si facilement mouvoir.
414 4451 1201 4652 (souriant)
1242 4447 2676 4718 Comme vous le connaissez bien.
361 4664 1570 4902 ER A. - C'est tout naturel.
1615 4746 2414 4923 (Très simplement)
2443 4787 3529 5009 Je l'ai sais déjà quand
