3784 5240
1680 302 1944 491 89 -
106 328 313 653 ERBON
589 457 3352 642 Et savez-vous ce que sont habituellement les fabricants de
604 612 3458 834 lampes à incandescence M. Hofreiter 7.... Rien d'autre - que
600 785 2537 1000 des fabricants de lampes à incandescense.
147 883 487 1072 FREDERIC
593 940 2299 1132 Ce serait bien, si c'était vrai....
125 1072 1963 1272 IN CROOM (apporte une lettre à Frédéric)
117 1216 453 1401 FREDERIO
502 1219 2242 1453 (l'ouvre, scurit et pince les lèvres)
125 1367 1510 1567 RNA (a remarqué ce mouvement)
109 1540 476 1752 Kme 7r.
574 1525 3469 1786 Au revoir; il faut encore que je m'habille. Au revoir, belle
578 1706 2023 1921 Madame, su revoir, grand poète.
102 1770 2273 2042 CUSTAVE (ouvre tout de même une de ses lettres)
113 1997 479 2178 me Rhon
578 2008 1869 2201 Vous l'ouvrez tout de même.
581 2186 3518 2363 C'est seulement pour contrôler mon intuition. Les gens n'écri¬
109 2129 404 2367 GUSTAVE
559 2325 1899 2465 vent pas toujours la vérité.
1000 2439 3341 2624 (Mme Rhon et Custave s'en vont vers l'arrière puis
1076 2582 3231 2733 sortent, Aigner va vers Rosenstock, puis sort)
98 2661 1117 2937 HON (a'éloigne aussi)
970 2824 2223 3050 (Le Hall est presque vide)
91 3012 2288 3231 FRNA (regardant par dessus l'épauls de Frédéric)
2314 3077 3088 3299 Lettre d'amour?
215 3182 449 3416 DERIC
536 3239 2046 3458 Devenez ce qui? De Mauer....
555 3424 906 3613 Oh.....
106 3492 427 3733 EDERIO
551 3586 3235 3760 Il vient de recevoir un télégramme qui l'appelle à Vienne
540 3745 3465 3960 d'urgance. Il est déjà parti. Il me prie de l'excuser auprès
528 3900 1385 4062 de tout le monde.
521 4020 2122 4251 Je sais ce que cela veut dire.
94 4175 434 4360 EDERIC
536 4115 3439 4383 Moi aussi. Il était très gai hier soir, en dinant su chslet!
536 4300 1034 4387 Et ensuite
528 4356 3375 4579 MIIK son humeur aujourd'hui pendant l'ascension. Pendant le
536 4492 3465 4726 retour il n'a plus dit un mot....... Oui Erna###sur une prairie
506 4681 3420 4877 exposée à tous les regards, à cinquante par d'un chalet qui a
528 4855 3564 4983 vingt fenêtre, je me demande si c'était le moment de tomber dans
427 4938 1786 5104 les bras déun de l'autre.
