3848 5272
1436 215 1808 442 — 103 —
219 380 2212 627 GENIA.- (vivement) Depuis quand es-tu là?
219 611 3508 908 FRÈERIC.- Je suis arrivé depuis dix minutes. (il salue vers le tennis
887 788 1886 986 d'où on 1'a remarqué)
1857 887 2712 1090 Bonsoir, bonsoir.-
2683 962 3418 1213 (A Genia) Je
466 1053 1717 1275 suis seulement déshabillé.
1729 1081 3475 1387 (A Otto) Je suis très content de vous
466 1242 3508 1519 trouver encore. Je craignais que vous ne soyez déjà parti à Pola.
471 1490 1696 1692 ou quelque part en mer.
202 1639 1886 1845 OTTO.- Je pars demain, M. Hofreiter.
334 1779 3352 2022 DERIC.- Ah oui... demain...-? Eh bien, je descends tout de suite.
883 1936 3368 2192 (Il disparait du balcon. Otto et Genia en dessous. Ce
887 2068 1816 2216 qui suit très vite).
289 2167 1713 2344 TO.- Tu ne peux pas rester ici.
182 2316 1639 2538 CENIA.- Sois raisonnable, Otto.
190 2435 3298 2782 OTTO.- Maintenant, je le sens, tu n'es pas faite pour mentir. Tu te
446 2625 2489 2852 trahirais. Ou bien tu avouerais franchement.
169 2794 1672 3009 GENIA.- Ce serait bien possible.
173 2926 2485 3145 Or70.- (brusquement résolu) Laisse-moi lui parler.
173 3141 1440 3314 GENIA.- Quelle idée as-tu!
157 3310 3335 3484 OTTO.- Oui! C'est la seule chose possible. Tu le sens toiemême. Tout
425 3438 2031 3649 le reste serait indigne, honteux -
157 3612 3479 3752 GANIA.- Je lui dirai moi-même aussitôt que tu seras parti. Demain. Peut
413 3773 1647 3991 être encore aujourd'hui...
144 3801 1486 4119 O110. - Et qu'arrivera-t-il?
157 4070 3397 4288 GKMIA.- Rien, vraisemblablement. Et tu ne reviendras plus ici, jamais.
400 4260 3224 4383 Prömets-le moi... jamais.. dans deux ans non plus.. jamis..
144 4355 3327 4598 OTTO.- (comme éclaire) Tu l'aimes - tu l'atmes de nouveaut- C'est là
400 4557 1106 4767 où tu glisses.
817 4619 3215 4899 (Kms Wahl, Natter, Mme Natter. Stanzides et Gustave
826 4809 1816 4982 reviennent du tennis)
140 4887 1746 5147 ERNA 4 PAUL.— (continuent de jouer)
