3928 5352
1423 218 1762 415 — 112 —
109 371 3057 653 MAUER. - Allons... si tu prends la chose ainsi... tout est bien.
129 593 3238 798 FREDERIC.- Crois-tu qu'il y ait encore beaucoup de jeunes filles de
375 730 3286 952 par le monde qui n'aient pas été embrassées? Cela doit arriver
371 879 3157 1081 aussi quelquefois dans la plaine! S'imaginer pour ça qu'une
383 1052 3295 1262 femme est indigne de vous, c'est de la folie... permets-moi de
399 1262 968 1436 telle dire.
157 1375 2581 1617 MAUER. - Est-ce que cela t'a usa beaucoup de mentir?
468 1504 3359 1714 quelquefois. Mais ce n'est pas ce que je fais en ce moment. Et
161 1609 419 1782 FRED.
419 1625 3416 1871 maintenant je vais te dire encore quelque chose. Même s'il était
415 1815 2782 2105 arrivé quelque chose de PLUS.... que ce baiser....
169 1956 3416 2258 HAUER.- Jehne te l'ai pas demandé. Et je t'assure qu'il m'est aujour-
427 2121 3266 2379 d'hui bien indifférent au fond, de savoir ce qui s'est passé
444 2379 996 2545 entre vous.
286 2456 2383 2754 EEERIC.- En cela, mon cher Mauer, tu as tort.
222 2698 907 2867 TAUER. Ah....
363 2698 3488 3036 ERIC.- Il vaudrait peut-être mieux pour toi qu'elle ait été ma ma¬
480 2915 3424 3161 tresse. Ce serait une chose passée... Tu serais pour ainsi dire
468 3157 944 3347 plus sût.
222 3202 1730 3532 MAUER.- Tu commences à m'amuser.
222 3379 3327 3690 FRED.- Cela me fait plaisir. C'est ce qu'il y a de plus important
504 3549 3488 3778 dans une conversation. uant à la vérité... on ne sait jamais...
234 3722 2770 3992 MAUER.- C'est d'Erna Bêne que je pourrais l'apprendre.
234 3960 1294 4162 FRED. — Tu crois?....
242 4012 3351 4287 MAUER.- Mentir est vraiment la seule chose dont je ne la crois pas
246 4242 3379 4605 FRELERIC.- Il se peut que tu sies raison. Et voilà l'essentiel. Je
516 4295 940 4428 capable.
544 4476 3428 4774 crois qu'il est exagéré de juger les femmes seulement sur les
544 4585 3379 4887 questions d'amour. Nous oublions toujours que dans la vie de
536 4762 3492 5037 chaque femme, même si elle a un amant, il y a beaucoup d'heures
528 4904 3500 5214 pendant lesquelles elle pense à toute autre chose qu'à l'amour.
3012 5008 3432 5129 gung
