4152 5288
1850 113 2206 360 - 130 -
3329 254 3904 522 deux choses
441 286 1077 505 Mme MEINHOUD
1130 314 3738 547 Ne me remerciez pas. J'ai seulement le choix entre vous
1115 473 3703 752 en vouloir beaucoup - ou être très bonne pour vous. Et
1130 646 3784 875 quand je suis sortie de chez moi, la question n'était pas
1115 787 3572 1024 encore tranchée. Parce que tous ces derniers temps -
1091 953 3929 1228 maintenant qu'il est parti, je puis bien vous le dire, Genia,
1130 1137 2905 1341 j'ai eu quelquefois réellement peur...
452 1260 710 1461 CENIA
1112 1278 1588 1458 Peur....?
445 1451 1052 1645 Mme MEINHOUD
1115 1458 3678 1659 Je connais mon fils... Je me suis rendu compte combien
1112 1585 3671 1818 il avait souffert ces derniers tempe.. Il n'est pas du
1112 1776 3675 1959 tout fait.... pour vitre dans de fausses situation...
1094 1906 3848 2125 J'avais peur pour lui... Vous aviez pris tant d'importance
1101 2104 3876 2284 pour lui Genia! Plus que sa profession, que son avenir, que
1101 2234 3827 2418 moi, que sa vie. Si vous saviez ce que j'ai craint! Et je
1101 2393 3767 2570 me suis tue. Je devais me taire. Et il fallait pourtant
2669 2513 3064 2655 Cachore
1108 2577 3848 2718 bien comprendre. J'ai vu venir du premier jour où Otto
1101 2736 3809 2856 est entré dans votre maison. Walgré toute mon irritation,
1091 2859 3699 3029 mon angoisse, ma jelousie, je dois comprendre. Vous
1098 3043 3841 3188 étiez si seule, Genia, et si blessée.... depuis des annees!
1084 3223 3692 3378 Pruduant un plus nouveau qu'Otto auroit pu ventr. Je
1218 3318 1627 3435 pourais
1101 3382 3714 3509 nécurela pas vous en vouloir. Et maintenant-qu'il est
3064 3456 3463 3558 tombées
1087 3484 3742 3675 parti, toute ma colère et ma jalousie sont xxxx, et Je
1091 3685 3678 3855 me suie demandée : comment supporte-t-elle cela? Elle
1108 3830 1836 4007 que l'a aimé!
1098 3915 3827 4201 Mme Meinhold, je ne suis vraiment pas digne de tant d'inté-
420 3943 706 4180 GENIA
1080 4105 3887 4349 rêt.- Je vais essayer de l'oublier. Et j'y arriverai? C'es
1084 4303 3721 4441 certain. - aussi certain qu’il m'oubligaae sussi. J'ai la
1084 4427 3855 4593 ferme volonté de l'oublier. Vous me regardez, Mme Meinhold
1091 4571 3855 4755 Vous ne se croyez pas? Vous ne devez avoir aucune crainte.
1077 4713 3876 4998 Il n'a rien été convenu entre nous. Je vous le jure... Nous
