4152 5448
1788 385 2313 612 -23- 4
509 497 2384 815 GENIA.- Qu'est-de qui serait surprenant?
493 771 2817 1005 FREDERIO.- Cela aurait presque l'air d'une fuite.
497 934 3684 1180 GERIA. - Une fuite? Une juite loin de toi! Je n'en ai réellement pas
767 1061 3644 1284 besoin. Nous sommes déjà assez loin l'un de l'autre, même ici
759 1252 2205 1454 sous le même toit! - (silence)
485 1355 3608 1669 FREDRIC.- Genia! - Maintenant qu'il est mort et enterré M. Alexis
755 1593 1395 1772 Korsakow....
497 1669 2023 1931 t vertia.- que lui veux-tu encore?
497 1884 3688 2110 FREDERIC.- Sois tranquille, mon enfant, sois tranquile!.... Je veux
763 2019 3783 2229 seulement dire qu'il ne peut plus rien lui arriver maintenant...
767 2213 3723 2352 Il ne lui serait d'ailleurs rien arrivé non plus s'il était en¬
767 2372 3771 2515 core de ce monde, pas plus qu'à.toit même... iais tu m'accorderas
767 2503 3696 2682 que cette séparation entre nous prend un caractère tout à fait
767 2643 3735 2837 particulier... non, ce n'est pas le mot exact... enfin, je veux
767 2821 3803 2968 seulement dire que cette conversation que nous avons aujourd'hui,
783 2960 3680 3127 précisément le jour où on a enterré M. Korsakow, ton attitude
771 3119 3775 3262 si singulière... Si je suis un ari, Genia, je ne suis pas un
771 3251 3676 3481 Imbecile. Eh bien, je ettrai ma main au feu qu'il y a quelque
771 3449 3290 3624 chose là-dessous. Allons, qu'y a-t-il eu entre vous?
501 3553 2269 3791 CENIA.- J'attends que tu me le dises.
505 3743 3692 3922 FREDERIC.- Oui, je le vois. sis tn conviendras que ce n'est pas une
767 3918 3688 4045 réponse. Il faut que tu me comprennes bien, Genia. Il ne s'est
771 4045 3779 4228 pro�bablement rien pasé entre toi et Korsakow; d'était peut-être
767 4192 3620 4391 seule en fun flirt. Oui. Car s'il en avait été autrement, il
747 4347 3656 4538 n'aurait pas eu besoin de se suicider. Ou bien (attendant) il
759 4534 3560 4721 J a eu davantage - et tu l'as... quitté (Il parle toujours
958 4689 3143 4848 tranquillement mais il l'a prise par le bras).
529 4892 3584 5051 GENIA. - (souriant presque) Une scène de jalousie?! - Mais xxx.  tu
767 4979 3783 5190 devrais soigner tes nerfs, Frédéric. Je ne sais pas moi... mais
