4216 5336
1963 209 2372 471 " - 113 -
3135 234 3409 467 G.C.H.
754 475 3729 795 Elle lit, elle fait de la musique; elle s'occupe d'oeuvres cha¬
762 660 3782 934 ritables, de la ruisine, elle élève ses enfants; - elle peut même
762 791 3811 1090 être une très bonne mère, et souvent aussi une excellente épouse.
770 1020 3688 1266 Et cent fois plus digne - qu'une soi-disant honnête femme. Re-
750 1123 2159 1389 garde seulement Adèle Natter.
2262 1258 2565 1410 fait
500 1323 3622 1545 MAUER.- Je pense que tu ne m'as pas xxxx.
770 1455 1909 1655 tes vues philosophiques.
1791 1578 2090 1717 Trank
484 1614 3647 1860 FRUDERIC.- Non, dela sØst ainsi. Maia puisque nous somnes
1061 1750 1287 1860 suje
1590 1762 2282 1860 voudrais savoir
3147 1791 3495 1897 parler
762 1778 3774 1991 sur ce je xxxx, ja xxx
750 1922 3331 2176 de l'histoire entre me femme et l'Enseigne de Vaissenu.
488 2127 3737 2327 MAUER.- (surpris) Entre ta femme et... Pas un mot... comment aurais-je
742 2241 2975 2458 pu... Je n'ai pas été ici depuis treis semhines.
688 2426 3778 2631 RIC.- Eh bien, c'est moi qui te l'apprends. u'est-ce que tu dis
705 2549 1110 2758 xx
836 2708 3565 2979 Ce n'est peut-être pas vrai. Et quand dela serait vraj...
484 2864 3700 3122 FREDEUO.- Tu me le souhaites du fond du cœur. Je suis. Mais jécédais
729 3036 3688 3233 ta mulice est sans objet. Pour cela 11 faudrait que
746 3225 3561 3454 je prenne la chose avec peine, ou au moins avec colère. Et ce
729 3409 3745 3553 n'est absolument pas le cas. Au contraire, c'est plutôt xxx pour
742 3598 3802 3737 moi comme une libération intérieure. Je ne me sens plus dans cette
733 3712 3786 3893 maison comme un coupable. Je respire de nouveau. C'est en quelque
713 3864 3696 4048 sorte comme si elle avait fait pénitence pour la mort de Korsa¬
717 4024 3766 4188 kow, et en vérité d'une façon très raisonnable, et sans douleur.
1369 4151 1823 4364 maintenir.
1897 4208 3753 4384 à me paraître plus humaine. Nous vivons
725 4229 1369 4372 Elle commence
1459 4249 1856 4413 raiment.
725 4380 3090 4511 maintenant, pour ainsi dire,-sur la même planète.
455 4462 3553 4700 MAUER.- Tu prends cela très bien. Mes compliments. Tu ne le crois
926 4622 1504 4749 dans doute
713 4638 3704 4839 pas apparemment. Comme on ne peut jamais savoir ces choses avec
705 4856 1934 5024 une certitude absolue....
447 4987 3741 5134 FREDIRIC.- Ah, quelquefois. Par exemple, quand on voit l'amant des-
