4088 5288
1949 210 2239 436 - 45 -
443 378 673 585 ERNA
1055 302 3875 569 C'est tout reflechi. Je réfléchis toujours avant de pasler.
451 600 711 745 MAUER
875 558 2006 749 J'écrirai à votre frère.
1876 661 2961 799 Il n'y a rien à faire
879 695 3726 894 Mais cher docteur! Vous croyez donc que cela sert à quelque
443 734 669 936 ERNA
867 883 3940 1074 chese quand j'ai une idée dans la tête! Tout ce que je peux
1949 1013 2197 1123 c'est
844 1062 3810 1211 c'est de vous promettre d'attendre que vous soyez avec nous au
883 1181 1571 1402 Volser Weiher.
856 1326 1704 1540 Dois-je y aller?
443 1326 711 1536 MAUER
864 1502 3764 1670 Certainement, il faut venir. Je vous engage comme guide, avec
447 1525 657 1720 ERNA
867 1655 2430 1857 le salaire d'usage, naturellement.
451 1838 715 2014 MAUER
844 1815 3290 1999 Je n'ai jamais imaginé que je puisse espéréf mieux.
443 1995 680 2170 ERNA
856 1968 3703 2144 Est-ce mélancolique, docteur Mauer, ou seulement spiritual?
462 2159 711 2308 MAUER
867 2148 3829 2308 Dois-je aller au Volser Weiher, Mademoiselle Erna, oui ou non?
428 2316 657 2472 ERNA
856 2285 3722 2503 Je ne vois aucune raison pour vous renonciez à votre plan
3485 2396 3829 2553 Großet
856 2449 1315 2633 primitif.
439 2595 707 2786 MAUER:
856 2576 3703 2786 Est-ce qu'il ne vous est vraiment pas possible, mademoiselle
848 2763 2728 2931 Erna, de me répondre de façon directe!
864 2942 2205 3126 Ce n'est pas facile, docteur
451 2919 676 3114 ERNA
2205 3004 3558 3206 (Elle s'assied sous le noyer)
3611 3110 3814 3248 Vous,
848 3206 3875 3386 ue vous m'êtes très sympathique. Il faut que vous veniez
844 3431 3668 3546 la-haut, ce serait la meilleure occasion d'apprendre à nous
848 3550 3871 3707 connaître mieux. Mais vous ne devez pas vous sentir engage plus
856 3684 1972 3875 que moi, cela va de soi.
447 3821 692 4024 MAUER
833 3806 2621 4020 O est très prudente mademoiselle Erna.
443 4039 642 4192 ERNA
814 4005 3871 4173 Il y a encore une chose qui serait plus prudent. Ecoutez-moi.
856 4173 3642 4387 Vous avez certainement quelque chose comme une amie ou une
837 4310 3737 4498 maitresse. - comme tous les hommes edlibataires. Eh bien, ne
837 4456 3882 4677 vous pressez pas de la quitter. Je veux dire : ne vous imaginez
825 4662 3707 4868 pas qu'après notre conversation d'aujourd'hui, vous me devez
844 4796 1544 4987 déjà fidélité.
