4136 5432
1731 313 2005 437 - 33 -
437 394 3243 694 GENIA. Vous avez fait une longue promenade aujourd'hui?
437 625 3778 801 OTTO. Oui; nous sommes allée tantôt avec ma mere jusqu'à la Chapelle de
621 775 1101 1007 la Foret.
441 900 3654 1144 GENIA. Elle doit être bien heureuse de vous avoir maintenant auprès
617 1088 1011 1281 d’elle.
433 1229 3735 1435 OTTO. Moi aussi d'autant plus que c'est ma dernière permission d'ici
1564 1371 1992 1478 nommé.
634 1354 3697 1576 longtemps. Je suis consigné sur un bateau qui part pour trois ans
638 1559 1658 1752 dans les mers du Sud.
446 1722 1833 1932 CENIA. (conventielle) oh!
454 1863 3838 2095 OTTO. Notre bateau est attaché par le Ministère de la Guerre à une expé¬
634 2026 1611 2245 dition scientifique.
467 2030 3701 2395 GENIA. Vous vous oosupez certainement dans vos moment de liberté de
643 2326 2420 2553 toutes espèces d'études, lieutenant?
454 2497 2412 2703 OTTO. Pourquoi croyez-vous cela madame?
446 2652 3894 2844 GENIA. Je ne puis pas croire que la vie militaire puisse suffire en elle¬
638 2784 1761 3016 même à voua satisfaire.
467 2973 1242 3187 OTTO. (souriant)
1302 2990 3761 3217 Voulez-vous me permettre de vous faire remarquer que
651 3101 3890 3414 nous avons, dans la marine, à nous occuper de toutes sortes de choses
677 3333 3333 3538 qui peuvent, sans prétention, passer pour scientifiques.
467 3457 3851 3744 GENIA. Naturellement - Je n'en doute pas. Je voulais seulement dire que
668 3667 3761 3868 que deviez vous intéresser à autre chose encore en dehors de votre
655 3808 1199 3984 profession.
484 3851 3783 4207 OTTO. Il ne reste pas beaucoup de temps pour cela. Dans le voyage que
655 4134 3765 4352 j'ai enerspective j'espère pouvoir prendre une connaissance plus
655 4267 3800 4442 approfondie d'une question dont je me suis occupé jusqu'ici un peu
664 4404 3697 4605 en amateur.... L'expédition à laquelle nous allons prendre part
660 4571 3641 4815 est équipée pour faire des recherches sous-marines; et comme je
681 4798 3868 4931 suis très lié avec un des aasistante....... Oh, voici Mme de Wahl.
