3704 5256
1547 217 1825 388 -35 -
513 319 1593 532 Un malheur - Oui....!
179 346 369 525 ENER
517 509 1828 692 Comment l'a-t-elle appris?
171 479 456 665 EDERIC
517 639 3520 840 ..... Comment? Dela manière la plus simple du monde.... Je le
160 635 411 889 GENER
509 810 1395 1004 lui ai avoué......
513 958 2140 1148 Comment -? Vous lui avez dit -?
156 962 449 1156 EDERIC
506 1137 3208 1300 Oui, j'étais coupable envers elle - précisément parce que
144 1121 388 1289 CNER
502 1273 3410 1501 je l'adorais. Envers elle et envers moi. Je me sefais trouvé
506 1410 3280 1631 tout à fait lâche si je le lui avais caché. On ne doit pas
487 1559 3223 1733 faire les choses si légèrement. Vous ne trouvez pas....?
506 1714 3246 1954 C'Stait une noble pensée - à moins qu'il n'y ait eu là une
129 1756 445 1961 EDERIC
509 1870 3303 2083 sorte d'affectation, ou de raffinement... ou dé commodité....
726 2011 1076 2133 le tout
137 2060 342 2216 ENER
509 2037 3360 2258 Ou toutes les choses ensemble, ce qui serait encore possible.
483 2220 1285 2425 Car l'âme etc,..
129 2342 437 2532 EDERIC
487 2292 3452 2513 Et malgré cette balle sincérité, [2] malgró tout soh amour, votre
487 2497 2201 2691 femme n'a pas pu se décider à voue -
487 2657 3364 2821 Je vous en prie ne dites pas le mot "pardonner". Les mots de
487 2813 3448 2988 cette sorte ne conviennent pas ici. Il n'y a pas eu non plus de
498 2973 3414 3185 scène entre nous, ou autre chose semblable. C'était seulement
464 3106 3524 3353 fini entre nous, mon bon Hofreiter, fini, irrévocablement fini...
468 3307 3512 3482 Aussitôt.... nous avons senti tous les deux que cela devait être
468 3463 981 3642 fini....
95 3615 407 3790 DÉRIC
487 3543 2205 3797 Cela devait être fini, croyez-vous?
99 3775 350 3957 GENER
479 3729 3395 3938 Oui, Enfin laissons les vivants en paix. Les morts font cela
456 3923 1201 4090 mieux que nous.
87 4056 1243 4280 Das VAHL (vient d'en haut)
1311 4140 2171 4318 Ah, il est là -!
84 4330 414 4501 PREDERIC
464 4299 1695 4535 Mes hommages Madame Thal.
95 4485 403 4672 ne WaHL
456 4440 3417 4645 Je ne vous adresse plus la parole à vous Frédéric. Et si vous
464 4619 3474 4820 aviez fait une chute? Comment étes-vous là? Comment osez-vous
464 4835 3311 4980 encore paraitre devant nos yeux. J'en si fini aussi avec le
