3864 5240
1630 213 1942 405 — 87 -
570 342 2215 555 Bonjour Paul, comment allez-vous?
581 548 3366 695 Oui, que le diable.... pardon... Cela ne surprend personne
592 692 1420 868 que je sois là?
147 809 475 1041 BEDERIC
541 839 1243 1037 (qui est assis
1243 853 3370 1063 Ecoutez-moi Paul, il est bien plus mærveilleux
589 1008 1795 1218 que NOUS, nous soyons là.
99 1199 2435 1398 AIGNER (un peu plus loin avec une jolie française)
92 1357 883 1615 RHON (à,Mme Wahl)
894 1501 3421 1707 Regardez donc madame, voilà celle de demain. Il fait
559 1637 1552 1762 des provisions............
99 1736 2619 1957 ERNA (à Mme Wahl, à qui Rosenstock a remis ses lettres)
2660 1861 3421 2049 Eh bien maman...
85 2005 497 2200 Mme WaHL
559 2016 3208 2196 C'est de la maison. Ah, il y a une carte de votre femme
570 2174 1159 2351 (à Fredéric)
1218 2178 2976 2432 Elle vous fait ses amitiés, Frédéric.
88 2406 445 2582 FREDERIO
555 2439 3046 2568 Elle ne vous dit pas si elle a l'intention de venie
99 2560 544 2719 ROSENSTOCH
581 2535 2777 2722 Voilà aussi des lettres pour vous V. Hofreiter.
88 2704 909 2914 rement (se lève)
927 2752 2560 2998 Ah? En voilà une aussi de Genia.
92 2961 394 3134 CUSTAVE
434 2969 1964 3098 (pose ses lettres sur son front)
88 3120 441 3278 RHON
578 3105 1560 3270 Que faites-vous là?
96 3263 390 3429 SUSTAVE.
544 3270 3366 3440 Depuis longtemps je ne lis plus les lettres. Je me les pos
563 3418 3098 3613 simplement sur le front et je sais ce qu'il y a dedan.
92 3565 1052 3774 Kne WaAL (à Frédéric)
1071 3613 2299 3808 Eh bien, viendra-t-elle?
85 3811 438 4002 PREDERIC
533 3800 3278 3984 Non. Elle m'écrit que Peroy a retardé son arrivée, il est
552 3940 3326 4094 invité par des amis à Richmond et y restera huit jous. Ce
533 4065 3355 4334 n'est qu'un ### et ça a déjà des invitations à Richard.
88 4267 250 4440 RHON
390 4238 1946 4518 (s'est assis et lit son courrier
1987 4334 2457 4518 Ah......
85 4514 500 4735 me-RHON
555 4488 1586 4698 Qutest-ce qu'il y a?
63 4668 250 4878 iches.
533 4650 3333 4838 Cécst incroyable, ces enquêtes! - On peut dire que les gens
522 4815 3480 4981 deviennent de plus en plus exigeante. Autrefois il leur suffi¬
