4136 5448
942 318 1187 551 11
2924 330 3214 563 V.?1.
1517 351 1750 571 Bn
1835 286 2178 608 -30-
2513 347 2721 616 IIe
779 551 2753 832 que et de mouvement. Tu veux bien, Mauer?
498 726 2982 946 MAUER.- Moi? O'est à ta femme qu'il faut le demander.
514 963 3573 1195 GENIA. - Je ne veux pas vous en empêcher, mais pour moi je préfère
763 1109 1685 1293 rester à la maison.
514 1211 3675 1485 FREDERIC.- Non, ela n'a aucun sens. Viens avec nous Genia, cela te
779 1448 2105 1599 fera grand bien aussi.
494 1493 2374 1803 GENIA.- Il faudrait que je m'habille....
498 1713 3769 1913 FRE FRIC.- Eh bien, habille-toi vite, nous t'attendons dans le jardin.
514 1868 1876 2056 GENIA.- Tu y tiens beaucoup?
498 1986 3577 2247 FREDERIC. (A Mauer) Qu'en dis-tu!! (nerveusement) Allons, restons
791 2166 2207 2345 tous à la maison... c'est dit.
510 2309 3614 2541 GEMIA.- Je reviens tout suite... je mets seulement non chapeau.(elle
771 2508 1093 2672 sort).
1607 2582 2309 2810 MAUER. FREDERIC
514 2814 3247 3010 FREERIC. - (après un silence) Oui, mon cher Mauer, oui....
514 2945 3740 3169 MAUER.- Je ne te comprends vraiment pas... c'est toujours désagréable
779 3088 2150 3316 pour une maîtensse de maison.
502 3206 3691 3495 FREURIC.- Tu sais, au casino aussi, tu peux faire un bon dîner.(si-
783 3398 3614 3577 lence). Du reste - c'est peut-être très bien que tu y ailles
771 3585 3512 3773 aujourd'hui.- Les changes pour qu'il y ait des apparitions
763 3699 3504 3960 d'esprit dans cette maison ont considérablement augenté.
510 3863 1701 4107 MAUER.- Que veux-tu dire?
514 4042 3793 4234 FRETERIC.- Tu ne mérites pas ma confiance en répétant tout ce que j'ai
710 4193 1644 4389 pu te raconter....
534 4299 2272 4568 ###AUER. —. Qu'est-ce que cela veut dire?
514 4454 3638 4719 PREDERIC.- Eh bien, comment Genia saurait-elle que l'histoire avec
791 4670 2557 4866 Adèle Natter est complètement finie?
522 4711 3675 4996 MAUER.- Tu devrais être heureux qu'on ait pu raco ter enfin quelque
