3816 5256
1565 214 1897 420 - 84 -
164 340 485 553 BEDERIC
550 366 3423 611 Cela aurait dû être une raison de plus pour vous réconcilier.
141 534 378 698 HÄNEN
530 534 3538 729 Possible! - Je l'aimais infiniment.... Comme aucune autre avant
523 672 3492 946 et aucune autre... enfin laissons ça. S'il n'en avait pas été
519 851 3309 1065 ainsi, tout était réparable. Mais précisément parce que je
523 988 3423 1217 l'aimais beaucoup - et que j'étais tout de même capable de la
523 1149 3519 1366 tromper.... voyez-vous mon cher Hofreiter, cette pensée l'a fait
2503 1324 3232 1435 enlève toute
511 1324 3442 1519 douter de moi et de tout l'univers. Cela se donne plus aucune
1836 1477 2103 1584 to the
511 1473 3339 1691 certitude sur la terre...... aucune possibilité de confiance,
523 1649 3423 1828 vous me comprenez Hofreiter? Ce qui l'a éloignée de soi, ce
1126 1763 1431 1874 ce qui
2763 1797 3412 1912 le fait que ce
492 1759 3393 1973 n'est pas parce que cela est arrivé, non, mais parce qué cela
496 1939 3370 2191 avait été possible. Et je le comprends. J'aurais même pu le
492 2087 916 2263 prévoir.
88 2267 439 2442 PREDERICke
534 2267 2393 2431 Oui, alors je vous demanderai pourquoi?
496 2389 3496 2606 Pourquoi je l'ai trompée -?... c'est Vous qui me demandez cela
485 2576 3419 2748 Est-ce qu'il ne voue est pas encore apparu, combien les hommes
504 2694 3408 2912 sont des êtres compliqués au fond? Il y a place pour tant de
492 2877 3488 3091 choses en nous, en même temps -! Amour et trahison.... Fidelité
485 3038 3442 3229 et Infidèlité.... Adoration de l'une et désir d'une autre ou de
473 3183 3503 3370 plusieurs autres. Nous cherchons à ordonner nos sentiments
481 3358 3549 3549 contradictoires aussi bien que nous le pouvons, mais l'ordre que
481 3503 3442 3679 nous erfons en nous est toujours   cartificiel....
458 3660 3286 3862 Je fond de la nature humaine, c'est le chaos. Oui - mon bon
469 3809 3366 3996 Hofreiter, l'âme... est une vaste contrée, comme un poète l'a
454 3996 3477 4251 dixx uno fois.... Du reste cela peut être aussi un Directeur
454 4118 897 4354 l'Hôtel.
80 4301 397 4492 EDERIO
469 4312 3377 4496 Le Directeur d'hôtel n'a pas tout à fait tort... certainement
481 4488 870 4663 (silence
916 4476 3305 4698 Au fond le malheur a été seulement que votre femme
706 4644 874 4778 mit
466 4686 3389 4877 s'en est aperçue, sinon vous seriez encore aujourd'hui le plus
450 4824 1736 5053 des maris.
