4168 5432
3323 338 3563 578 P. S.
826 635 3754 862 plus lent, c'est remarquable. Il y a trois ans, le courrier du
830 822 3624 1058 soib était toujours là des six heures et demie. Maintenant il
826 972 3730 1171 arrive rarement avant 7 heures 1/2. Si cela continue, le temps
814 1119 3380 1322 n'est précédra où il fera sa distribution à minuit.
895 1289 2689 1448 Peut-être prendrais-tu encore du thé?
578 1314 805 1501 S:IA.
557 1428 3828 1655 FRaERIO.- Merci bien... J'en ai pris au bureau. Il n'était pas fameux.
838 1607 2815 1826 Eh bien, est-ce que nuer t'a racchte...?
927 1741 2778 1965 ¬ui... as-tu reçu la dépêche d'.meriaue?
517 1777 887 1977 0s 1.
1045 1891 3779 2140 maturellement... et il est presque certain que je partirai
513 1948 960 2123 FREDERIC.
838 2078 1379 2270 en automne.
508 2257 3295 2416 CERlt.- Tu avais l'intention d'envoyer quelqu'un du burpeau.
521 2347 3734 2563 FASERIC.- Ah - il vaut mieux que j'y silles moi-même. Tu m'acconpa¬
842 2550 3730 2713 gnes, Génia? Nous partirions le 30 Août ceriverpool, ou le
842 2725 3718 2916 Septembre de Hambourg, par le Norddeutsc er Eloyd. Je conhais
842 2859 2201 3063 le capitaine du "sing James".
553 2957 3177 3201 Mlh.- Nous en parlerons encore d'ici là, n'est- e pas
541 3136 2969 3360 xxx xxx. - J'espère avoir ce plaisir. (Il s'agried).
525 3307 2725 3506 GEnIi.- Tu dois avoir chaud avec ton pardessus.
517 3482 3754 3673 FRADERIC.- Non, j'ai plutôt frais. veo un temps pareil. Rat-ce qu'il
830 3624 3592 3787 a benucoun plu, ici? Au cimetière c'etait un gachis! - Ce
830 3738 3697 3966 n'est pas des discours que je parle - Tu peux te féliciter de
830 3901 3673 4100 n'avoir pas subi... Vraiment on devrait bien supprimer cette
842 4116 3575 4312 soutume! Vous n'imaginez pas les bêtises qu'on a pu dire -
818 4295 1273 4425 (silence)
1302 4279 3697 4539 Eh bien Mauer, comment es-tu revenu? Sans incident?
866 4454 3632 4702 uelle vitesse as-tu fait: Du dix à l'heure : Ta n'oses pas
838 4669 1944 4816 faire davantage encore.
1001 4759 1660 4873 Mogne- toi
525 4812 3665 4999 l'AUER.- Tu peux me mailler. Je me méfie de tous les chauffeurs. Je
854 4909 3705 5133 suis tout à fait comme toi; je n'ai confiance qu'en moi-même.
