3768 5272
1264 234 1940 429 - 58 -
424 402 3491 610 dire autrement..... cela passera certainement... avec le temps...
442 561 3447 751 dans la montagne.... et quand nous serons loin l'un de l'autre,
424 738 3491 932 pendant quelques semaines. Mais maintenant c'est ainsi et je n'y
433 906 3398 1083 peux rien..... oui, ma chère Genia.... je suis ainsi fait...
433 1060 1966 1281 D'autres seraient autrement....
84 1211 778 1414 ENIA (se tait)
97 1343 3420 1604 REDERIC J'espère que tu n'a pas trouvé mauvais que je te dise tout cela
442 1516 3420 1710 aussi elairement sur ta demande, plus clairement que je ne l'ai
451 1688 1564 1891 sans doute ressenti....
446 1816 2364 2006 C'est tout de même resté vrai, Frédéric.
71 1856 305 2099 SENIA
994 1997 2682 2214 (les autres s'approchent peu à peu)
80 2161 742 2373 AUER (d'abord)
716 2178 3619 2395 Excuse-moi Frédéric, il est grand temps. J'ai encore beaucoup
433 2382 3345 2545 à faire en ville.... Tu pourrais peut-être venir par un autre
446 2545 1511 2757 tain, plus tard.
88 2651 1785 2965 REDERIC Je suis tout à fait prêt....
1798 2740 2267 2952 (appelant
2254 2832 3411 3053 Allons Kathi, vite! Mon
442 2956 3486 3239 par dessus et ma petite valise jaune qui est sur le divan dans ma
451 3186 866 3354 chambre.
84 3265 2510 3508 lme WaHL Eh bien bon voyage et sans doute à bientôt.
442 3513 1290 3698 Au Völser Weiher.
80 3522 247 3712 ERNA.
75 3584 3517 3871 Mme NAHL savez-vous ce qui serait gentil madame Genia? Ce serait de venir
451 3840 760 4048 aussi.
71 3942 256 4167 DERNA:
446 3942 1330 4132 Oui, madame Genia!
460 4034 3115 4295 Malheureusement cela ne se peut pas: Percy doit arriver
66 4136 314 4335 GENIA.
88 4251 1321 4542 TREDERIC Mais pas de si töt
1334 4317 1790 4542 (a Mauer)
1798 4317 3438 4662 Quand devona-nous être de retour?
102 4547 1988 4781 AUER Dans huit ou dix jours je pense.
102 4662 3659 4984 REDERIC Mais oui, Genia, ce serait vraiment une idée. Tu devrais te décider
