4184 5432
2002 375 2248 603 +,10
1115 629 2366 819 qu'elle va vers la véranda
2396 682 3799 857 Je vous l'ai déjà dit l'autre
917 845 2885 1084 jour, docteur, reflechissez à la chose.
804 1001 1805 1228 ER.- (à demi milleur)
1854 1103 3806 1323 Je crois que je ne suis pas assez elegant
910 1228 2487 1486 pour elle (il la suit peu à peu).
660 1388 2260 1626 i. - (ouel uo- ̃march-e- plus bant
2313 1460 3882 1702 Je ne savois pas ue franéric eut
902 1577 3063 1846 encore à faire u bureau après la céremonie.
845 1755 3859 1979 hier oui, Madame kenin, j'etait chargé de vous le dire. Il attend
917 1926 2002 2150 ###be dépêche importente.
1035 2081 1539 2328 D'Amérie
2009 2260 3886 2461 reine de Brevet pour ou nouvelle decou¬
1005 2252 1930 2491 Oui. J'aijt d'une
902 2388 2472 2578 verte de iu udere înoi ndacente.
990 2536 2210 2737 Oh sa découverte! Ce n'est
1289 2631 1471 2783 O
1570 2521 3875 2787 par un perfectionnement, docteur: (Elle s'assied)
660 2529 933 2768 d.
993 2745 2533 2900 (debent poncii nur 1. balastr uo
667 2745 963 2923 B. E. F.
2552 2798 3935 3022 omme toujours la chose prend
1789 2874 2123 3033 bntieres
910 2908 3958 3147 avec lui des Monsieurions considérables ; il veut a/grandir l'u ine.
921 3101 2646 3310 acheter tout un bloc de maisons.....
978 3279 1422 3458 Oui....
637 3283 936 3480 C.F.P.
1054 3454 3750 3602 t avec selon de nouveau conve ue le Consortim qui le
690 3473 925 3632 etc.
899 3564 3928 3738 presse pour l'achat de l'u une. Dem in matin il  une conférence
891 3734 1763 3977 avec son banquier.
652 3897 1592 4114 xxxx vnd über.
751 4045 2282 4265 E. - Naturellement, avec Natter.
1027 4174 3640 4379 Ils etaient aussi à l'enterressementles Natter. Je pense.
698 4246 929 4424 Ia.
1634 4394 2021 4716 gonge
690 4508 1577 4713 L'autormobil
2043 4527 3272 4747 a de Sire très remarciée.
607 4697 3333 4860 R. - Oui, qu'y faire? Elle est vraiment rouge Jcarlate.
1729 4811 2502 5020 (petit silence)
610 4921 2824 5149 T. - (regarde xxxer nvec un faible nourire).
