4208 5649
1287 397 1574 615 ###
486 409 716 619 "    "
1979 397 2569 627 1/11 „ „ —„ —:„
801 688 3447 882 une légère pause pendant laquelle elle regarde le ciel).
3423 805 3650 975 Vous
583 935 2157 1145 pouvez aussi relever la marquise.
461 1060 3621 1287 FÉRHE DE CHABRE. (pendant qu'elle enlève le service à thé et relè
801 1230 1525 1384 ve la marquise)
3435 1234 3727 1432 Ilft
1542 1230 3383 1453 Dois-je apporter un vête ent à madame
575 1400 1368 1610 fait plus frais.
360 1546 1841 1772 CENIA.- Oui. Von mantenu blanc.
1801 1582 3536 1792 (Elle respire une rose et continue sa
801 1740 2970 1918 promenade le long de la véranda vers le fond).
348 1853 3500 2055 I FEME DE CH BE.- (a relevé commlètement la marquise et enlevé
813 1975 2885 2145 les tasses; elle s'éloigne avec le plateau).
761 2076 3589 2314 et ENNA. (viennent du fond par la rue, le long de la clôture
380 2047 720 2290 Kreisät.
789 2229 1517 2375 vers l'entrée).
340 2270 3553 2525 CENIA. (continue sa pro enade le long de la pelouse dans la direction
813 2456 1440 2594 de l'entrée).
372 2590 3609 2772 MÈK WÄHL etmede (saluent déjà du dehors par une inclinaison de tête).
627 2751 3577 2934 (fait légère ent signe de la main, hâte un peu le pas et arrive
356 2768 538 2974 CEN:
813 2865 2460 3010 en même te pa qu'elles à la porte).
384 2942 3540 3172 me l'A doit être toutes deux en costume tailleur sombre s'arrêtent).
797 3120 3536 3290 (svelte, remuante, 45 ans environ, distinction voulue. Elle
336 3164 530 3326 Mme
797 3229 3565 3350 nasille un peu et ne parle pas une langue très ristoorati-
813 3330 3532 3419 que. Regard et parole tantôt trop lus, tantêt trop animés.
809 3399 3536 3500 Pendant qu'elle parle, elle regarde le plus souvent à côte
817 3480 3395 3565 de son interlocuteur, et seule ent quand elle  fini de
809 3545 3492 3666 parler, elle le regarde en face, d'une regard amicalement
809 3613 3658 3775 interrogateur, comme pour s'assurer de l'impression produite
433 3747 3439 3909 RNA. (plus grande qua sa mère, svelto, decidée sans jamais aucune
801 3840 3581 4018 gesitation, mais sans impertinenoe. euard ferme et droit.)
348 3982 3524 4160 GRNIA (leur tend amicalement la main) Vous avez fait un bon voyage?
336 4160 3496 4350 Mme 7 A.H. - Comme vous voyez, chère nada e Génia. Il a fait un orage
579 4293 975 4499 affreux.
352 4443 2743 4661 GENIA. - Par ici, l'orage est fini depuis une heure.
356 4592 3613 4787 Ce Vous avez eu bien raison de rester chez vous. Au cimetière,
2294 4726 2472 4811 n'est
3035 4722 3257 4803 que
575 4803 3666 4920 nous étions complète ont embourbes. Je puis allée seulement pour
558 4884 3476 5086 faire plaisir à Erna. Il aurait bien suffisant à mon ovis
1032 5025 2812 5127 au service. A quoi bon ce sojage
558 5054 3557 5288 d'assister à la cérémonie à l'église. I je vous demande un peu à
