4248 5416
1678 333 2301 572 38 —
3434 371 3809 572 gebracht wurde.
468 514 1961 704 suis complètement indifférent?
886 642 3651 855 C'est peut-être le meilleur début pour un mariage heureux.
472 673 770 878 GENIA.
893 816 3017 1040 Oui, s'il en est ainsi des deux côtés, mais -
468 839 785 1036 MAUER.
3040 905 3829 1056 (s'interrompant)
874 1033 3906 1272 A propos, croyez-vous Mme Genia, que Frédéric  serieux avec
851 1245 1972 1439 ses projets de voyage?
886 1346 3984 1512 Moi - Je n'en sais rien du tout. J'en étais même un peu surprise.
452 1288 774 1566 GENIA.
886 1508 3906 1690 Je reconnais qu'il a travaillé avec tant d'acharnement ces temps
893 1655 3906 1903 derniers que quelques jours de repos lui feraient du bien. Mais
886 1802 3960 2027 il n'est pas encore parti - Il ne parlait probablement pas sérieu¬
886 1984 3357 2162 sement. Non, je ne crois pas qu'il parte avec vous.
464 2030 743 2348 MAUER
886 2116 2939 2363 Et où en sont vos projets pour l'Amérique?
878 2290 2607 2506 Frédéric ira là bas, c'est certain?
464 2313 723 2491 GENIA
874 2444 1996 2672 Et vous, madame Genia?
460 2491 727 2638 MAUER
870 2649 1609 2839 Peut-être aussi
480 2642 762 2812 GENIA
1620 2719 2104 2932 (souriant)
2146 2715 3423 2908 Oui, cher ami, PRUT-ETRE!-
874 2939 3705 3090 Vous l'accompagnez? - ah, c'est bien, cela me fait plaisir.
468 2935 715 3113 MAUER
874 3071 3392 3249 Pourquoi cette joie? -...PEUTJETRE, ai-je dit!.....
472 3094 700 3280 GENIA
862 3237 3972 3438 Ah, ce sera certain. Ce serait trop bête, sans cela que le pauvre
456 3264 766 3446 MAUER.
862 3427 2189 3570 Korsakow soit mort en vain.
878 3577 1365 3728 (Surprise)
452 3546 712 3786 CENIA
1354 3635 3891 3852 Que Korsokow - 7 Que voulez-vous dire? - que Korsakow
866 3798 1810 3984 soit mort en vain?
445 3906 719 4150 MAUER
866 3945 3937 4130 J'ai la conviction que Korsakow était destiné par la providence à
866 4100 1574 4285 öpre sacrifié.
452 4254 712 4436 GENIA
828 4219 2069 4475 (de plus en plus surprise)
2135 4305 2657 4506 Sacrifié?
449 4490 739 4699 MAUER
851 4432 2359 4629 Pour vous - pour votre bonheur.
808 4684 3666 4877 Sacrifié pour mon bonheur -? vous croyez de telles choses?
452 4676 712 4854 CENIA
