4216 5352
2003 273 2349 494 109 —
469 436 2578 669 ERNA. - Tu étais sous ma fenêtre!... Fredéric.
473 661 3724 795 FREDERIO.- Pourquoi te raconterai-je de pareilles choses si ce n'était
730 812 3602 1032 pas vrai... Sur quoi faut-il te le jurer? Sur le saint lao de
746 934 1040 1126 Völs?
473 1052 2659 1264 ERNA.- Tu étais sous ma fenêtre...! Mon chéri!
514 1256 3186 1452 NRE FRIC.- Chut, chut. (Il va vers la porte de la maison).
485 1436 3602 1603 MAUER. - (sort de la maison) Salut, Frédéric. Bonjour, mademoiselle
734 1595 1016 1762 Erna.
473 1705 1615 1921 ARDERIC.- Salut, auer.
526 1848 2215 2084 ERNA.- (tranquille) Bonjour, docteur.
502 2060 3659 2223 MAUER. - (tout à fait simplement) Vous êtes de retour depuis longtemps
746 2190 1680 2378 mademoiselle Erna?
485 2341 3512 2545 ERNA.- Depuis deux jours... (A Frédéric) Je crois que vous avez à
742 2480 3565 2672 parler avec le docteur. Au revoir. ( Elle va vers le tennis.)
1729 2663 2459 2876 MAUER. FREDERIC
498 2802 2182 3014 MUER.- Tu m'as écrit. Je suis venu.
489 2973 3704 3190 FRE FRIC.- Je te remercie encore une fois d'être venu. J'espère que je
730 3120 2496 3332 ne t'ai dérangé en rien d'important.
489 3308 3622 3508 MAUER.- Tu m'écris que tu as besoin de mes conseils. J'ai pense que
767 3451 1538 3650 tu étais malade.
485 3569 3769 3797 FREDERIC.- (le regarde) Ah oui! ce n'est pas le médecin que j'ai appe¬
742 3773 1452 3985 le mais l'ami.
481 3903 2256 4148 MAUER. - L'ami..K eh bien, je suis là.
1607 4034 2015 4144 racon tar.
494 4083 3748 4323 FRÈFRIC.- Il s'agit d'un stupide, que tu as peut-être déjà lu
759 4230 2150 4470 ou dont tu as entendu parler.
465 4401 1570 4629 MAUER.- Quel racontar?
510 4585 1729 4784 FREIERIC.- Que Korsakow...
510 4744 1301 4943 MUER.- Eh bien?
494 4805 3369 5078 FRELERIC. - Que Korsakow a été la victime d'un duel américain.
