3912 5288
1615 179 1968 414 105 —
223 414 1915 633 PAUL. - Mes compliments M. Hofreiter.
199 576 2167 816 ERNA. - Bonsoir Frédéric (Petgnée de min).
207 767 2041 1010 FREDERIO.-Eh bien ooment cela va-t-il?
215 933 2171 1152 PAUL. - Mademoiselle Erna m'a encore battu.
304 1067 2909 1347 EDIRIC.- Eh bien, c'était encore beau au Völser Weiher?
211 1290 3380 1469 ERNA.- Oui, je vous assure, très beau, même sans vous. Vraiment vous
458 1416 3384 1595 n'avez pas été gentil de disparaitre aussi rapidement. A propos,
454 1566 3360 1769 merci pour les cartes.... Vous avez encore fait de belles par-
467 1708 787 1858 ties?
215 1818 3473 2069 FR WDRIC.- Aujourd'hui votre célébrité s'étale dans les journaux, Erna.
191 2000 1688 2228 Mme VAEL.- Nous l'avons déjà lu.
199 2122 3283 2361 FREDERIC.- Ah oui. Vous l'avez déjà lu - cette feuille est arrivée
430 2382 2682 2524 ici? - Un journal bien intéressant, n'est-ce pas?
2723 2443 3433 2613 (silence. L’em¬
856 2508 2053 2735 barras des autres l'amuse
2077 2572 3311 2775 C'était vraiment beau à la
438 2727 2925 2917 Tour Aigner, savez-vous Otto. Mais où est-il donc...?
2913 2783 3360 3023 Otto est
856 2873 2475 3096 un peu sur le côté avec Mme Natter
2524 2994 3311 3124 J’ai un souvenir
426 3076 3433 3356 à vous transmettre, enfin pas précisément un souvenir. J'ai ren-
438 3299 1327 3510 contre votre père.
260 3473 1988 3656 TO. - Madame Hofreiter me l'a raconté.
174 3510 3396 3753 ERSERIC.-C'est dommage que vous parlez demmin. Votre père doit venir
438 3761 1895 3968 passer quelques jours à Vienne.
467 3928 3461 4143 Vous savez bien M. Hofreiter, que nous n'avons jamais eu de rap-
154 3786 430 4135 OITO.
418 4110 1526 4297 ports, non père et moi.
1668 4131 2073 4281 arriver.
158 4114 3364 4419 FRED RIC.- Cela pourrait encore  cela devrait être. Vous
406 4321 3494 4593 ne devriez pas partir en mer pour si longtemps... sans avoir revu
414 4565 2102 4784 votre père.... ne croyez-vous pas?
454 4621 3339 4954 Oui, vous avez peut-être raison - Mais maintenant il est trop
199 4711 414 4918 ITO.-
414 4897 694 5031 tard.
