<?xml version="1.0" encoding="UTF-8" standalone="yes"?>
<PcGts xmlns="http://schema.primaresearch.org/PAGE/gts/pagecontent/2013-07-15" xmlns:xsi="http://www.w3.org/2001/XMLSchema-instance" xsi:schemaLocation="http://schema.primaresearch.org/PAGE/gts/pagecontent/2013-07-15 http://schema.primaresearch.org/PAGE/gts/pagecontent/2013-07-15/pagecontent.xsd">
    <Metadata>
        <Creator>prov=READ-COOP:name=TrHtr:version=2.1.0:model_id=51170:date=15_08_2023_09:54</Creator>
        <Created>2023-05-10T15:31:11.827+02:00</Created>
        <LastChange>2023-08-15T09:54:32.460+02:00</LastChange>
        <TranskribusMetadata docId="1429075" pageId="55437017" pageNr="85" tsid="132845975" status="IN_PROGRESS" userId="64420" imgUrl="https://files.transkribus.eu/Get?id=ZLCZFQYYHBXKYUWSEVQNVWTR&amp;fileType=view" xmlUrl="https://files.transkribus.eu/Get?id=HVOEAZYKAAUQBACDQXSFOGYQ" imageId="44711006"/>
    </Metadata>
    <Page imageFilename="1429075_0085.jpg" imageWidth="3688" imageHeight="5240">
        <ReadingOrder>
            <OrderedGroup id="ro_1711797150171" caption="Regions reading order">
                <RegionRefIndexed index="0" regionRef="tr_3"/>
                <RegionRefIndexed index="1" regionRef="tr_2"/>
                <RegionRefIndexed index="2" regionRef="tr_1"/>
            </OrderedGroup>
        </ReadingOrder>
        <TextRegion id="tr_3" custom="readingOrder {index:0;}">
            <Coords points="119,302 3491,302 3491,1490 119,1490"/>
            <TextLine id="tr_3_tl_1" custom="readingOrder {index:0;}">
                <Coords points="1550,438 1613,412 1650,434 1702,427 1728,445 1769,434 1780,419 1821,419 1814,271 1791,271 1773,252 1762,267 1717,260 1680,271 1662,260 1624,278 1580,256 1539,256"/>
                <Baseline points="1563,352 1653,358 1742,364 1832,364"/>
                <TextEquiv>
                    <Unicode>- 31.</Unicode>
                </TextEquiv>
            </TextLine>
            <TextLine id="tr_3_tl_2" custom="readingOrder {index:1;}">
                <Coords points="504,579 1903,556 2255,645 2429,553 2893,575 2893,493 2726,434 504,438"/>
                <Baseline points="525,543 614,543 704,543 793,543 883,543 972,543 1062,543 1151,543 1241,537 1330,543 1420,543 1509,543 1599,543 1688,549 1778,549 1868,549 1957,549 2047,549 2136,549 2226,543 2315,543 2405,543 2494,543 2584,537 2673,537 2763,537 2852,543 2900,543"/>
                <TextEquiv>
                    <Unicode>Je regrette. Madame Hofreiter ne m'en a rien dit.</Unicode>
                </TextEquiv>
            </TextLine>
            <TextLine id="tr_3_tl_3" custom="readingOrder {index:2;}">
                <Coords points="504,764 742,779 972,708 1317,712 1469,768 1558,712 2003,745 2003,623 1936,608 1350,649 1087,634 979,564 727,627 504,579"/>
                <Baseline points="525,692 614,698 704,698 793,698 883,698 972,698 1062,698 1151,698 1241,698 1330,698 1420,698 1509,704 1599,704 1688,704 1778,704 1868,704 1957,704 2011,704"/>
                <TextEquiv>
                    <Unicode>Est-ce qu'on s'amuse beaucoup?</Unicode>
                </TextEquiv>
            </TextLine>
            <TextLine id="tr_3_tl_4" custom="readingOrder {index:3;}">
                <Coords points="100,760 152,768 197,749 211,764 237,764 293,745 356,783 401,768 401,612 352,608 323,638 252,608 185,619 159,642 100,634"/>
                <Baseline points="119,704 208,710 298,704 387,710 411,716"/>
                <TextEquiv>
                    <Unicode>EDERIC</Unicode>
                </TextEquiv>
            </TextLine>
            <TextLine id="tr_3_tl_5" custom="readingOrder {index:4;}">
                <Coords points="516,864 883,946 1717,872 2974,949 3167,912 3171,738 519,753"/>
                <Baseline points="537,847 626,853 716,853 805,853 895,853 984,853 1074,853 1163,853 1253,853 1342,859 1432,859 1521,859 1611,859 1700,859 1790,859 1879,859 1969,859 2058,859 2148,853 2238,853 2327,853 2417,853 2506,853 2596,847 2685,853 2775,847 2864,847 2954,847 3043,847 3133,847 3175,853"/>
                <TextEquiv>
                    <Unicode>Enormémenth Nous avons été dernièrement tous ensemble à</Unicode>
                </TextEquiv>
            </TextLine>
            <TextLine id="tr_3_tl_6" custom="readingOrder {index:5;}">
                <Coords points="512,1020 1524,1072 1654,1016 1977,1083 2515,1031 2481,905 2051,886 1869,957 998,898 512,949"/>
                <Baseline points="531,1014 549,1008 638,1008 728,1008 817,1008 907,1008 996,1008 1086,1008 1175,1008 1265,1014 1354,1008 1444,1008 1533,1008 1623,1014 1712,1014 1802,1014 1891,1014 1981,1014 2070,1014 2160,1014 2249,1008 2339,1008 2429,1008 2518,1008"/>
                <TextEquiv>
                    <Unicode>l'Arena. Votre femme a dû vous en parler.</Unicode>
                </TextEquiv>
            </TextLine>
            <TextLine id="tr_3_tl_7" custom="readingOrder {index:6;}">
                <Coords points="516,1220 727,1194 961,1239 1287,1187 1428,1205 1428,1094 1157,1101 1031,1046 957,1083 857,1061 753,1098 516,1020"/>
                <Baseline points="537,1163 626,1169 716,1169 805,1169 895,1169 984,1163 1074,1169 1163,1169 1253,1163 1342,1169 1432,1169 1438,1169"/>
                <TextEquiv>
                    <Unicode>Oui, naturellement.</Unicode>
                </TextEquiv>
            </TextLine>
            <TextLine id="tr_3_tl_8" custom="readingOrder {index:7;}">
                <Coords points="286,1235 319,1228 341,1242 356,1235 393,1257 408,1254 419,1265 441,1261 427,1024 397,1016 393,1024 363,1024 345,1035 319,1020 300,1031 274,1031"/>
                <Baseline points="304,1169 393,1169 447,1181"/>
                <TextEquiv>
                    <Unicode>10</Unicode>
                </TextEquiv>
            </TextLine>
            <TextLine id="tr_3_tl_9" custom="readingOrder {index:8;}">
                <Coords points="504,1350 3486,1357 3486,1224 504,1224"/>
                <Baseline points="525,1318 537,1318 626,1318 716,1318 805,1324 895,1324 984,1324 1074,1318 1163,1318 1253,1318 1342,1318 1432,1318 1521,1324 1611,1324 1700,1324 1790,1324 1879,1318 1969,1318 2058,1318 2148,1318 2238,1318 2327,1318 2417,1318 2506,1318 2596,1318 2685,1318 2775,1312 2864,1312 2954,1312 3043,1312 3133,1312 3222,1307 3312,1307 3401,1301 3491,1295"/>
                <TextEquiv>
                    <Unicode>Et avant, nous avons été à Hauswiese où il y avait une sorte de</Unicode>
                </TextEquiv>
            </TextLine>
            <TextLine id="tr_3_tl_10" custom="readingOrder {index:9;}">
                <Coords points="504,1491 3186,1554 3327,1513 3327,1361 504,1391"/>
                <Baseline points="525,1474 561,1474 650,1474 740,1474 829,1474 919,1480 1008,1474 1098,1474 1187,1474 1277,1474 1366,1474 1456,1474 1545,1474 1635,1474 1724,1474 1814,1474 1903,1480 1993,1480 2082,1474 2172,1474 2261,1474 2351,1468 2440,1468 2530,1474 2620,1474 2709,1468 2799,1468 2888,1468 2978,1462 3067,1468 3157,1462 3246,1462 3336,1462"/>
                <TextEquiv>
                    <Unicode>fête populaire. Nous nous y sommes mêlés. Neue avons même</Unicode>
                </TextEquiv>
            </TextLine>
        </TextRegion>
        <TextRegion id="tr_2" custom="readingOrder {index:1;}">
            <Coords points="453,1579 3443,1579 3443,3280 453,3280"/>
            <TextLine id="tr_2_tl_1" custom="readingOrder {index:0;}">
                <Coords points="516,1658 564,1669 608,1658 638,1676 701,1650 719,1658 749,1647 779,1669 831,1654 831,1517 764,1554 738,1547 727,1558 638,1565 575,1528 545,1535 516,1524"/>
                <Baseline points="537,1629 626,1629 716,1629 805,1635 841,1635"/>
                <TextEquiv>
                    <Unicode>dansé.</Unicode>
                </TextEquiv>
            </TextLine>
            <TextLine id="tr_2_tl_2" custom="readingOrder {index:1;}">
                <Coords points="534,1802 827,1847 938,1795 1009,1828 1113,1799 1183,1825 1272,1799 1331,1817 1331,1706 1309,1702 1165,1725 979,1684 920,1717 853,1687 734,1725 694,1695 623,1725 534,1706"/>
                <Baseline points="555,1784 644,1784 734,1790 823,1790 913,1790 1002,1784 1092,1784 1181,1784 1271,1784 1342,1784"/>
                <TextEquiv>
                    <Unicode>Ma femme aussi?</Unicode>
                </TextEquiv>
            </TextLine>
            <TextLine id="tr_2_tl_3" custom="readingOrder {index:2;}">
                <Coords points="523,1962 3308,1984 3434,1955 3438,1821 527,1847"/>
                <Baseline points="543,1933 578,1939 668,1939 757,1945 847,1945 936,1945 1026,1945 1116,1945 1205,1939 1295,1939 1384,1939 1474,1939 1563,1939 1653,1939 1742,1939 1832,1939 1921,1939 2011,1939 2100,1939 2190,1939 2279,1945 2369,1939 2458,1939 2548,1933 2637,1933 2727,1933 2816,1933 2906,1933 2995,1927 3085,1927 3175,1927 3264,1921 3354,1921 3443,1915"/>
                <TextEquiv>
                    <Unicode>Oui, naturellement. Et à l'Arena, il y a eu une grosse sensa-</Unicode>
                </TextEquiv>
            </TextLine>
            <TextLine id="tr_2_tl_4" custom="readingOrder {index:3;}">
                <Coords points="534,2129 3256,2103 3256,1980 1884,2051 1550,1955 534,1980"/>
                <Baseline points="555,2100 578,2094 668,2094 757,2100 847,2094 936,2094 1026,2094 1116,2094 1205,2094 1295,2094 1384,2094 1474,2094 1563,2094 1653,2094 1742,2088 1832,2094 1921,2094 2011,2094 2100,2094 2190,2094 2279,2094 2369,2094 2458,2088 2548,2088 2637,2088 2727,2088 2816,2088 2906,2082 2995,2082 3085,2082 3175,2076 3264,2076"/>
                <TextEquiv>
                    <Unicode>tion lorsque les acteurs ont aperçu de la scène la célèvre</Unicode>
                </TextEquiv>
            </TextLine>
            <TextLine id="tr_2_tl_5" custom="readingOrder {index:4;}">
                <Coords points="530,2322 2552,2255 3260,2362 3260,2151 530,2170"/>
                <Baseline points="549,2244 584,2249 674,2249 763,2249 853,2255 942,2249 1032,2249 1122,2249 1211,2249 1301,2249 1390,2249 1480,2249 1569,2249 1659,2249 1748,2249 1838,2249 1927,2249 2017,2249 2106,2249 2196,2244 2285,2244 2375,2244 2464,2244 2554,2244 2643,2244 2733,2244 2822,2244 2912,2244 3001,2238 3091,2238 3181,2232 3270,2238"/>
                <TextEquiv>
                    <Unicode>Mme Meinhold dans une loge. Ils ont alors réellement joué</Unicode>
                </TextEquiv>
            </TextLine>
            <TextLine id="tr_2_tl_6" custom="readingOrder {index:5;}">
                <Coords points="516,2444 564,2455 605,2429 675,2444 734,2426 812,2459 868,2429 894,2448 946,2418 1024,2426 1024,2337 935,2344 901,2325 786,2344 656,2311 601,2340 575,2318 516,2333"/>
                <Baseline points="537,2417 584,2411 674,2405 763,2411 853,2411 942,2411 1032,2411"/>
                <TextEquiv>
                    <Unicode>pour nous.</Unicode>
                </TextEquiv>
            </TextLine>
            <TextLine id="tr_2_tl_7" custom="readingOrder {index:6;}">
                <Coords points="534,2592 1016,2566 1064,2600 1250,2574 1361,2618 1602,2585 1650,2615 1743,2596 1747,2496 1350,2503 1150,2385 1068,2440 538,2459"/>
                <Baseline points="555,2572 590,2566 680,2566 769,2566 859,2566 948,2566 1038,2566 1127,2566 1217,2560 1307,2560 1396,2560 1486,2560 1575,2560 1665,2554 1754,2554"/>
                <TextEquiv>
                    <Unicode>Qu'est-ce qu'on donnait?</Unicode>
                </TextEquiv>
            </TextLine>
            <TextLine id="tr_2_tl_8" custom="readingOrder {index:7;}">
                <Coords points="523,2785 909,2722 1098,2782 1721,2722 2400,2763 2533,2730 2533,2585 2303,2644 1417,2655 1280,2592 523,2641"/>
                <Baseline points="543,2721 572,2721 662,2721 751,2721 841,2721 931,2721 1020,2721 1110,2727 1199,2727 1289,2721 1378,2721 1468,2721 1557,2721 1647,2721 1736,2721 1826,2715 1915,2715 2005,2709 2094,2709 2184,2709 2273,2709 2363,2709 2452,2709 2542,2715"/>
                <TextEquiv>
                    <Unicode>Exousez-moi, ja n'y ai pas fait attention.</Unicode>
                </TextEquiv>
            </TextLine>
            <TextLine id="tr_2_tl_9" custom="readingOrder {index:8;}">
                <Coords points="467,2922 2251,2882 2607,2963 2782,2871 3115,2889 3115,2752 467,2759"/>
                <Baseline points="489,2876 525,2876 614,2876 704,2876 793,2876 883,2876 972,2876 1062,2876 1151,2882 1241,2876 1330,2882 1420,2876 1509,2876 1599,2876 1688,2876 1778,2876 1868,2876 1957,2870 2047,2870 2136,2870 2226,2870 2315,2870 2405,2870 2494,2870 2584,2864 2673,2864 2763,2864 2852,2858 2942,2858 3031,2858 3121,2858"/>
                <TextEquiv>
                    <Unicode>Et c'est pour ces gens qu'on se tire le sang des veines!</Unicode>
                </TextEquiv>
            </TextLine>
            <TextLine id="tr_2_tl_10" custom="readingOrder {index:9;}">
                <Coords points="434,3078 497,3067 534,3082 556,3104 605,3067 627,3075 675,3067 675,2956 653,2956 642,2967 616,2945 590,2967 575,2963 549,2978 512,2952 475,2971 452,2948 434,2948"/>
                <Baseline points="453,3043 543,3037 632,3037 686,3043"/>
                <TextEquiv>
                    <Unicode>Rhon)</Unicode>
                </TextEquiv>
            </TextLine>
            <TextLine id="tr_2_tl_11" custom="readingOrder {index:10;}">
                <Coords points="701,3167 3030,3219 3167,3186 3167,3019 2455,3045 2248,2967 2147,3041 701,3052"/>
                <Baseline points="722,3103 757,3109 847,3109 936,3109 1026,3109 1116,3109 1205,3109 1295,3109 1384,3109 1474,3103 1563,3103 1653,3103 1742,3109 1832,3103 1921,3103 2011,3103 2100,3097 2190,3103 2279,3097 2369,3103 2458,3097 2548,3097 2637,3097 2727,3097 2816,3097 2906,3097 2995,3091 3085,3091 3175,3097"/>
                <TextEquiv>
                    <Unicode>Ah, c'est bien madame Rhon qui est là? Excusez-moi</Unicode>
                </TextEquiv>
            </TextLine>
            <TextLine id="tr_2_tl_12" custom="readingOrder {index:11;}">
                <Coords points="504,3371 645,3382 757,3345 846,3386 894,3345 916,3364 964,3360 964,3212 879,3219 827,3190 757,3186 694,3212 649,3186 504,3238"/>
                <Baseline points="525,3270 614,3270 704,3270 793,3270 883,3270 972,3264"/>
                <TextEquiv>
                    <Unicode>messieurs</Unicode>
                </TextEquiv>
            </TextLine>
        </TextRegion>
        <TextRegion id="tr_1" custom="readingOrder {index:2;}">
            <Coords points="95,3274 3318,3274 3318,5023 95,5023"/>
            <TextLine id="tr_1_tl_1" custom="readingOrder {index:0;}">
                <Coords points="1005,3356 3308,3364 3256,3208 2392,3286 1925,3201 1406,3293 1005,3227"/>
                <Baseline points="1026,3354 1080,3348 1169,3348 1259,3342 1348,3342 1438,3336 1527,3336 1617,3336 1706,3336 1796,3336 1885,3336 1975,3336 2064,3336 2154,3336 2244,3336 2333,3330 2423,3330 2512,3336 2602,3330 2691,3330 2781,3336 2870,3336 2960,3330 3049,3330 3139,3330 3228,3324 3318,3330"/>
                <TextEquiv>
                    <Unicode>(Il va vers Madame Rhon et Gustave qui sont assis</Unicode>
                </TextEquiv>
            </TextLine>
            <TextLine id="tr_1_tl_2" custom="readingOrder {index:1;}">
                <Coords points="1101,3531 1261,3542 1320,3501 1394,3538 1472,3486 1565,3520 1713,3512 1713,3368 1654,3345 1387,3375 1357,3356 1194,3375 1101,3360"/>
                <Baseline points="1122,3431 1187,3425 1277,3425 1366,3425 1456,3419 1545,3419 1635,3425 1724,3419"/>
                <TextEquiv>
                    <Unicode>à une table).</Unicode>
                </TextEquiv>
            </TextLine>
            <TextLine id="tr_1_tl_3" custom="readingOrder {index:2;}">
                <Coords points="82,3672 200,3631 271,3664 389,3601 449,3623 605,3597 731,3616 731,3516 579,3508 534,3534 490,3505 408,3534 323,3490 248,3508 189,3483 82,3505"/>
                <Baseline points="101,3586 190,3592 280,3592 370,3592 459,3592 549,3592 638,3592 728,3598 740,3592"/>
                <TextEquiv>
                    <Unicode>HON (les suit)</Unicode>
                </TextEquiv>
            </TextLine>
            <TextLine id="tr_1_tl_4" custom="readingOrder {index:3;}">
                <Coords points="1365,3824 1554,3813 1617,3846 1739,3805 1877,3805 1914,3831 2114,3809 2118,3657 2066,3638 1984,3661 1910,3627 1825,3668 1691,3668 1550,3642 1469,3572 1369,3575"/>
                <Baseline points="1384,3724 1408,3730 1497,3730 1587,3730 1677,3730 1766,3730 1856,3730 1945,3724 2035,3724 2124,3718"/>
                <TextEquiv>
                    <Unicode>FREDERIC, AIGNER</Unicode>
                </TextEquiv>
            </TextLine>
            <TextLine id="tr_1_tl_5" custom="readingOrder {index:4;}">
                <Coords points="70,3935 771,4005 1027,3994 1150,3894 1943,3939 2188,3909 2192,3798 616,3857 74,3757"/>
                <Baseline points="95,3891 143,3897 232,3903 322,3903 411,3909 501,3909 590,3909 680,3903 769,3903 859,3903 948,3897 1038,3897 1127,3897 1217,3891 1307,3897 1396,3891 1486,3891 1575,3891 1665,3891 1754,3891 1844,3885 1933,3885 2023,3885 2112,3879 2202,3885"/>
                <TextEquiv>
                    <Unicode>REDERIC (II allume une cigerette et s'assied)</Unicode>
                </TextEquiv>
            </TextLine>
            <TextLine id="tr_1_tl_6" custom="readingOrder {index:5;}">
                <Coords points="530,4094 2592,4161 3290,4057 3293,3924 2770,3813 2107,3998 530,3994"/>
                <Baseline points="549,4058 614,4064 704,4064 793,4058 883,4058 972,4058 1062,4058 1151,4058 1241,4058 1330,4052 1420,4052 1509,4052 1599,4046 1688,4046 1778,4040 1868,4040 1957,4040 2047,4040 2136,4040 2226,4034 2315,4034 2405,4034 2494,4034 2584,4034 2673,4034 2763,4034 2852,4034 2942,4034 3031,4034 3121,4028 3210,4028 3300,4028"/>
                <TextEquiv>
                    <Unicode>Je ne savais pas que mon ancienne famille était si souvent</Unicode>
                </TextEquiv>
            </TextLine>
            <TextLine id="tr_1_tl_7" custom="readingOrder {index:6;}">
                <Coords points="96,4109 119,4109 141,4094 159,4113 178,4102 208,4124 230,4117 237,4124 267,4109 300,4128 315,4113 334,4113 326,3983 293,3983 286,3998 226,3979 200,3998 137,3983 93,3994"/>
                <Baseline points="113,4058 202,4058 292,4064 340,4070"/>
                <TextEquiv>
                    <Unicode>ONER</Unicode>
                </TextEquiv>
            </TextLine>
            <TextLine id="tr_1_tl_8" custom="readingOrder {index:7;}">
                <Coords points="530,4295 686,4295 712,4317 771,4295 816,4313 857,4298 920,4328 1072,4276 1072,4183 1012,4165 923,4165 898,4139 812,4143 775,4165 727,4139 660,4169 530,4139"/>
                <Baseline points="549,4213 638,4219 728,4219 817,4219 907,4213 996,4213 1080,4213"/>
                <TextEquiv>
                    <Unicode>chez vous.</Unicode>
                </TextEquiv>
            </TextLine>
            <TextLine id="tr_1_tl_9" custom="readingOrder {index:8;}">
                <Coords points="1606,4447 3219,4436 3223,4187 2989,4124 2863,4176 2759,4120 2248,4128 1999,4284 1610,4287"/>
                <Baseline points="1625,4376 1712,4374 1802,4362 1891,4356 1981,4350 2070,4350 2160,4350 2249,4350 2339,4344 2429,4344 2518,4344 2608,4344 2697,4344 2787,4344 2876,4344 2966,4344 3055,4338 3145,4338 3234,4338"/>
                <TextEquiv>
                    <Unicode>e en temps. Particulftrement Votre</Unicode>
                </TextEquiv>
            </TextLine>
            <TextLine id="tr_1_tl_10" custom="readingOrder {index:9;}">
                <Coords points="508,4473 719,4458 797,4406 931,4473 1127,4395 1242,4421 1302,4361 1621,4376 1624,4302 1298,4280 1079,4313 1024,4280 916,4328 645,4291 516,4317"/>
                <Baseline points="531,4380 549,4374 638,4380 728,4386 817,4380 907,4380 996,4380 1086,4374 1175,4368 1265,4368 1354,4356 1444,4356 1533,4350 1625,4376"/>
                <TextEquiv>
                    <Unicode>dui, on se voit de temp</Unicode>
                </TextEquiv>
            </TextLine>
            <TextLine id="tr_1_tl_11" custom="readingOrder {index:10;}">
                <Coords points="119,4410 159,4406 197,4436 211,4421 271,4432 300,4413 386,4458 441,4447 427,4183 330,4172 282,4213 226,4195 167,4217 152,4206 108,4217"/>
                <Baseline points="137,4368 226,4368 316,4374 405,4380 447,4386"/>
                <TextEquiv>
                    <Unicode> WEDERIC</Unicode>
                </TextEquiv>
            </TextLine>
            <TextLine id="tr_1_tl_12" custom="readingOrder {index:11;}">
                <Coords points="1046,4469 1120,4488 1205,4465 1317,4469 1387,4443 1443,4473 1565,4462 1606,4450 1617,4365 1309,4369 1242,4421 1194,4402 1094,4417 1053,4402"/>
                <Baseline points="1068,4452 1086,4452 1175,4452 1265,4446 1354,4428 1444,4422 1533,4410 1625,4376"/>
                <TextEquiv>
                    <Unicode>en partieux</Unicode>
                </TextEquiv>
            </TextLine>
            <TextLine id="tr_1_tl_13" custom="readingOrder {index:12;}">
                <Coords points="519,4617 3245,4528 3245,4450 3063,4417 523,4465"/>
                <Baseline points="543,4535 566,4535 656,4535 746,4535 835,4529 925,4523 1014,4523 1104,4523 1193,4523 1283,4523 1372,4523 1462,4517 1551,4517 1641,4511 1730,4511 1820,4505 1909,4499 1999,4499 2088,4499 2178,4505 2267,4499 2357,4499 2446,4499 2536,4499 2625,4499 2715,4499 2805,4499 2894,4499 2984,4499 3073,4499 3163,4493 3252,4493"/>
                <TextEquiv>
                    <Unicode>ancienne femme est assez lide avec la mienne. Et je joue</Unicode>
                </TextEquiv>
            </TextLine>
            <TextLine id="tr_1_tl_14" custom="readingOrder {index:13;}">
                <Coords points="534,4784 1394,4781 1569,4673 3241,4680 3279,4595 534,4640"/>
                <Baseline points="555,4696 596,4696 686,4696 775,4690 865,4690 954,4690 1044,4684 1133,4684 1223,4678 1312,4678 1402,4673 1492,4673 1581,4673 1671,4667 1760,4667 1850,4661 1939,4661 2029,4661 2118,4661 2208,4661 2297,4661 2387,4661 2476,4655 2566,4655 2655,4655 2745,4655 2834,4655 2924,4655 3013,4655 3103,4649 3192,4649 3282,4649"/>
                <TextEquiv>
                    <Unicode>quelquefois au tennis avec Otto. Il joue merveilleusement</Unicode>
                </TextEquiv>
            </TextLine>
            <TextLine id="tr_1_tl_15" custom="readingOrder {index:14;}">
                <Coords points="523,4933 1610,4825 3304,4896 3308,4747 523,4792"/>
                <Baseline points="543,4846 626,4852 716,4852 805,4852 895,4846 984,4846 1074,4846 1163,4840 1253,4834 1342,4834 1432,4828 1521,4828 1611,4822 1700,4822 1790,4816 1879,4816 1969,4816 2058,4816 2148,4816 2238,4816 2327,4816 2417,4810 2506,4810 2596,4810 2685,4810 2775,4804 2864,4810 2954,4810 3043,4810 3133,4810 3222,4810 3312,4810"/>
                <TextEquiv>
                    <Unicode>bien. On peut vraiment - vous faire des compliments de votre</Unicode>
                </TextEquiv>
            </TextLine>
            <TextLine id="tr_1_tl_16" custom="readingOrder {index:15;}">
                <Coords points="512,5022 1224,5103 2044,4951 3097,5040 3171,4877 1880,4829 516,4929"/>
                <Baseline points="537,5007 578,5007 668,5007 757,5007 847,5013 936,5007 1026,5007 1116,5001 1205,5007 1295,4995 1384,4989 1474,4989 1563,4977 1653,4965 1742,4953 1832,4953 1921,4947 2011,4953 2100,4947 2190,4947 2279,4953 2369,4953 2458,4959 2548,4959 2637,4959 2727,4959 2816,4965 2906,4965 2995,4971 3085,4971 3175,4971"/>
                <TextEquiv>
                    <Unicode>fils. On lui prédit un grand avenir. Il doit être très</Unicode>
                </TextEquiv>
            </TextLine>
        </TextRegion>
    </Page>
</PcGts>
