3880 5224
1530 208 1864 392 — 91 -
557 354 3467 554 Vous survez dû faire comme moi. J'ai porté ma couverture sur
115 315 323 577 ERNA
534 523 3440 684 la prairie,- sur notre prairie et je me suis couchée en plein
557 619 792 807 air.
554 792 1822 1015 Vous n'avez pas eu froid!
96 807 488 988 FREDERIC
554 976 3567 1145 Non J'ai pris aussi votre manteau dans le vestibule et je m'en
123 957 327 1138 ERNA
554 1134 1238 1288 suis couverte.
534 1284 3398 1472 Alors vous pratiquez aussi l'envoutement? Vous n'aviez pas
111 1257 484 1484 FREDERIC
554 1418 1557 1614 besoin de cela, Erna!
104 1595 315 1822 ERNA
530 1572 3529 1745 Aussi, j'ai merveilleusement dormi de dix heures à trois heures,
557 1737 3479 1910 sous les étoiles. Puis je suis retournée dans la chambre près
546 1883 2160 2053 de cette bonne grosse Madame Rhon.
538 2045 3448 2226 Erna, Erai je voudrais commettre une betise énorme. Soudain
104 2053 465 2260 FREDERIC
534 2226 3513 2383 je comprends toutes les folies qui m'avaient fait scurire jusqu
527 2352 3617 2560 ici. Je comprend les promenades sous les fenêtres, les sérénades
557 2541 3475 2702 (geste) Je comprends qu'on marche sur un rival le couteau levé,
557 2698 3448 2860 qu'on se jette dans un abime, poussé par un désespoir amoureux.
88 2844 311 3025 ER NA
527 2825 2583 3014 Pourquoi parlez-vous de désespoir amoureux?
96 2987 834 3206 FREDERIC (grave)
865 3044 3490 3217 Pourquoi se leurrer, Erpa! cette soirée d’hier... toute
534 3256 3494 3421 cette expédition, l'instant sur la pointe là haut, le serrement
534 3406 3421 3602 de main, cette illusion de s'appartenir l'un à l'autre, cette
527 3552 3598 3682 teronssation de bonheur, tout cela était peut-être seulement
515 3648 3529 3863 une sorte ###; — ### cimes. Au moins pour vous.
523 3832 3267 3994 Cela va avec les trois mille mètres d'altitude, avec l'air
523 4028 3482 4205 raréfié, aveo le danger. Mais moi personnellement, j'ai proba-
515 4174 3087 4313 blement joué un bien petit rôle dans votre état d'âme.
69 4282 288 4493 ERNA
515 4293 3482 4466 Pourquoi dites-vous cela? Je vous aime depuis ma dix septième
511 4443 3306 4620 annés. A Vrai dire, avec des Interruptions. Mais dans ces
504 4597 3252 4816 derniers temps; c'est de nouveau devenu très grave. Je ne
538 4789 3409 4985 plaisante pas. Et surtout hier et aujourd'hui - et là-haut -
