4216 5336
1912 203 2196 331 - 54 -
1064 432 2776 627 ble - voilà chèse madame Genia......
420 555 3819 729 FREDERIC (il vient dans un costume de votre gerie, très animé. Il baise
1034 682 2162 886 la main de Mme Meinhold)
2141 712 3929 962 Je suis très heureux de pouvoir encore
1013 848 2353 1089 vous dire au revoir, madame.
437 1009 2221 1255 Mme MEINHOLD Resterez-vous longtemps?
1009 1212 3908 1378 Je ne sais pas. Cela dépend aussi du besoin qu'on peut avoir
424 1212 822 1412 FREDERIC
1013 1378 3060 1556 ici de ma présence, à l'usine je veux dire.
1310 1492 3840 1679 (Du tennis viennent Otto, Paul; Erna, Mme Wahl, Mauer.
2056 1623 2632 1810 Salutation
1013 1712 1674 1954 Bonsoir, maman
407 1725 670 1920 OTTO
1679 1818 2730 2005 (il lui baise la main)
437 1929 1746 2153 Mme MEINHOLD Bonsoir Otto! -
1013 2098 2836 2323 Eh bien, cela s'est bien passé, Paul?
428 2124 827 2310 FREDERIC
1005 2263 3781 2450 Ne m'en parlez pas. A partir de demain, je joue de nouveau
420 2293 653 2446 PAUL
1013 2395 1886 2620 avec l'entraîneur.
415 2552 699 2772 MAUER
1022 2556 2056 2789 Eh bien es -tu prêt?
1013 2759 3912 2937 naturellement - Mesdames, messieurs.... (tous lui tendent la
407 2730 822 2929 FREDERlC
1009 2920 1272 3094 main)
1386 2997 2306 3162 Ma chère Genia......
1005 3149 3734 3310 Excusez-moi cher docteur, je vous demande encore mon mari
415 3077 687 3336 GENIA
1005 3285 2073 3484 pour quelques minutes.
424 3408 682 3645 MAUER
971 3476 1424 3683 Oh......xxI
1310 3624 3599 3828 (Mauer, Erna, Mme Meinhold, Otto, üme Wahl, Paul
2056 3726 2632 3862 s'éloignent
1013 3874 3171 4018 Tu as encore quelque chose à me dire, Genia?
445 3862 822 4052 DREDERIC
1005 4040 3832 4171 Rien de particulier, sinon que je suis un peu é tonnée de ta
432 3997 708 4260 CENIA
1005 4154 3929 4324 décision. Je n'avais aucun soupçon que tu partes aujourd'hni.
462 4319 818 4497 FREDERIC
1005 4319 2323 4497 Moi non plus, chère enfant,
445 4476 708 4663 GENIA
1022 4429 2980 4697 Vraimant tu n'avais pas la moindre id e r
1013 4641 3832 4832 Que ce soit précisément ce soir - absolument pas. Si Mauer
454 4633 801 4794 TREDERIO
1005 4769 3946 4981 n'était pas venu par hasard.... Mais je ne t'ai pas caché que
