3784 5240
3304 0 3542 292 V.
1668 179 1967 319 — 46 —
540 389 3534 556 Cette aimable pensée lient malheureusement un peu tard. - Je ne
156 342 432 556 MAUER
564 536 3542 708 dissimulerei pas que, comme tous les hommes, je....... etc....
533 696 3378 871 Mais j'ai.?.. terminé. Je n'aime d'ailleurs pas le désordre
525 844 2469 1003 sentimental. Je me mépriserais moi-même.
533 995 3483 1166 Vous êtes vraiment un honnête homme, ducteur MAURR! On a bien
159 1011 373 1182 ERNA
517 1155 3468 1318 l'impression que si on vous confie une fois son destin.... on
1057 1298 1240 1372 and
533 1318 3312 1520 est alors dans le port. Il ne peut plus rien vous arriver.
533 1454 1578 1679 Il faut l'espérer......
152 1446 428 1644 MAUER
529 1652 3483 1804 Mais voilà, je ne sais vraiment pas si ce sentiment de sécurité
152 1652 373 1815 ERNA
529 1757 3545 1975 est particulierement souhaitable. Du moins, pour moi. Pour être
529 1924 3545 2103 tout à fait sincère, ducteur Mauer, il me semble parfois que j'ai
517 2099 3390 2282 encore autre chose à attendre ou à demander au destin que la
529 2263 3499 2414 sécurité et la paix. Quelque chose de meilleur ou de pire - je
533 2379 1127 2601 ne sais pas.
159 2558 424 2752 MAUER
533 2554 3464 2717 Ne me prenez pas pour un niais, mademoiselle Erna, si je pense
544 2713 3351 2908 qu'à mes côtés, sans avoir précisément ce qu'il y a de mieux
533 2850 3553 3017 au monde, vous aurez tout de même une part assez bonne. La vie
529 2989 3646 3234 comporte encore autre chose que des a blentures d'une certaine sorte
159 3199 377 3339 ERNA
517 3164 1182 3335 Ai-je dit -?
529 3277 3335 3549 Vous ne l'avez pas dit, mademoiselle ERNA, mais c'est votre
167 3351 400 3526 MAUER
533 3491 3619 3674 pensée. Ce n'est pas étonnant,- dans cette atmosphère! on respire
517 3693 3623 3853 le désir autour de noue! Mais je vous assure qu'il existe, et je
2352 3771 2686 3868 un air
505 3786 3518 3973 me crois capable de vous en faire goutom xxx autre plus fraiohe-
509 3891 3619 4125 et plus libre et je me crois capable de vous le faire gouté.
490 4109 3530 4288 Vous avez la foi, docteur, vous me plaisez tout particulièrement.
152 4129 385 4311 ERNA
533 4237 2150 4440 Venez au Völser Weiher. On verra.
556 4405 3495 4583 (Sortent de la maison : Adèle, Natter, Stanzides; les suivent
657 4541 3542 4669 peu & peu Cenia, Otto, Paul, Fredéric, Mme Wahl, Mauer, Erna)
