4248 5416
2034 295 2288 452 - 39 -
519 485 821 702 MAUER.
1079 515 3897 705 On ne doit pas croire ces choses formellement. Mais il me
1049 687 4020 855 semble voir là comme un rapport mystérieux. N'avez-vous jamais
1030 788 1765 1000 pensé à cela?
508 956 799 1138 GENIA
1049 982 3837 1131 Moi? pour dire la vérité, je pense bien peu à cette triste
1019 1109 1497 1295 histoire.
1945 1146 2284 1385 The
1030 1235 1960 1482 Il vous veu
1941 1258 2717 1478 saulssat ainsi.
515 1265 799 1444 MAUER
508 1430 791 1605 GENIA
1019 1452 4020 1601 Et si j'y pense parfois, cet évènement me semble extraordinaire.
1023 1616 3979 1807 ment effacé et lointain....... Je vous assure, très laintain à
1008 1747 3990 1900 Ce n'est plus qu'une vague tristesse, rien de plus. Je ne peux
1019 1956 3949 2109 pas me faire meilleure ni plus sensible que je ne suis. Peut-m¬
1023 2072 3818 2247 être plus tard, ce souvenir reviendra-t-il; avec l'automne,
1023 2251 3811 2396 c'est possible. L'été est maintenant trop beau, trop clair
1023 2385 3792 2531 pour permettre la tristesse, pour qu'on puisse s'appesantir
1019 2519 3886 2740 sur les choses. Il n'en est pas seulement ainsi de ce souve-
1000 2706 3841 2852 nir. La plupart des choses me paraissent plus légères. Par
1008 2881 3852 3035 exemple, je ne peux pas, en vouloir à cette bonne Adèle. Je
993 2975 3889 3158 l'ai même invitée tout à l'heure à amener ses enfants la pro¬
1004 3154 3927 3374 chaine fois; je ne pouvais pas faire autrement. Il me parais-
1000 3292 3968 3490 sait presque risible de lui garder rancune, à elle ou à qui que
989 3464 3886 3647 ce soit. Elle a même quelque chose de touchant pour moi. Je
933 3639 3788 3830 la vois comme un être qui est mort depuis longtemps et ne le
967 3774 1471 3956 sait pas.
948 3927 2105 4184 (La regardant longuement
470 3904 754 4143 MAUER
2142 4031 2975 4248 Ah oui, (silence)
3001 4124 3878 4326 Et Frédéric parait
970 4225 3956 4419 être revenu définitivement à la raison. Ce qui ne doit pas être
978 4423 3867 4587 difficile au fond quand la raison ressemble tellement au bon-
956 4565 3837 4785 heur, comme dans ce cas. - Mais si maintenant il ne sait pas
881 4699 2437 4942 Utenir ce bonheur, alors......
