3848 5272
1604 226 1916 473 102 —
444 440 3434 740 rester plus longtemps au près de ses amis, j'écris cela à mon fils
440 609 3459 913 bien-aimé... seulement afin qu'il ne trouble pas mon amour, - et
440 818 3405 1012 j’éoris à mon mari que Percy doit rester plus longtemps à Rich-
440 929 3356 1205 mond afin que lui-même ne revienne pas aussi vite. Et quand il
432 1110 3253 1349 arrivera aujourd'hui et te tendra la main, je serai là tout
432 1300 3450 1493 près, souriant et me félicitant de mon habileté. Trouves-tu tout
440 1464 3475 1637 cela très beau? Penses-tu - qu'on puisse avoir confiance en moi-?
436 1600 2418 1814 Je suis comme les autres, Otto, crois-moi.
469 1756 3319 1974 Tu n'es pas comme les autres. Personne ne peut te blâmer. Tu
206 1719 424 1937 TOan
415 1929 3442 2138 étais libre, toi; tu n'étais engagée à aucune fidelité. Personne
407 2027 1279 2245 ne peut te juger.
164 2196 1156 2381 CENIA. - Personne......
160 2365 3463 2599 OTTO. - Personne-- Je sais à quoi tu penses. Personne. Ma mère non plus
407 2513 1291 2722 a elle le savait.
156 2640 2480 2850 GENIA.- Pourquoi n'était-elle pas là aujourd'hui?
160 2821 3438 3043 OTTO.- Parce qu'elle n'aime pas se trouver en nombreuses société, c'est
395 3014 3339 3179 le seule raison. Elle ne se doute de rien. Hier elle était ici.
395 3142 3023 3311 Pourquoi ne serait-elle pas venue justement aujourd'hui.
140 3298 3385 3475 GENIA.- Je vais te le dire. Elle pensait que Frédéric était là. Il lui
387 3487 3253 3652 aurait été pénible...  il lui aurait éte insuportable de nous
387 3627 3282 3816 voir tous trois ensemble, toi son fils... le mari.. la femme..
387 3775 3376 4001 et l'anant-- Elle craignait cela, c'est pourquoi elle n'est pas
370 3944 2908 4108 venue. Oh, je la comprends; Je la comprends très bien.
132 4117 3376 4289 FREDENIC. - (parait au balcon, et parle aussitôt) Salut. Mesdames, mes-
366 4269 728 4446 sieurs.
699 4355 3438 4598 (Genia et Otto sont presque arrivés pendant la fin de leur
806 4474 2122 4639 conversation sous le balcon)
115 4573 1596 4799 GENIA.- (tranquille) Frédéric!
115 4725 1781 4976 OTTO.- Bonjour, Monsieur Hofreiter.
119 4902 1332 5124 FREDERIO.- Bonjour. Otto.
