4216 5336
1901 236 2264 446 -51-
1030 399 1774 540 Je ne crois pas
403 370 979 562 Mme MEINHOULE
1759 424 2688 653 (presque légèrement)
2713 519 3744 722 Je crois madame Genia
1066 686 3845 885 qu'on ne peut pas se libérer trop tôt de cette illusion que
1056 845 3794 1063 nos enfants nous appartiennent jamais. Surtout les fils!
1056 1008 3932 1204 Ils nous ont mais nous ne les avons pas. Je crois même qu'on
1059 1154 3638 1371 s'en rendrait encore plus douloureusement compte si on
1056 1284 3965 1484 habitait toujours sous le même toit. Tant qu'ils sont petits,
1041 1469 3885 1647 ils nous vendent pour un jouet, et plus tard.... plus tord,
1045 1632 2162 1843 pour bien moins encore.
410 1799 1498 1984 GENIA (hochant 1 tere)
1505 1817 3780 2079 C'est vraimant.... non c'est...... Puis-je vous
1085 2006 2833 2238 Jire quelque chose, Madame Meinhold?
1077 2169 1534 2376 (souriant
428 2187 998 2398 Wme MEINHOUD
1574 2202 3961 2391 Pourquoi pas? Nou; causons n'est-ce pas. Chacun
1643 2369 1879 2478 ut ee
1059 2296 3551 2626 la parte parce opontanement.
1056 2565 3929 2735 Je me suis souvent demainée si votre - excusez-moi - jugement
1077 2732 3892 2873 si sovère sur les hommes en général, n'a pas un rapport avec
2554 2829 3642 2931 donnent une vinou
1056 2873 3874 3033 les rôles que vou¬ jouez'et qui vous font paraître la vue si
2224 2967 3744 3174 ne serait-ce pas eux qui vous
1066 3043 1571 3218 tragique?
428 3170 998 3366 Mme VEINHOUD
1037 3210 1495 3366 (souriant)
1520 3290 2815 3453 Tragique... trouvez-vous?
1056 3395 3813 3569 Car j'ai certainement une conception de la vie plus légère
410 3428 700 3638 CENIA
1085 3551 3918 3725 que la vôtre Mme Meiahold. J'imagine bien par exemple que je
1056 3704 3936 3932 ne cesserai jamais de compter, de compter beaucoup pour Percy
1056 3900 3845 4034 Et vous aussi Mme Meinhold, voue avez au fond la même idée..
2768 3990 3874 4121 capable d’une grande
1056 4066 3947 4248 oui, précisément votre fils me semble particulièrement tendre
1041 4208 3134 4368 je suis persuadée qu'il vous ajore.
453 4331 1001 4571 Yme MEINHOUD.
1066 4371 1977 4502 Appelons-le ainsi!
1056 4560 3852 4687 Et s'il doit vou¬ "vendre" un jour, comme vous dites, ce ne
443 4538 693 4745 CENIA
1074 4669 3686 4857 sera pas certainement pour quelque chose d'indigne. Et
1056 4821 3910 5031 encore, dans ce cas, les rapports entre une mère et son fils
