3704 5240
1455 252 1801 462 - 79 -
150 387 399 575 STAUE
553 414 3444 564 Madame, demandez donc le divorce. Comment peut-on épouser un
545 560 3497 801 poète? Ce sont desmonstres. Autrefois c'était bien mieux; on
553 729 3388 910 avait un poète comme on avait un esclave ou un coiffeur. Du
545 876 3418 1053 reste c'est encore à peu près ainsi aux Acores. Mais laisser
541 1049 3057 1256 les poètes se promener en liberté, c'est de la folie.
124 1211 2519 1481 REDERIC (arrive dans un élégant costume de touriste)
2553 1290 3384 1512 Bonsoi! mesdames,
541 1448 3557 1639 messieurs, mes hommages belle madame. Comment, déja deshabillée?
556 1613 1519 1801 Vous avez vite fait.
124 1741 1500 1989 GENER (qui est près du gérant)
1474 1790 2271 2008 Salut Hofreiter.
538 1918 1376 2147 Bonsoit Directeur
128 1970 436 2154 FEDERIC
1384 2079 2045 2260 (à Rosenstock)
2121 2117 3249 2339 Rien pour moi? Pas de
534 2245 2606 2470 télégramme? Pas le lettre? Extraordinaire.
2636 2388 3113 2530 (à Aigner)
3132 2452 3512 2602 Eh bien
526 2609 3482 2782 Je puis vous dire que rien n'est changé là haut, sur la pointe,
534 2756 3463 2906 tout au moins. Les chemins sont toutefois devenus un peu plus
530 2918 3196 3121 mauvais. Ou bien c'est seulement quelqu'e fait plus vieux?
541 3049 3482 3230 Maintenant c'est dangereux d'aller là haut - mais si on s'aven-
530 3230 2692 3422 ture sur l'éboulis, c'est le guide certain.
117 3399 323 3542 ENER
493 3388 1684 3576 Oui, Penn me l'a raconte.
105 3534 406 3745 EDERIO
523 3519 3380 3689 Savez-vous, Aigner, quand on arrive dans ce couloir, environ
530 3696 2711 3843 trois cent mètres au desnous de la pointe.....
105 3835 1045 4050 (l'intercompt)
1079 3895 3452 4140 Je vous en prie, ne me le racontez-pas, ce qui est
504 4068 3000 4211 fait est fait. Comment la petite s'est-elle tenue?
83 4249 417 4441 plusieur
504 4215 2060 4426 Erna? Simplement merveilleuse?
94 4426 342 4591 GENER
504 4407 3158 4576 Je pense que j'avoir prise avec vous... c'est un peu...
102 4553 399 4805 EDERIO
523 4568 3482 4730 C'est Elle qui NOUS a pris. Je n'avais pas l'intention d'esca¬
511 4685 3470 4929 lader la Tour encore une fois dans ma vie. Tiens, mais où est
504 4907 902 5031 Mauer 7.
