3968 5574
862 451 1018 683 Votre ami
1142 487 1361 663 1 „ : „
2312 495 2515 739 V.
1409 507 1677 703 -25-
347 727 2938 854 saurai bien discerner la vérité. Allons... oui ou non? -
92 866 3082 1018 CENIA.- Il n'était pas mon amant. Il n’était malheureusement pas
343 986 2128 1186 mon amant. Est-ce que cela te suffit?
96 1102 3274 1337 FREDERIC.- Cela me suffit. Je sais maintenant qu'il l'était. Tu t'es
359 1337 3274 1493 trahie. Tu ne remarques pas? - Malheureusement as-tu
343 1425 3194 1617 dit. Et si tu l'as aimé tu as naturelle ent été sa maîtresse:
351 1613 3146 1805 qu'est-ce qui t'en aurait empêchée? et comme
347 1761 3178 1944 as voulu le quitter, il s'est suicidé. c'est très simple. Et
347 1908 3222 2100 pourquoi tu as voulu le quitter, c'est encore plus simple. Je
347 2096 3302 2260 vais te le dire: parce que ces choses doivent avoir
351 2252 3342 2423 une fin. Surtout quand il s'agit d'une liaison avec un homme qui
351 2384 3194 2583 plus jeune de quelques années - et qui est la plupart du
347 2539 3242 2735 temps en tournée de concert. Peut-être aussi, parce que Percy
335 2667 3254 2863 revient bientôt, et que cela te donne - comment dirai-je?- une
335 2835 3254 3058 sensation de pureté... particulièrement convenable.
347 3030 3258 3210 tout devient clair, jusqu'à l'idée du voyage en Angleterre. Je
2435 3126 2811 3234 et puis
339 3186 3146 3354 comprends même très bien cette résolution.
343 3350 3206 3505 chose était finie pour toi aussi, - cette fiM... oui, même si
351 3469 2643 3701 tu ne l'as pas aimé passionément - tu aurais...
72 3601 2212 3845 GENIA.- Ne te donne pas tant de mal. Lis cela.
2252 3657 3278 3889 (Elle tire une lettre
759 3789 1385 3957 de sa poche).
72 3909 1349 4188 FREDERIC.- Jurist. Zt........
68 4108 651 4312 GENIA. - Lis.
60 4236 3266 4428 FREDERIC.- Qu'est-ce... une lettre? Une lettre de lui? Upe lettre da
347 4440 3226 4607 lui à toi? - ah, garde-là. Je ne veux pas. Cela a l'air... je
331 4571 3314 4755 ###. Si tu n'avais pas l'intention de me montrer cette lettre.-
331 4719 1964 4947 eh bien garde-là, cela vaut mieux.
72 4907 898 5098 GENIA. - Lis donc!
68 5015 3278 5218 FREDERIC.- Pourquoi dois-je lire cette lettre? Tu peux bien me dire
