4152 5432
1549 354 1718 569 1/1
1928 457 2151 589 -28-
515 585 3650 808 PAUL. Pour savoir si vous ne voudriez pas venir aussi entendre la
787 754 1244 902 musique?
519 865 3551 1092 GENIA. - Merci bien, mais nous avons un ami à dîner, le Dr Mauer.
540 1042 2645 1257 PAUL.- Eh bien, amenez-le avec vous, madame!
540 1162 2587 1401 FREDERIC. - Vous restez longtemps au casiono.
527 1343 1908 1561 PAUL. - Jusqu'à la fermeture.
519 1520 3613 1681 FREDERIC.- Eh bien, - nous irons peut-ßire... sans vous promettre.
531 1656 2732 1875 GENIA.- Nous vous remercions bien, en tous cas.
540 1838 3659 2044 PAUL. Je vous en prie. Nous serons tous très heureux de vous voir.
840 1941 3700 2204 es hommages mada e, au revoir M. Hofreiter; excusez-moi hille
775 2126 2081 2340 fois de vous avoir dérangés
2109 2147 2538 2410 (II sort)
1360 2340 3539 2563 FREDERIC et EENIA (dans le jardin - silence)
676 2472 3617 2674 DERIC. Je veux te poser la question d'une autre manière: si tu
787 2686 3617 2835 pouvais par là le rendre à la vie, serais-tu prête à devenir
808 2822 1529 2999 sa maîtresse?
519 2950 1623 3168 GENIA.- Je ne sais pas.
515 3127 3642 3333 FRADERIC.- Tu oublies ce que tu as dit tout à l'heure. "Il n'était
808 3238 3762 3494 " malheureuse ent pas mon amant". Cela signifie je pense que si
1627 3415 1941 3527 dance.
795 3448 3844 3601 tu ne n'étais pas, tu n'aurais pas tarde à le/devenir. Et mainte-
795 3584 3675 3766 nant tu doutes que tu fusses devenue sa maîtresse, même si tu
795 3749 3679 3918 pouvais par là le ramener à la vie... Pourquoi ne veux-tu pas
787 3906 3811 4099 en convenir? Il aurait dû prendre patience encore quelques jours
787 4050 2044 4260 et alors.... Tu l'as aimé.
519 4182 2031 4421 GENIA.- Pas assez comme tu vois.
527 4355 3251 4573 FREDERIC.- Tu sembles me le reprocher... Je n'y peux rien.
540 4528 2328 4709 GENIA.- Cela ne concerne. J le saisâ.
523 4697 3778 4857 FREDERIC.- Et maintenant tu te reproches... de l'avoir.. poussé à la
795 4874 1141 5006 mort?
527 4948 3844 5171 GEMIA. - Sa mort me fait beaucoup de peine. Mais pour me reprocher quel-
