4232 5400
2034 270 2300 374 - 49.-
2855 292 3103 490 1/1
1055 468 3895 612 Oh, Mme Meinhold, si tard? Je craignais que vous ne veniez
403 461 662 655 CENIA
1048 605 3917 767 pas aujourd'hui. Maintenant je me réjouis doublement de vous
1048 770 3514 943 voir. Venez chbre Madame Meinhold. Peut-être ici?
1055 936 2106 1134 (Allant vers le noyer)
2113 1004 3967 1228 Je crois que c'est votre place préféré
1062 1202 2722 1397 (remarquant la distraction de Genia
400 1069 1001 1390 Mme MEINHOUD.
2740 1256 3377 1418 Merci, merci.
1055 1382 3881 1609 Ou peut-être près du tennis? On joue sérieusement, et vous
400 1404 706 1595 GENIA
1062 1541 2966 1768 aimez beaucoup regarder, n'est-ce pas?
410 1724 986 1897 Mme MEINHOUD
1073 1728 1544 1912 (souriant)
1534 1778 3323 1994 Je viens pour vous chère Madame Genia.
1062 1973 2822 2167 (o'asseyant près d'elle sous le noyer
2866 2016 3755 2200 ais je vous si pas
1066 2200 3910 2369 drangée. Vous paraissez un peu - vous rentriez, je crois
1055 2358 3740 2534 Non pas du tout. C'est seulement - mon mari qui prend le
446 2351 670 2495 GENIA
1062 2509 3838 2635 tain avec le Docteur Mauer. Demain il part en voyage avec
1048 2668 3658 2812 lui. Ils vont faire ensemble une tournée d'excursion.
1055 2812 3895 2995 Pensez donc, il y a uhe heure, il n'en savait rien lui-même.
1048 2959 3665 3154 Le docteur est venu nous dire adieu, il a naturellement
1048 3096 3748 3276 parlé de ses projets de voyage et Frédéric a aussitôt été
1062 3262 3866 3427 séduit par cette idée d'aller encore une fois dans la monta¬
1044 3470 3370 3582 gne, comme autrefois. Et il va partir maintenant
1768 3528 3676 3650 (Elle jette un coup d'oeil au balcon).
464 3654 972 3848 Monsieur de la derniere
1048 3665 3762 3820 Jesuis donc venue mal à propos. Vous avez certainement à
1040 3820 3794 3992 parler encore à votre mari à cause de ce départ précipité.
1854 3964 2088 4043 que
1037 3971 3935 4169 Oh non, c'est seulement pour peu de temps, et nous ne faisons
443 3992 670 4216 I.S. NIA
1055 4140 2711 4302 pas de sentiment, non, ruellement.-
1037 4284 3776 4471 Et vous aurez bientôt matre Percy maintenant près de vous.
472 4266 979 4475 MEINHOUD.
2948 4406 3521 4518 son arrivée
1008 4442 3802 4640 Oh, mon mari sera de retour encore avant ce moment. Percy
479 4482 688 4687 derwärtigen
1030 4594 2117 4802 revient dans 15 jours.
1048 4766 3359 4972 Son absence vous est très pénible, n'est-ce pas?
518 4777 986 4950 MEINHOLD
