4248 5352
1874 280 2211 511 - 106 -
1521 324 1724 523 11 1
722 458 3691 698 (qui était avec Erna et Mme Wahl, vient vers les précédents). Eh
418 458 677 722 PAUL.
681 641 3423 888 bien lieutenant, notre "Kingle" si vous voulez (A Predéric)
3411 649 3687 868 Nous
669 896 3772 1026 ne jouons aujourd'hui que des "single", Vous devriez aussi y pren-
690 998 3610 1209 dre part M. Hofreiter; le lieutenant von Aigner part demain et
677 1197 3371 1359 les rangs doivent être absolument déterminés aujourd'hui.
426 1318 3545 1513 FREDERIC. - Mais naturellement. Je suis à votre disposition. Ne vous
681 1481 2677 1696 dérangez pas - je bois seulement mon café.
1111 1651 3752 1809 M. Hatter, Stanzides, Genia, - après les premiers mots
1257 1764 3565 1862 de Frédéric à Otto sur Ligner, - et Gustave, sont
1261 1842 3407 2004 déjà partis; Paul, Adèle et Otto les suivent).
1687 1951 2385 2154 ERNA. PREDERRIC.
422 2077 3042 2288 ERNA.- (est restée debout derrière le siège de Frédéric)
430 2284 2255 2474 FREPERIC.- Oh Erna.... (il reste assis)
450 2454 2730 2641 ERMA. - Je suis si heureuse que tu sois de retour.
438 2616 2949 2770 FREDERIC. - Vraiment? (Il lui baise la main) Moi aussi.
446 2722 3699 2921 ERNA. - Et maintenant je veux savoir aussi vite que possible le vérita¬
686 2912 1862 3107 ble motif de ton départ.
454 3071 3614 3241 FRÉBERIO.-Cus tu es drôle, Erna. Je te l'ai dit. Je t'avais révenue.
694 3156 3740 3387 de cels. Si j'étais resté, au tout de quelques jours - que dis-je
698 3314 3663 3557 le même jour, - tout l'hôtel aurait été au courant. C'est comme
698 3468 3578 3707 pa. Tu sais bien les rayons autour de la tôte. Nous les avons
690 3695 1602 3890 loyalement gagnés.
442 3833 1906 4044 ERNA.- Et après les avait vus!
442 3809 3703 4190 FREDERIC.- Enfant!... On ne doit pas se préder ainsi au monde. D'au¬
694 4145 3634 4320 tant moins qu'on le méprise. Le monde ne comprend pas cela. On
681 4255 3724 4506 bien il le comprend à sa manière, ce qui est encore pire! Tu de-
698 4409 3797 4685 vrais me savoir grô, au contraire, de ne t'avoir pas "compromise"
694 4612 2653 4876 Plus tard tu m'en aurais peut-être voulu.
454 4778 3582 4993 ERMA.- Plus tard?... Ah oui!... Je ne veux pas me marier. Frédéric.
