4104 5384
2163 313 2374 438 43
982 516 3774 727 Je ne te comprenda vraiment pas. Il y a autre chose
481 524 759 700 DÉLE
993 638 2331 798 sur la terre que les femmes.
3125 716 3575 876 Ce n'est
2198 739 2976 892 deux femmes.
481 747 915 1029 FREDERIO.
986 790 3856 970 Oui, -l-intervalle entre l'unest l'autre. Ils as sont pas
982 958 3684 1146 non plus sans intérêt. Quand on a le temps et qu'on est
986 1123 3731 1271 d'humeur à le faire, on construit des usines, on conquiert
982 1259 3935 1518 des pays, on écrit des sumphonies, on devient millionnaire...J.
982 1428 3911 1662 Mais crois-moi tout cela est accessoire. La chose principale
997 1619 2331 1795 c'est vous! — vous - vous!.
477 1764 782 1944 ADELE.
1009 1752 1799 1948 (hochant la tête)
1780 1862 3692 2030 Quand on pense qu'il y a des gens qui te
982 1975 2464 2182 prennant pour un homme sérieux!
993 2049 3774 2366 t. Avis que je plaisante?
485 2069 903 2355 FREDERIC.
986 2292 1459 2460 die là?
497 2456 3641 2640 (Mr. Natter arrive; Un grand, assez gros homme dans un très élégant
1029 2581 2613 2757 complet d'été, favoris, monocle).
473 2707 3035 2887 M. NATTER Bonjour, Adèle! bonjour mon chef Hofreiter.
567 2863 864 3051 EDERIO
970 2851 1971 3055 (lui tendant le main)
2018 2855 2879 3117 Pourquoi si tard?
986 3047 1647 3250 Otrès aimable)
481 3012 782 3274 ADELE.
1674 3152 2730 3379 Où as-tu vadrouillé?
997 3321 3856 3473 Pardonne-moi mon enfant. Je suis allé m'asseoir dans le parc
481 3332 814 3516 NAresen
982 3493 3900 3669 et j'ai lu. Rien d'autre que ca. Dites-moi Hofreiter, savez-
986 3661 3919 3853 vous rien de meilleur que d'aller s'assecir en liberté sous un
982 3767 1725 3993 arbre et lire?
489 3954 923 4122 FREDERIC.
982 3939 2484 4142 Ca dépend... Que lisiez-vous?
997 4087 3794 4326 Vous allez rire. Un nouveau Sherlock Holmes! Mais vraiment
481 4134 814 4310 UATTER
982 4267 2460 4494 extraordinaire: captivant, même!
724 4412 3117 4623 (Mauer et Erna sortent de la maison - salutations).
755 4580 1318 4795 (à Frederic)
469 4549 692 4760 ERNA
1392 4658 2652 4834 Allons-nous encore jouer?
1017 4752 1654 4971 naturellement
469 4811 860 5026 FREDERIC
1725 4901 2214 5092 (à Natter)
2233 4889 3755 5151 Vous prendrez du thé avec nous?
