4136 5432
1774 327 2118 571 - 34 -
1447 397 1643 602 V. P.
2977 327 3426 615 V. A. Stadt.
423 536 1316 732 CENIA. (se levant
1351 558 3814 811 Il faudra que vous me parliez encore de cela lieute¬
706 741 3814 955 nant...... de ces histoires du fond des mers. (Mme Wahl vient de
715 915 1975 1107 la maison dans le jardin).
418 1042 2912 1260 Mme WaHL. Bonjour ma chère Genia, bonjour lieutenant,
2925 1077 3945 1303 (Mettant ses lorgnons)
1399 1216 3077 1447 La jeunesse est déjà très occupée?
449 1342 3160 1591 GENIA. Si vous comptez aussi Frédéric parmi la jeunesse.
445 1521 3857 1796 Mme WAAL. Lui tout particulièrement. Oui, surtout les hommes! Croiriez-
719 1687 3875 1896 vous lieutenant, que nous avons à peu près le même âge M. Hofreiter
724 1835 3749 2014 et moi? Vraiment la nature s'est bien mal conduite envers nous
724 1988 1399 2223 autres femmes.
1438 2083 2624 2258 (sur un sourire de Genia)
2698 2118 3831 2345 Oui réellement très mal.
741 2293 3779 2506 Qui est encore de la partie? Adèle Natter Sûrement, j'ai aperçu
728 2437 3932 2663 dehors l'automobile rouge. Ici à la campagne sur le fond vert, cela
745 2641 3984 2846 ne fait pas mal; certainement mieux que près du mur d'un cimetière...
841 2777 1887 2968 (sourire longuissant)
445 2794 776 3008 GENIA.
1996 2829 3892 3073 Voue ne pouvez pas oublier cette impres¬
741 3016 2201 3234 sion, il me semble, Mme Wahl?
462 3147 3605 3426 Mme VAHL. Il n'y a pas encore si longtemps, quinze jours à peine.
837 3269 3805 3526 Frédéric et Erna viennent du tennis, leurs raquettes à la main,
841 3443 1674 3605 Genia, Mme Wahl;)
484 3531 2214 3810 FREDERIC. (avec son sourire ironique)
2249 3635 3814 3818 Mes hommages, maman Wahl, Bonjour
758 3810 3130 3966 Otto! Qu'est-ce qui s'est passé il y a 15 jours?
493 3932 2729 4176 s maa WaHL. L'enterrement de ce pauvre Korsakow.
497 4102 3875 4298 FREDERIC. Tiens.... Il y a si longtempe déjà -? Qui est-ce qui revient
758 4276 1818 4503 sur ce thème sombre?
488 4376 3997 4612 a. GENIA. Mme von Wahl a aperçu dehors l'automobile des Natter - l'auomobile
758 4546 2637 4821 rouge qu'ils avaient ce jour-là..........
501 4747 1940 4995 FREDERIC. Ah, c'est cà......
