3896 5288
1529 232 1859 423 104 —
159 395 2823 610 FREDERIC.- (apparait en costume de tennis) Bonjour, Genia.
2835 517 3266 639 (11 1’em-
805 590 3404 728 (brasse sur le front et salue les autres. A Mme Wahl qui
805 712 1940 862 (ne lui tend pas la main)
1936 708 3327 944 Eh bien maman Wahl, vous êtes
419 895 1757 1106 toujours fâchée contre moi?
163 1066 3400 1277 Mme wAHL. - Je ne vous adresse plus la parole; pas plus qu'au Dr Mauer.
179 1220 1342 1424 FREDERIC.- On verra bien.
167 1407 2648 1578 CENIA.- Il faut remarquer qu'on ne l'a pas encore vu.
301 1489 3242 1737 EDIRIC.- Tiens? - Il viendra probablement aujourd'hui; je lui ai
431 1704 2741 1875 écrit Eh bien, Paul et Erna ne se dérangent pas.
163 1806 2278 2042 GENIA.7.Dis moi, quand es-tu arrive à Vienne?
175 1936 3425 2209 PREDERIC.- Hier soir. Oui - j'aurais très volontiers assisté au dejeu¬
423 2152 2733 2343 ner mais ce n'était malheureusement pas possible.
179 2302 2363 2497 CENIA.- Nous avions un déjeuner en ton honneur.
313 2493 2310 2660 STAVE. - Nous avons merveilleusement déjeuné.
175 2615 3392 2815 FREERIC.- Vraiment?... Peut-être serais-tu assez bonne Cenia pour me
443 2770 1997 2957 faire apporter une tasse de café.
1989 2807 3331 3047 (Il s'assied sous l'arbre et
879 2916 1981 3124 (allume une eigarette).
297 3059 3400 3327 TER.- Nous êtes resté plus longtemps que vous ne pensiez, mon cher
443 3278 1021 3441 Hofreiter?
187 3449 899 3644 FRETERIC. - Oui.
891 3348 3466 3657 (Il lui jette un regard aigu) Oui. Ce sont bien vos en-
456 3596 2351 3807 fants qui jouent là-bas sur la pelouse?
191 3779 2229 4055 ADELÉ. - J'ai pensé que Percy était déjà là.
875 3905 3392 4112 (Stanzides et Mme Wahl sont allés vers l'arrière pen-
903 4072 1623 4242 (dant ce temps)
195 4059 3461 4405 FREDERIC.- Eh bien, quand arrive-t-il finalement. Il se fait inviter
407 4320 2457 4588 dans des chateaux anglais.. le garnement!
212 4482 3486 4706 SENIA. - Je crois qu'il arrive aujourd'hui on demain avec ma soeur Mary
480 4600 3201 4901 ... voilà trois jours que je n'ai pas de nouvelles de lui.
216 4808 1777 5068 ÄÄUL & ERNA (viennent du tennis).
