3896 5256
1708 220 2042 408 — 63 —
795 356 2898 637 der si Monsieur avait retenu quelque chose.
88 566 2073 799 REMIER TOURISTE Non, je n'ai rien retenu.
88 733 1028 957 SENSTOCK (très poli)
1028 733 3491 1041 Alors je regrette infiniment, nous n'avons plus rien
782 927 1256 1151 de libre.
79 1120 3522 1361 REMIER TOURISTE Rien du tout? Ça c'est rosse. Même pas une paillasse...
777 1247 2406 1515 on on puisse roupiller
786 1427 1796 1629 Malheureusement, non.
97 1410 514 1642 Ponsiok
101 1598 3491 1770 ICOND TOURISTE (Pendant ce temps il a essayé plusieurs sièges, l'un après
795 1699 3561 1831 l'autre, qui ne lui ont pas paru assez confortables. Fina¬
795 1787 3394 1919 lement il se laisse tomber dans un fauteuil à bascule).
799 1915 1331 2143 (au second)
97 1818 773 2156 REMIER TOURISTE
1317 1989 2169 2196 Que faisons-nous?
2196 2046 2854 2248 (à Rosenstock)
2837 2125 3342 2301 Nous avons
795 2240 2771 2516 quatorze heures de marche dans les jambes
88 2336 1159 2692 SENSTOCK (compatissant
1142 2485 1893 2701 C'est beaucoup.
92 2648 729 2872 COND TOURISTE
782 2683 1853 2837 Je ne bouge plus de là
97 2819 3386 3021 EMIER TOURISTE Avez-vous entendu Monsieur le Cerbère? Mon camarade ne
777 3021 1353 3188 bouge plus.
777 3109 3386 3368 Je vous en prie. "Il y a de la place pour tout le monde
105 3179 501 3368 SENSTOCK
777 3311 1423 3495 dans le hall"
114 3443 1809 3649 EMIER BOURISTE Ah; vous êtes poète?
110 3640 536 3812 SENSTOCK
777 3623 2222 3816 Seulement en cas de nécessité.
114 3785 2174 3978 EMIER TOURISTE Alors, qu'allons-nous faire?
782 3917 2955 4145 Si ces messieurs allaient voir d'Alpenrose?...
97 3965 518 4154 SENST0CK
1230 4058 1757 4172 in bôtel
114 4075 2134 4281 EMIER TOURISTE Y-a-t-il-suset là un hôtel?
764 4220 2125 4391 Rour et not etre Presque.
110 4277 514 4462 SENST0CK
935 4290 2543 4488 Et ou j trouve d le plea?
114 4435 3074 4576 EMIER TOURISTE Croyaz-vous qu'il y ait quelque chose de libre?
114 4576 501 4756 SENST0CK
751 4576 1638 4760 B###eque Aoujours.
119 4699 3649 4879 EMIER TOURISTE Ah bien, il ne nous reste plus qu'à nous appuyer l'Alpenrose.
2165 4887 2586 5089 vieux.
795 4883 1295 5063 (à l'autre)
1374 4953 2305 5120 allone custe, mon gan
