4168 5416
1240 338 1409 490 1.10
1492 334 1694 573 „ „
1875 490 2065 610 -6-
742 536 2967 820 ARL.- Oui, on dit toujours ca dans les journaux.
495 734 3734 993 GENIA. - Le fait est, par hasard, vrai. Je le sais de bonne part puis ue
783 874 3326 1088 son mari était parmi les amis avec lesquels il a soupé.
672 1067 1344 1269 Ahl; 6 Ah.
573 1183 3886 1467 . - (incidemment) on mari à souvent à faire en ville assez tard; il
808 1364 3709 1578 dîne alors à l'hôtel lmerial. - il retrouve xxx quelques amis
1026 1484 2382 1611 au temps de sa vie de garçon.
800 1566 3804 1727 comme dans un vie de célibataire. Lans les derniers temps Kors-
808 1673 3775 1900 kow y était souvent car il habitait l'hôtel. Et, comme Predéric
3190 1805 3606 1937 en lui
791 1838 3816 2028 lui-même me l'a raconte, il n'y avait chez lui rien de remar¬
800 1982 3734 2225 ble, ce dernier soir. Ils sont ensuite, été une hiez une partie
795 2110 1991 2320 de billard sans un cef¬
519 2168 713 2502 Käme
837 2271 2605 2522 L. - Comment, votra ari et xxx kow?
651 2473 3697 2609 H. - ui. Ils ont éme parie - et mon mari a perdu. Le lende in
795 2555 3787 2827 matin il renvoye le garçon du bureau à l'hôtel, vac les eigares
779 2823 3825 2947 qu'il avait perdus... et - vous ne saviez pas cola : - le garçon
779 2893 2819 3149 Statt là lorsque la chose a été découverte.
515 3095 1430 3272 uste :â¬
598 3239 3870 3425 Ii.- En bien, il  frappe deux fois, personne n'a répondu. Finale en
762 3392 3227 3606 il a ouvert la porte pour deposer les eigares et....
528 3520 2217 3717 BRN.- Korsekow était là, mort......
519 3717 3697 3936 C.H.I. - Oui. Mort, sur le divan, le révolver encore dans la main...
1702 3870 2164 4051 (silence)
490 4022 3680 4233 Kne Waß. - Ce garçon a en être bien effrayé.-
767 4167 2708 4381 zigares? Ist-de qu'il les laissés là?
878 4307 2666 4558 man aine les précisions historiques.
503 4303 738 4521 adresse
878 4484 3618 4711 Excusez-moi me von epl, j'ai complète ent oublie de m'en
758 4661 1236 4855 informer.
1636 4809 2712 4995 (Bruit d'une luto)
486 4946 1768 5172 Me d'AHe. - On s'arrête ici.
