3704 5240
1530 154 1868 421 6 83 -
425 350 3356 579 Merci bien, mon bon Hofreiter.— Je ne dis pas que j'éviterais
154 329 338 571 NER
429 538 3402 730 un hasard de cette espèce, mais - une rencontre arrangee - cela
375 663 2647 925 un arrière-goût fatal de sentimentalité.
133 780 1034 1030 DERIC (incidemment)
1026 842 1830 1096 Pourquoi......?
438 1000 3456 1188 Vous oubliez aussi que par la même occasion je rencontrerais mon
146 1046 317 1255 ENER
450 1192 2597 1422 ancienne femme - et cela je préfère l'éviter.
138 1317 1292 1597 DERIC Comme vous voudrez
1317 1438 1763 1634 (silence)
150 1605 317 1747 ENER
417 1605 2960 1830 Il y a d'ailleurs vraiment des hasarde singuliers....
125 1718 1476 1955 EDERIC Que voulez-vous dire?
133 1913 321 2093 NER
413 1938 3289 2134 Que vous ayez précisément aujourd'hui... commencé à parler de
404 2093 2622 2272 mon fils.... après votre retour de là-haut....
125 2197 396 2422 EDERIC
429 2222 3077 2447 C'est sans préméditation.... Si Paul Kreindl n'avait pas
413 2389 1051 2560 commencé....
108 2530 304 2706 GENER
413 2551 3297 2739 Savez-vous à quel moment j'ai entrepris la première ascension
413 2722 3360 2881 de cette pointe, d'où vous venez précisément? - C'était peu de
404 2839 3318 3047 temps après que.... nous nous sommes séparés ma femme et moi.
413 3014 3277 3193 Voulez-vous dire qu'il y a un rapport entre ces deux choses?
121 2985 392 3164 EDERIC
1588 3122 2293 3247 prêtud avoir
425 3110 1463 3252 Dans une certaine mesure...
404 3185 3443 3335 Je ne x### pas j'ai précisément
108 3164 304 3356 ENER
396 3339 3548 3539 cherché la mort - elle aurait été plus simple à trouver - mais rien
384 3493 3498 3681 he m'attachait plus à la vie. Peut-être aussi est-ce une sorte de
404 3648 2014 3844 jugement de Dieu que j'ai cherché.
146 3748 3498 3977 DERIC Ecoutez, si tous les maris qui se trouvent dans des cas semblables
388 3964 3410 4135 se mettent à escalader les rochers... on aura un fameux specta-
388 4098 3510 4290 ole dans les Dolomites même. Finalement, vous n'avez pas fait
367 4265 1868 4448 plus mal que beaucoup d'autres.
75 4411 292 4652 GNER
379 4431 3331 4590 Il s'agit toujours de savoir comment ces choses sont acceptées
375 4552 2668 4727 de l'autre côté.... Ma femme m'a beaucoup aimé.
1288 4786 1730 4952 mais
