4136 5432
1684 337 1986 473 - 35 -
933 384 3768 631 Sans dela qui parlerait encore d'un pianiste mort, par cette
431 431 708 627 ERNA.
840 592 1803 772 belle, journée d’été.
3133 567 3934 780 extraordinaire
443 750 3772 925 Nue WaH. Avacoue jamais vu une fille d'un esprit aussi profond, xxx
776 865 3713 1066 ? C'est encore une de ses pirouettes sur la corde tendue
1876 1010 2199 1134 disait.
806 1032 3640 1266 de la philosophie, comme son pauvre père se plaisait à dire.
443 1155 3866 1407 FREDERIC. Elle  avrai seulement faire attention de ne pas tomber, Erna...
435 1381 3444 1590 Eme Adele, Paul Kreindl (vienne du tennis avec leurs requettes).
997 1552 2941 1824 Mme GENIA, ETTO, Mme WAhl, FREDERIC, FRNA
1637 1782 2293 1986 (salutations)
439 1816 793 2161 ADELE.
878 1961 3772 2251 (Jolis, ronde, vêtie de blanc, ceinture rouge, cravate rouge).
818 2148 2818 2353 Qu'est-ce que c'est, noua ne jouons plus?
443 2242 2378 2511 Paul KREINDL. (baise la main de Mme Wahl)
460 2464 3035 2630 FREDERIC. Vous auriez pu jouer à deux pendant ce temps.
818 2596 2285 2822 Mais je joue trop mal pour lui.
448 2626 754 2839 ADELE.
831 2771 1858 2962 Comment donc, madame 1
443 2822 720 3018 PAUL.
1888 2839 2408 3022 (larmoyant)
2430 2894 3704 3107 Bientôt personne ne jouera
776 3035 3781 3299 assez mal pour moi. Je joue vraiment comme un cochon. O Pardon.
780 3227 3870 3444 Mais c'est vrai. Je ne sais comment cela se fait. Je crois qu'on
772 3376 3760 3568 m'a jeté un sort. A moins que ce soit selement parce que j'ai
789 3436 3875 3683 une raquette neuve...... Excusez-moi messieurs, mesdames, je cours
789 3721 3372 3883 à la maison et je rapporte ma vieille (Il prend congé).
2310 3870 3180 4054 (Les autres rient)
512 3964 3798 4254 FREDERIC. Pourquoi riez-vous? Il prend au moins cela au sérieux, Paul
780 4182 3661 4390 C'est l'essentiel. Qu'il s'agisse de tenis, de patinage, de
776 4335 3768 4561 peinture ou de médecine.- Je trouve qu'on bon joueur de tennis
763 4442 3879 4723 est un homme de plus grande valeur qu'un médiore poete ou un mau¬
776 4659 3069 4889 vais générale. N'ai-je pas raison? - (A Otto).
