4168 5432
3230 333 3406 501 1.°
2228 369 2433 489 1 „
1218 425 1407 569 vous avez
2990 417 3314 581 deux rue qu'il y aime
341 457 609 573 -1/1
970 533 2837 725 Lieu de l'action: R&M, près de Vienne
994 709 2865 850 Le 3e acte, seul, se passe dans un hôtel
1018 862 2384 1006 du Völser eiher (Dolomites).
1555 994 2160 1114 3  ================= ̃-
986 1114 2513 1274 Droitet gauche des spectateurs
1775 1282 2072 1375 ======
1355 1286 1535 1387 A
1519 1399 2132 1591 Monsieur
1086 1539 3430 1723 (Ver inde de la ville Hofreiter et jardin d'entrée)
777 1683 3531 1867 Eroite de la verand, sincieuse; balustrade sui se prolonge
1030 1835 3539 1940 de ch[e] ne sôte des vorches qui descendent dans lejar¬
1018 1884 3559 1988 din d'entrée. La double porte qui mène de la véranda
1030 1972 3587 2076 su jardin-salom est unverte. Levent lu véranda, pelouse
1034 2044 3555 2164 avec massif de rosiers en fleurs.- Une clôture de bois
1158 2116 3358 2236 inte en ver, essez hazte, entoure le jardin. La
1018 2164 3631 2312 clôture tourne à anngle droit vers l'arribre et se prolon-
1018 2292 3462 2392 ge derrière la villa.- Sentier le long de la clôture
1030 2352 3547 2485 zu dehors.- Rente zurullele zu sentier.- A l'interieur
1030 2453 2701 2569 le long de la clôture, broussailles.
2252 2481 3583 2649 u milieu, face à la verandu,
802 2517 2120 2641 geporte du Jardin, à gauche
1022 2597 3487 2701 est ouverte. Bancs autour de la pelouse: un face à 1
1034 2677 3458 2781 salle, un face à la porte du jardin, un troisième de
1030 2749 3475 2885 l'autre côté de la pelouse, donc tournant le des
998 2853 1302 2942 salle.
789 2853 3487 3010 Sur le veranda, une table rectangulaire avec six chaisen.
1030 2946 3555 3094 Dans le coin derrière, un lautier-rose. La véranda est
1030 3062 3611 3166 couverte d'une marquise rayée rouge et blanc. Une lampe
1034 3126 3499 3242 électrique sur la table. Une lampe-applique à droite
1030 3202 3667 3322 de la porte. La table est mise pour le thé. Fin d'après¬
1030 3298 3543 3402 midi après une pluie d'Orange. Les feuilles sent mouil-
1030 3370 3523 3495 lées. De longues ombres de la clôture tombent dans le
1050 3475 1367 3579 jardin.
1042 3691 3511 3899 mme GENIA (31 ans, mise avec une simplicite élegante:
1274 3843 3567 3943 costume aris fonce, blouse mauve. Elle est assise
1266 3919 3378 4016 devant la table de la véranda, du côté étroit
1278 3983 3543 4104 tourne vers le public. Elle posé sa tasse de the
1270 4056 3607 4172 regarde un instant devant elle, se lève, repousse
1274 4144 3583 4252 sa chaise, regarde vers l'arrière, dans le jardin
1278 4236 3619 4344 par-dessus la balustrade; elle descend les march¬
1278 4316 3523 4456 vers le jardin, les mains dans le dos, selon son
1274 4404 1771 4508 habitude).
1002 4476 3386 4653 La FELME DE CHABRE (vient du jardin-salon dans la
1286 4613 3438 4761 véranda avec un plateau; elle veut emporter le
1274 4701 2593 4845 service à thé; elle hésite).
349 4793 3575 4993 MINIX (encore sur lesmarches, se tourne vers elle). ous pouvez des¬
561 4941 3583 5178 servir. Monsieur aura probable ent pris son the en ville. (près
