4168 5256
1909 179 2242 329 - 128 -
375 273 1250 494 GENIA (se trouble)
1320 347 2301 550 Comment est-elle...?
1030 546 3236 715 Elle vient très tranquille, elle ne sait rien.
368 557 595 736 ERNA
364 715 644 883 GENIA.
1040 679 2284 876 Que veut-elle si tôt......
1044 862 3695 1061 Elle ne sait certainement rien. Elle va lentement. Son
382 876 655 1100 ERNA
1044 1005 3653 1226 visage parait tout à fait calme. Si elle avait la plus
1033 1156 3842 1369 petite idée, elle serait tout autrement. D'od saurait-elle,
1051 1324 2942 1538 d'ailleurs? Remettez-vous, madame Genie!
382 1419 1387 1699 Mme MEINHOUD (arrive)
1415 1590 1832 1765 Sonjour.
1051 1720 1783 1933 Bonjour madame.
382 1741 651 1912 ERNA
1033 1905 3653 2151 C'est donc voue madame Meinhold? Ah.... (Elle se lève)
385 1909 665 2070 GENIA
1033 2126 1597 2294 Au revoir!
396 2140 620 2298 ERNA
1054 2291 3660 2473 Voue partez déjà? Je suppose que ce n'est pas moi qui
368 2280 977 2522 Mme MEINHOUD
1054 2431 1933 2595 vous fait partir?
1044 2560 3730 2767 Certainement MM, Madame, je partais à l'instant. Adieu
368 2532 627 2795 ERNA
1051 2714 1632 2939 Madame Cenia
1664 2820 2221 3037 (Elle soit)
1825 2984 2784 3201 CENIA, Mme MEINHOLD
382 3145 2749 3348 CENIA (avec une extraordinaire possession de soi)
2756 3156 3776 3376 Je suis très heureuse
1051 3317 3727 3545 de vous revoir, Mme Meinhold. Cela m'a fait de la peine
1068 3495 2301 3695 que vous ayez manqué hier.
1061 3643 3730 3839 Vous aviez une trop nombreuse société, je ne m'y mèle pas
368 3685 988 3944 Mme MEINHOUD.
1061 3811 3734 3993 volontiers. Aujourd'hui je viens d'autant plus tôt comme
1054 3979 2277 4164 vous voyez, madame Genia.
1044 4122 1975 4312 Il n'est pas si tôt
378 4175 679 4364 GENIA
1989 4231 2970 4452 (regardant l'horloge)
2977 4256 3657 4462 seulement dix
1033 4420 3839 4620 heures! Je pensais qu'il devait être bientôt midi. Frédé-
1033 4574 3804 4847 ric est parti depuis longtemps en ville. Vous avez certai-
1019 4802 3215 4949 nement, madame Meinhold qu'il est arrivé hier.
