4152 5448
1095 328 1398 586 1.° 1.°
2972 369 3284 541 [+]
1915 332 2124 660 1.
795 648 3727 873 sur continent, où on
812 828 3751 1013 cultive par trop la sentimentalite et la brutalité, au lieu de
820 972 2604 1193 jouer au self et de faire de l'aviron
562 1115 3628 1332 CENIA. - Si seulement son absence ne me laissait pas un tel vide...
713 1275 3739 1562 RIC.- ue veux-tu; c'est là une consequence inévitable. Penses-
1878 1341 3907 1611 il ne manque pas :
824 1472 3190 1624 tu que moi-même, je ne sois pas triste parfois de
1197 1583 1427 1697 regres
836 1570 3768 1788 Mais le désir est à mon avis, u éléant très sain dans l'écono¬
2005 1726 2280 1833 regret
836 1722 3788 1915 mie de l'âme humaine. Le désir a le pouvoir de rendre meilleurs
828 1882 3661 2140 les rapports entre les ôtres : Je trouve par exemple que les
849 2029 3649 2288 fortions entre les hommes devraient être basées sur le rêve
849 2247 3608 2398 plutôt que sur l'habitude. Nous pouvons d'ailleurs faire le
845 2362 3735 2628 voyage onse ble jusqu'en malsterre, et tu decideras là-bas si
836 2509 3674 2698 tu m'accommenes ou si tu restes avec l'enfant tout l'hiver.
812 2649 3751 2907 - J'aurais préféré que tu considères, dès aujourd'hui ce projet
836 2829 2702 3091 comme une résolution ferme de ma part.
611 3013 2132 3243 RÉDERIC.- Une résolution fer e?
939 3112 3756 3329 J'aurai encore beaucoup à faire avec ce départ pour l'angle¬
570 3239 898 3428 Ce dernième
1361 3309 1587 3399 a-t-dire une autre vieur avec
869 3288 3678 3559 terre. On ne peut pas ainsi du jour au lendemain s'installer
857 3501 1496 3686 quelque part.
599 3633 1718 3866 FREPERIC.- S’installer?
594 3792 2517 4002 GENIA.- appelleé cela comme il te plaira.
611 3883 3469 4157 PREDERIC. - Mais qu'as-tu donc Genia? Tu es vrai ent étrange.
603 4043 3682 4305 SEMIA.-  u'y at-t-il 1b de si étrangez ou'une mère souhaite voir..
849 4215 3784 4469 son fils unique... uand il aura quelques années de plus, il ne
861 4391 3805 4604 m'appartiendra plus du tout. Deux mois en été, huit jours à la
873 4530 3743 4736 Hoël, juit jours à Pâcues; - c'est vraiment peu. J'ai assez
873 4686 3005 4916 longtemos lutte, je ne puis plus, voilà tout.
599 4789 3899 5076 FREDARIC.- Sais-tu Genia, on a presque l'impression qu'il s'agit moins
