4072 5240
1971 146 2215 349 47 -
886 342 3754 533 Autrefois il m'est arrivé souvent d'assister au spectacle de
372 312 818 559 TANZIDES.
875 492 3803 668 l'Arène, non pas des gradins, mais tout en haut d'une colline
882 634 2151 856 d'où je dominais la scène.
886 818 1824 972 Ce doit être drôle.
379 800 604 976 DELE
893 920 3555 1149 Drôle - je ne sais pas. Mais c'est curieux. On ne voit
372 942 818 1182 TANZIDES.
886 1100 3885 1295 naturellement qu'une petite partie du décor. Un coin de rocher,
886 1235 3904 1456 une cheminée ou autre chose. Et des acteurs, ons ne doit autant
893 1404 3697 1584 dire rien seulement de temps en temps on entend un mot par
1197 1535 2155 1659 de temps en temps.
875 1603 3859 1749 hasard.... Mais ce qui est tout à fait particulier, c'est quand
2185 1712 2624 1832 Madam
2695 1715 3014 1817 autre
905 1794 3727 1959 souiain une voil se détache parmi celles des autres acteurs.
3341 1862 3641 1986 timbre.
882 1869 3889 2128 Par exemple celle d'une femme./... dont on connait lé voix. Alors
2688 2031 2988 2125 aussi.
893 2012 3900 2207 tout d'un coup, on sout aussi comprendra es qu'elle dit. On ne
893 2248 3904 2387 distingue rien de ce que les autres disent, mais tout
886 2339 2718 2455 ce que dit cette jeune mis
2703 2369 3495 2560 parment.
893 2417 2718 2583 à fait bien ce que dit xxx femme......
2432 2530 2857 2691 timbre.
387 2500 938 2763 DELE (Riant)
893 2650 2748 2785 La famme.... dont on connait 1£!—!
875 2782 3690 2947 Au lieu de maîtresse, on ne doit pas dire "la femme dont on
379 2778 736 2988 plusieurs
1400 2894 1772 3011 ticubre!
886 2932 3851 3104 connait 11 voix" Stanzides, mais la "Femme inconnue" c'est plus
882 3108 1201 3285 juste!
893 3251 2568 3438 Ou Amie, quand on veut être discret.
379 3247 616 3457 DELE
372 3416 736 3592 EDERIC
845 3390 1385 3581 Ou Ennemie.
368 3596 559 3773 RNA
882 3551 1866 3761 Si on st indiscret.
383 3742 721 3938 me WaHl
882 3735 1284 3881 Erna!--
875 3878 3660 4065 Il se fait tard, il faut que nous partions si nous voulons
368 3896 642 4122 ATTER
863 4020 3720 4212 encore avoir quelque chose de la représentation. Je vous en
863 4182 2211 4396 prie, ne vous dérangez pas.
1483 4336 3213 4557 (Natter, Adèle, Stanzides s'en vont)
368 4531 931 4715 AUL (à Otto)
875 4561 3773 4775 L'année dernière noua avons una fois joué pendant neuf heures
875 4760 3761 4940 avec le docteur Herz. D'abord quatre heures, puis nous avons
