3896 5224
1616 183 1937 353 — 93 —
536 353 3659 593 Pourquoi n'êtes vous pas allé chercher votre manteau cette nuit?.
162 341 483 654 EDERIC
536 504 3387 690 Je vous en prie, Erna, ne jouez pas avec moi. Je suis assez
536 609 3351 804 loyal avec vous. Ditessimplement NON et tout est fini. On
528 772 3456 1048 repèchera Mauer. Je ne suis pas disposé à me rendre ridicule.
548 898 2002 1101 Voulez-vous devenir ma femme?
548 1052 1531 1251 Votre femme -? Non.
134 1243 479 1421 REDERIC
536 1255 812 1389 Bien.
142 1401 341 1580 s.k.
528 1312 1507 1564 Peut-être plus tard.
532 1572 1198 1706 Plus tard -?
146 1523 471 1754 EDERIC
134 1718 305 1897 N.S.
536 1669 1966 1905 Vontinuez de lire vos lettres.
130 1876 467 2079 BEDERIC
512 1905 3476 2112 Pourquoi? La fabrique peut aller au diable. Tout peut eller
528 2043 3606 2286 au diable. Que veut dire : plus tard! La vie n'est pas si longue
508 2209 3480 2421 Je ne vous laisse pas de délai, vous êtes engagée par un baiser
516 2360 3598 2526 comme celui d'hier. un adieu immédiat, ou  un OUI sans con-
500 2506 3513 2709 ditions. Je ne peux pas attendre, et je ne le ferai pas. Dites
487 2652 2457 2875 non et je para immédiatement aujourd'hui.
102 2794 309 2985 RNA
491 2827 3009 3091 Je ne joue pas je sais à quoi notre baiser m'engage.
93 2957 443 3172 EDERIC
504 2985 963 3135 Erna...
93 3131 296 3322 geschät
487 3062 3619 3416 Est-ce que vous ne l'avez pas toujours su que je vous appartenais
102 3241 1206 3541 EDERIC Erna.... Erna
1052 3436 2449 3606 (La cloche du dîner retentit)
658 3578 3497 3761 (Les touristes qui a'était endormi au, commencement de l'acte
853 3732 3619 3891 s'éveille d'un songe, se lève, marche en criant et parcourt
865 3805 2372 3968 toute la scène avant de sortir).
85 3903 910 4106 me 7 AHL (desoens)
81 4045 1495 4313 IGNER (allant à sa rencontre)
1543 4077 3533 4325 Ah; voilà une boucle que je ne connaissais
504 4220 1921 4500 pas encore! Ravissante......
81 4402 439 4674 EDERIC
508 4406 3411 4731 Oh, nous avons tellement bavardé. Je n'aurais plus de temps de
491 4597 1060 4792 m'habiller.
73 4691 3342 5024 Vous êtes assez bien comme cela. Mais, ob est le Dr Mauer?
