4264 5384
1094 176 1270 355 :s:d:s
1842 216 2144 355 -118-
768 388 3455 633 ne veux pas me battre avec vous. Mais encore un mot et...
510 580 3038 751 FRE. - Je suis donc désarmé, précisément contre vous?
515 723 1883 935 UATTER. - Cela arrive parfois.
510 882 1797 1086 FRE. - xx.... contre un...
515 1050 3782 1246 NATER.- Contre un homme, qui trouve la vie prodigieusement amusante...
784 1221 2785 1405 mon cher Hofreiter - et seulement amuante.
498 1327 3712 1568 vient du tennis) - Excusez-moi de vous déranger. H. Hofreiter.-
760 1531 2883 1715 c'est votre tour de jouer avec le Lieutenant.
531 1691 698 1785 G.C.F.P
743 1683 3659 1866 RIC.- Oui..oui. je suis prêt - La situation doit finale ent
490 1752 711 1850 F.D.
768 1842 2095 2034 être aclaircie... je sais...
653 1985 3679 2164 R.- Oh. je vous en prie, ne vous mènez pas. (A veix plus basse)
490 2013 657 2160 ae
764 2152 2891 2360 Il n'aait peut-être aussi de vie ouïde mort :
519 2311 1495 2512 PREDERIC. - Peut-être.
494 2475 678 2593 1e7
670 2463 2238 2630 R à GENIA (viennent de l'arrière)
482 2552 686 2687 ue.
498 2642 2605 2793 (vent rendre congé) lIons,cher nmi.
502 2748 3733 3006 TRII KORO.- Non, tu ne dois pas partir ainsi. Retiens-le Genia, -
747 2932 2132 3124 tous tes moyens de séduction.
1339 3120 3296 3328 (Frédéric, Paul et Hatter, vers le tennis)
1793 3275 2328 3443 ÄUER. GEDYA,
702 3414 3140 3602 Je crains ous mes moyens ne soient pas efficaces.
543 3430 715 3545 1:4:
539 3508 719 3626 F.T.K.
490 3594 2671 3769 Je dois malheureusement partir, medame.
519 3696 3802 3924 CERIA.- Et je puis supposer qu'on ne vous reverra pas ici de longtemps.
486 3896 1870 4100 MAUER. - Je le crains, madame.
478 3986 3622 4243 GENIA.- (le regarde) cela me fait de la peine d'avoir perdu un ami.
764 4186 3541 4382 Moi surtout oui n'ai vraiment rien à me reprocher, au moins
743 4345 3630 4545 contre vous. Pourquoi ne me répondez-vous pas docteur? Je ne
743 4513 3716 4700 veux pas forcer votre confiance, d'autant moins que je me doute
743 4651 2463 4909 de la raison oui vous éloigne d'ici.
