<?xml version="1.0" encoding="UTF-8" standalone="yes"?>
<PcGts xmlns="http://schema.primaresearch.org/PAGE/gts/pagecontent/2013-07-15" xmlns:xsi="http://www.w3.org/2001/XMLSchema-instance" xsi:schemaLocation="http://schema.primaresearch.org/PAGE/gts/pagecontent/2013-07-15 http://schema.primaresearch.org/PAGE/gts/pagecontent/2013-07-15/pagecontent.xsd">
    <Metadata>
        <Creator>prov=READ-COOP:name=TrHtr:version=2.1.0:model_id=51170:date=15_08_2023_09:54</Creator>
        <Created>2023-05-10T15:31:13.755+02:00</Created>
        <LastChange>2023-08-15T09:54:35.597+02:00</LastChange>
        <TranskribusMetadata docId="1429075" pageId="55437041" pageNr="96" tsid="132845989" status="IN_PROGRESS" userId="64420" imgUrl="https://files.transkribus.eu/Get?id=FFXZKASGIOTSLTPIORETMIYC&amp;fileType=view" xmlUrl="https://files.transkribus.eu/Get?id=FBFPEUWWJEXQRHKJPTLJWNKX" imageId="44711030"/>
    </Metadata>
    <Page imageFilename="1429075_0096.jpg" imageWidth="3896" imageHeight="5224">
        <ReadingOrder>
            <OrderedGroup id="ro_1711797176989" caption="Regions reading order">
                <RegionRefIndexed index="0" regionRef="tr_3"/>
                <RegionRefIndexed index="1" regionRef="tr_1"/>
                <RegionRefIndexed index="2" regionRef="tr_2"/>
            </OrderedGroup>
        </ReadingOrder>
        <TextRegion id="tr_3" custom="readingOrder {index:0;}">
            <Coords points="161,260 3606,260 3606,1287 161,1287"/>
            <TextLine id="tr_3_tl_1" custom="readingOrder {index:0;}">
                <Coords points="1625,365 1690,369 1724,392 1758,369 1770,373 1800,339 1842,335 1857,350 1930,343 1922,232 1846,232 1797,213 1743,247 1720,240 1686,255 1663,232 1618,247"/>
                <Baseline points="1641,310 1731,316 1820,322 1910,328 1940,328"/>
                <TextEquiv>
                    <Unicode>— 92 —</Unicode>
                </TextEquiv>
            </TextLine>
            <TextLine id="tr_3_tl_2" custom="readingOrder {index:1;}">
                <Coords points="636,518 3605,590 3597,316 3342,411 2398,335 2196,426 632,335"/>
                <Baseline points="656,447 746,447 835,447 925,447 1014,453 1104,453 1194,453 1283,459 1373,465 1462,465 1552,471 1641,471 1731,477 1820,483 1910,483 2000,489 2089,495 2179,495 2268,495 2358,501 2447,501 2537,501 2626,495 2716,495 2806,501 2895,501 2985,495 3074,501 3164,501 3253,501 3343,501 3432,501 3522,495 3606,501"/>
                <TextEquiv>
                    <Unicode>et maintenant!..... Renez, Frédéric, je voudrais voua prendre</Unicode>
                </TextEquiv>
            </TextLine>
            <TextLine id="tr_3_tl_3" custom="readingOrder {index:2;}">
                <Coords points="670,651 1153,651 1363,712 1747,639 2063,716 2310,666 2303,510 2238,502 2063,582 1625,518 1100,540 978,476 666,533"/>
                <Baseline points="692,608 782,602 871,602 961,608 1050,608 1140,608 1229,614 1319,614 1408,614 1498,620 1588,626 1677,626 1767,632 1856,632 1946,638 2035,638 2125,644 2214,644 2304,650 2316,644"/>
                <TextEquiv>
                    <Unicode>par les cheveux et les ébouriffer.</Unicode>
                </TextEquiv>
            </TextLine>
            <TextLine id="tr_3_tl_4" custom="readingOrder {index:3;}">
                <Coords points="164,864 297,868 384,803 400,822 510,841 514,670 468,678 438,647 381,662 350,647 324,658 304,643 225,662 167,643"/>
                <Baseline points="185,758 250,764 340,752 429,758 519,752"/>
                <TextEquiv>
                    <Unicode>FREDERIC</Unicode>
                </TextEquiv>
            </TextLine>
            <TextLine id="tr_3_tl_5" custom="readingOrder {index:4;}">
                <Coords points="636,780 3540,860 3536,689 636,674"/>
                <Baseline points="656,752 746,758 835,758 925,764 1014,764 1104,770 1194,770 1283,770 1373,776 1462,770 1552,776 1641,782 1731,782 1820,788 1910,794 2000,794 2089,800 2179,800 2268,805 2358,800 2447,805 2537,805 2626,805 2716,805 2806,805 2895,805 2985,805 3074,805 3164,805 3253,805 3343,805 3432,811 3522,811 3546,811"/>
                <TextEquiv>
                    <Unicode>Faites attention. Ce n'est pas nécessaire. Ecoutez Exna - je</Unicode>
                </TextEquiv>
            </TextLine>
            <TextLine id="tr_3_tl_6" custom="readingOrder {index:5;}">
                <Coords points="628,933 2215,1005 2211,856 2078,830 1298,860 974,773 624,780"/>
                <Baseline points="650,913 740,913 829,913 919,913 1008,919 1098,919 1188,919 1277,925 1367,925 1456,931 1546,931 1635,937 1725,943 1814,949 1904,949 1994,949 2083,955 2173,961 2226,955"/>
                <TextEquiv>
                    <Unicode>veux vous demander quelque chose.</Unicode>
                </TextEquiv>
            </TextLine>
            <TextLine id="tr_3_tl_7" custom="readingOrder {index:6;}">
                <Coords points="620,1111 792,1146 898,1092 974,1108 1111,1077 1108,997 1077,1012 1054,997 860,1009 735,978 689,1001 617,971"/>
                <Baseline points="638,1068 728,1062 817,1068 907,1068 997,1074 1086,1074 1116,1074"/>
                <TextEquiv>
                    <Unicode>Demandez.</Unicode>
                </TextEquiv>
            </TextLine>
            <TextLine id="tr_3_tl_8" custom="readingOrder {index:7;}">
                <Coords points="137,1130 164,1134 183,1123 209,1130 251,1119 282,1138 327,1127 335,944 301,933 282,948 270,936 255,948 225,948 194,933 171,952 145,948"/>
                <Baseline points="161,1080 250,1068 340,1074"/>
                <TextEquiv>
                    <Unicode>ERNA</Unicode>
                </TextEquiv>
            </TextLine>
            <TextLine id="tr_3_tl_9" custom="readingOrder {index:8;}">
                <Coords points="137,1283 179,1290 202,1271 240,1287 301,1271 339,1294 354,1279 483,1294 495,1111 449,1100 403,1134 343,1123 285,1138 255,1123 148,1130"/>
                <Baseline points="161,1241 232,1229 322,1223 411,1217 501,1217"/>
                <TextEquiv>
                    <Unicode>FREDERIO</Unicode>
                </TextEquiv>
            </TextLine>
            <TextLine id="tr_3_tl_10" custom="readingOrder {index:9;}">
                <Coords points="636,1233 3433,1317 3429,1127 3148,1077 3022,1188 2348,1233 1526,1188 1302,1085 632,1130"/>
                <Baseline points="656,1217 746,1223 835,1223 925,1229 1014,1229 1104,1229 1194,1235 1283,1235 1373,1241 1462,1241 1552,1247 1641,1247 1731,1247 1820,1253 1910,1253 2000,1259 2089,1259 2179,1265 2268,1265 2358,1265 2447,1271 2537,1265 2626,1271 2716,1265 2806,1265 2895,1271 2985,1271 3074,1271 3164,1271 3253,1271 3343,1271 3432,1277 3444,1271"/>
                <TextEquiv>
                    <Unicode>Voyons - que pensez-vous de cela...... Ecoutez-moi bienl - Je</Unicode>
                </TextEquiv>
            </TextLine>
        </TextRegion>
        <TextRegion id="tr_1" custom="readingOrder {index:1;}">
            <Coords points="131,1329 3600,1329 3600,3305 131,3305"/>
            <TextLine id="tr_1_tl_1" custom="readingOrder {index:0;}">
                <Coords points="628,1393 2969,1503 3445,1435 3357,1306 2170,1366 1808,1267 628,1283"/>
                <Baseline points="650,1379 740,1379 829,1379 919,1379 1008,1385 1098,1385 1188,1391 1277,1391 1367,1391 1456,1397 1546,1397 1635,1403 1725,1403 1814,1408 1904,1408 1994,1414 2083,1414 2173,1414 2262,1414 2352,1414 2441,1420 2531,1414 2620,1420 2710,1420 2800,1426 2889,1426 2979,1426 3068,1426 3158,1426 3247,1426 3337,1426 3426,1432 3456,1426"/>
                <TextEquiv>
                    <Unicode>suis maintenant tout à fait raisonnable. Vous savez, Erna,</Unicode>
                </TextEquiv>
            </TextLine>
            <TextLine id="tr_1_tl_2" custom="readingOrder {index:1;}">
                <Coords points="609,1595 3593,1629 3547,1477 605,1462"/>
                <Baseline points="626,1528 716,1534 805,1534 895,1534 985,1540 1074,1540 1164,1540 1253,1546 1343,1552 1432,1552 1522,1558 1611,1558 1701,1558 1791,1564 1880,1564 1970,1564 2059,1570 2149,1570 2238,1570 2328,1570 2417,1570 2507,1570 2597,1576 2686,1576 2776,1576 2865,1576 2955,1576 3044,1582 3134,1582 3223,1582 3313,1582 3403,1582 3492,1582 3582,1576 3600,1576"/>
                <TextEquiv>
                    <Unicode>ce qu'est mon mariage; je n'ai pas besoin de vous en dire davan-</Unicode>
                </TextEquiv>
            </TextLine>
            <TextLine id="tr_1_tl_3" custom="readingOrder {index:2;}">
                <Coords points="613,1694 815,1774 1389,1701 3361,1800 3506,1736 3506,1621 2866,1690 609,1595"/>
                <Baseline points="632,1683 722,1689 811,1689 901,1695 991,1695 1080,1701 1170,1701 1259,1701 1349,1701 1438,1707 1528,1707 1617,1713 1707,1713 1797,1719 1886,1719 1976,1719 2065,1725 2155,1725 2244,1725 2334,1725 2423,1725 2513,1725 2603,1725 2692,1731 2782,1731 2871,1731 2961,1731 3050,1731 3140,1737 3229,1737 3319,1737 3409,1731 3498,1731 3516,1731"/>
                <TextEquiv>
                    <Unicode>tage li dessus. La faute en est surtout à moi. A vrai dire -</Unicode>
                </TextEquiv>
            </TextLine>
            <TextLine id="tr_1_tl_4" custom="readingOrder {index:3;}">
                <Coords points="601,1861 3517,1934 3513,1800 3323,1774 2086,1827 1694,1724 598,1724"/>
                <Baseline points="620,1838 710,1844 800,1844 889,1850 979,1850 1068,1850 1158,1856 1247,1856 1337,1862 1426,1862 1516,1862 1606,1862 1695,1862 1785,1868 1874,1868 1964,1868 2053,1874 2143,1874 2232,1880 2322,1880 2411,1880 2501,1880 2591,1880 2680,1880 2770,1880 2859,1886 2949,1886 3038,1886 3128,1892 3217,1892 3307,1892 3397,1886 3486,1886 3528,1886"/>
                <TextEquiv>
                    <Unicode>nous ne nous entendons pas très bien Genia et moi. Et surtout</Unicode>
                </TextEquiv>
            </TextLine>
            <TextLine id="tr_1_tl_5" custom="readingOrder {index:4;}">
                <Coords points="598,2082 3034,2048 3311,2120 3308,1964 3136,1941 598,1918"/>
                <Baseline points="620,2000 710,2000 800,2006 889,2006 979,2006 1068,2011 1158,2011 1247,2011 1337,2017 1426,2011 1516,2017 1606,2017 1695,2023 1785,2023 1874,2023 1964,2029 2053,2029 2143,2029 2232,2035 2322,2035 2411,2035 2501,2035 2591,2035 2680,2041 2770,2041 2859,2041 2949,2041 3038,2041 3128,2041 3217,2041 3307,2041 3319,2041"/>
                <TextEquiv>
                    <Unicode>depuis la singulière histoire de Korsakow, que je vous ai</Unicode>
                </TextEquiv>
            </TextLine>
            <TextLine id="tr_1_tl_6" custom="readingOrder {index:5;}">
                <Coords points="598,2185 3563,2234 3532,2086 594,2086"/>
                <Baseline points="614,2155 704,2155 794,2161 883,2161 973,2161 1062,2167 1152,2167 1241,2167 1331,2167 1420,2173 1510,2173 1600,2179 1689,2179 1779,2179 1868,2179 1958,2179 2047,2185 2137,2185 2226,2185 2316,2191 2406,2191 2495,2191 2585,2191 2674,2191 2764,2191 2853,2197 2943,2191 3032,2191 3122,2197 3212,2197 3301,2197 3391,2197 3480,2197 3570,2197 3576,2191"/>
                <TextEquiv>
                    <Unicode>racontée.... Mais mon Dieu, pourquoi tant de phrases. Je veux</Unicode>
                </TextEquiv>
            </TextLine>
            <TextLine id="tr_1_tl_7" custom="readingOrder {index:6;}">
                <Coords points="601,2383 1945,2348 2451,2417 2737,2390 2790,2295 598,2219"/>
                <Baseline points="620,2310 710,2316 800,2316 889,2322 979,2322 1068,2322 1158,2322 1247,2322 1337,2328 1426,2328 1516,2328 1606,2328 1695,2334 1785,2334 1874,2340 1964,2340 2053,2340 2143,2340 2232,2340 2322,2346 2411,2346 2501,2346 2591,2346 2680,2352 2770,2346 2800,2352"/>
                <TextEquiv>
                    <Unicode>ne séparer de Genia.... et vous épouser, Erna.</Unicode>
                </TextEquiv>
            </TextLine>
            <TextLine id="tr_1_tl_8" custom="readingOrder {index:7;}">
                <Coords points="133,2516 175,2508 209,2524 263,2508 339,2508 327,2387 270,2390 251,2383 236,2394 221,2387 198,2394 152,2371 141,2383 122,2383"/>
                <Baseline points="149,2471 238,2471 328,2483 346,2483"/>
                <TextEquiv>
                    <Unicode>ERNA</Unicode>
                </TextEquiv>
            </TextLine>
            <TextLine id="tr_1_tl_9" custom="readingOrder {index:8;}">
                <Coords points="381,2497 407,2493 438,2508 453,2497 461,2505 487,2501 499,2512 525,2497 540,2505 560,2497 628,2505 624,2387 598,2387 544,2337 491,2379 457,2375 438,2387 377,2390"/>
                <Baseline points="400,2477 489,2477 579,2477 638,2483"/>
                <TextEquiv>
                    <Unicode>(rit)</Unicode>
                </TextEquiv>
            </TextLine>
            <TextLine id="tr_1_tl_10" custom="readingOrder {index:9;}">
                <Coords points="133,2661 213,2706 274,2664 350,2695 407,2668 514,2691 510,2539 430,2535 392,2508 377,2527 346,2512 304,2558 129,2558"/>
                <Baseline points="149,2626 238,2626 328,2626 417,2632 507,2638 525,2638"/>
                <TextEquiv>
                    <Unicode>FREDERIC</Unicode>
                </TextEquiv>
            </TextLine>
            <TextLine id="tr_1_tl_11" custom="readingOrder {index:10;}">
                <Coords points="586,2657 735,2634 776,2657 883,2649 1062,2729 1142,2680 1306,2710 1302,2546 1142,2520 1009,2573 933,2543 853,2565 693,2508 666,2527 582,2508"/>
                <Baseline points="608,2626 698,2632 788,2632 877,2638 967,2638 1056,2644 1146,2644 1235,2644 1313,2644"/>
                <TextEquiv>
                    <Unicode>Eh bien....?</Unicode>
                </TextEquiv>
            </TextLine>
            <TextLine id="tr_1_tl_12" custom="readingOrder {index:11;}">
                <Coords points="594,2809 3563,2855 3559,2714 3395,2790 3220,2710 594,2699"/>
                <Baseline points="614,2782 704,2788 794,2788 883,2794 973,2800 1062,2800 1152,2800 1241,2800 1331,2800 1420,2806 1510,2806 1600,2806 1689,2806 1779,2806 1868,2812 1958,2806 2047,2812 2137,2812 2226,2812 2316,2812 2406,2812 2495,2812 2585,2812 2674,2817 2764,2817 2853,2817 2943,2817 3032,2817 3122,2817 3212,2823 3301,2823 3391,2823 3480,2823 3564,2829"/>
                <TextEquiv>
                    <Unicode>C'est parce que voue avez dit tout à l'heure que vous étiez sur</Unicode>
                </TextEquiv>
            </TextLine>
            <TextLine id="tr_1_tl_13" custom="readingOrder {index:12;}">
                <Coords points="114,2885 190,2855 209,2836 232,2839 247,2824 270,2832 282,2824 339,2824 335,2721 301,2721 282,2706 274,2714 217,2714 198,2699 179,2714 156,2706 129,2729 110,2733"/>
                <Baseline points="137,2788 226,2788 316,2788 346,2800"/>
                <TextEquiv>
                    <Unicode>ERNA</Unicode>
                </TextEquiv>
            </TextLine>
            <TextLine id="tr_1_tl_14" custom="readingOrder {index:13;}">
                <Coords points="586,2954 1016,3041 1149,2980 2516,3003 2459,2889 1717,2820 1408,2900 796,2820 586,2862"/>
                <Baseline points="608,2943 698,2949 788,2955 877,2955 967,2955 1056,2955 1146,2955 1235,2955 1325,2955 1414,2955 1504,2955 1594,2955 1683,2961 1773,2961 1862,2961 1952,2961 2041,2967 2131,2967 2220,2967 2310,2967 2400,2967 2489,2967 2525,2973"/>
                <TextEquiv>
                    <Unicode>le point de commettre une betise énorme.</Unicode>
                </TextEquiv>
            </TextLine>
            <TextLine id="tr_1_tl_15" custom="readingOrder {index:14;}">
                <Coords points="114,3152 202,3144 221,3159 244,3140 304,3171 350,3152 388,3174 415,3159 468,3182 464,2954 354,2980 312,3011 263,2999 206,3034 156,3018 110,3034"/>
                <Baseline points="131,3086 220,3098 310,3098 400,3098 477,3110"/>
                <TextEquiv>
                    <Unicode>FREDERIC</Unicode>
                </TextEquiv>
            </TextLine>
            <TextLine id="tr_1_tl_16" custom="readingOrder {index:15;}">
                <Coords points="594,3125 3509,3163 3437,3026 594,3003"/>
                <Baseline points="614,3104 704,3110 794,3110 883,3110 973,3110 1062,3116 1152,3116 1241,3116 1331,3116 1420,3116 1510,3116 1600,3116 1689,3116 1779,3116 1868,3122 1958,3122 2047,3122 2137,3122 2226,3122 2316,3122 2406,3122 2495,3122 2585,3128 2674,3128 2764,3128 2853,3128 2943,3128 3032,3128 3122,3128 3212,3134 3301,3134 3391,3134 3480,3140 3516,3134"/>
                <TextEquiv>
                    <Unicode>Ce n'en est peut-être pas une, si on prend la chose comme elle</Unicode>
                </TextEquiv>
            </TextLine>
            <TextLine id="tr_1_tl_17" custom="readingOrder {index:16;}">
                <Coords points="594,3277 1899,3376 2017,3289 3589,3334 3589,3209 3429,3163 594,3182"/>
                <Baseline points="614,3259 704,3265 794,3265 883,3265 973,3271 1062,3271 1152,3271 1241,3271 1331,3271 1420,3271 1510,3271 1600,3271 1689,3277 1779,3277 1868,3277 1958,3277 2047,3277 2137,3277 2226,3277 2316,3277 2406,3283 2495,3283 2585,3283 2674,3283 2764,3283 2853,3283 2943,3289 3032,3289 3122,3289 3212,3289 3301,3289 3391,3289 3480,3289 3570,3289 3600,3295"/>
                <TextEquiv>
                    <Unicode>doit l'être. Je sais Erna, que vous ne m'aimerez pas éternelle-</Unicode>
                </TextEquiv>
            </TextLine>
        </TextRegion>
        <TextRegion id="tr_2" custom="readingOrder {index:2;}">
            <Coords points="101,3370 3629,3370 3629,5001 101,5001"/>
            <TextLine id="tr_2_tl_1" custom="readingOrder {index:0;}">
                <Coords points="586,3490 624,3483 670,3498 719,3483 769,3441 811,3448 826,3464 845,3452 872,3460 868,3350 841,3346 834,3357 754,3338 712,3369 678,3342 666,3350 636,3334 582,3342"/>
                <Baseline points="602,3420 692,3420 782,3426 871,3426 877,3426"/>
                <TextEquiv>
                    <Unicode>ment.</Unicode>
                </TextEquiv>
            </TextLine>
            <TextLine id="tr_2_tl_2" custom="readingOrder {index:1;}">
                <Coords points="114,3608 133,3608 164,3624 194,3605 225,3627 240,3627 255,3612 293,3612 282,3452 263,3452 244,3467 206,3456 194,3471 167,3464 129,3490 107,3490"/>
                <Baseline points="131,3564 220,3570 298,3576"/>
                <TextEquiv>
                    <Unicode>ERNA</Unicode>
                </TextEquiv>
            </TextLine>
            <TextLine id="tr_2_tl_3" custom="readingOrder {index:2;}">
                <Coords points="582,3608 750,3589 875,3624 925,3593 971,3627 1001,3612 1028,3635 1085,3608 1149,3635 1195,3620 1195,3479 1100,3498 1012,3471 887,3528 776,3487 582,3502"/>
                <Baseline points="602,3582 692,3582 782,3582 871,3582 961,3588 1050,3582 1140,3588 1205,3582"/>
                <TextEquiv>
                    <Unicode>Et vous fl!!</Unicode>
                </TextEquiv>
            </TextLine>
            <TextLine id="tr_2_tl_4" custom="readingOrder {index:3;}">
                <Coords points="114,3795 171,3806 247,3780 263,3795 384,3802 400,3783 472,3776 464,3662 445,3665 384,3631 316,3639 297,3662 278,3650 263,3665 152,3639 107,3654"/>
                <Baseline points="131,3719 220,3725 310,3725 400,3737 477,3749"/>
                <TextEquiv>
                    <Unicode>FREDERIC</Unicode>
                </TextEquiv>
            </TextLine>
            <TextLine id="tr_2_tl_5" custom="readingOrder {index:4;}">
                <Coords points="575,3745 1134,3841 3544,3844 3544,3578 3464,3566 2851,3684 575,3627"/>
                <Baseline points="597,3737 686,3737 776,3743 865,3743 955,3743 1044,3749 1134,3749 1223,3743 1313,3743 1403,3743 1492,3743 1582,3743 1671,3743 1761,3743 1850,3743 1940,3743 2029,3743 2119,3743 2209,3743 2298,3743 2388,3743 2477,3743 2567,3743 2656,3743 2746,3743 2835,3749 2925,3749 3014,3749 3104,3749 3194,3749 3283,3755 3373,3755 3462,3755 3552,3749"/>
                <TextEquiv>
                    <Unicode>Plutôt... Du reste, l'éternité! On monte l'année euivante sur</Unicode>
                </TextEquiv>
            </TextLine>
            <TextLine id="tr_2_tl_6" custom="readingOrder {index:5;}">
                <Coords points="563,3920 3624,3989 3589,3825 563,3806"/>
                <Baseline points="585,3892 674,3898 764,3898 853,3898 943,3898 1032,3898 1122,3898 1211,3898 1301,3898 1391,3898 1480,3898 1570,3898 1659,3892 1749,3898 1838,3898 1928,3892 2017,3898 2107,3898 2197,3898 2286,3898 2376,3898 2465,3898 2555,3898 2644,3904 2734,3904 2823,3904 2913,3904 3003,3904 3092,3910 3182,3910 3271,3910 3361,3910 3450,3910 3540,3910 3629,3916"/>
                <TextEquiv>
                    <Unicode>une petite pointe, et c'en est fini de l'éternité. Ou bien c'est</Unicode>
                </TextEquiv>
            </TextLine>
            <TextLine id="tr_2_tl_7" custom="readingOrder {index:6;}">
                <Coords points="563,4115 3471,4076 3471,3997 2900,3920 1294,4000 563,3920"/>
                <Baseline points="585,4053 674,4053 764,4053 853,4053 943,4059 1032,4059 1122,4059 1211,4053 1301,4053 1391,4053 1480,4053 1570,4053 1659,4053 1749,4053 1838,4053 1928,4053 2017,4047 2107,4053 2197,4053 2286,4053 2376,4053 2465,4053 2555,4059 2644,4059 2734,4059 2823,4059 2913,4059 3003,4065 3092,4065 3182,4065 3271,4065 3361,4065 3450,4071 3480,4071"/>
                <TextEquiv>
                    <Unicode>alors qu'elle commence. Pour ce que cela signifie! Je sais</Unicode>
                </TextEquiv>
            </TextLine>
            <TextLine id="tr_2_tl_8" custom="readingOrder {index:7;}">
                <Coords points="571,4278 3612,4309 3612,4134 3243,4061 2798,4179 2485,4080 2139,4164 1915,4084 571,4130"/>
                <Baseline points="591,4215 680,4209 770,4215 859,4215 949,4215 1038,4215 1128,4215 1217,4215 1307,4215 1397,4215 1486,4209 1576,4209 1665,4215 1755,4209 1844,4209 1934,4209 2023,4215 2113,4215 2203,4209 2292,4215 2382,4209 2471,4209 2561,4215 2650,4215 2740,4215 2829,4215 2919,4215 3009,4220 3098,4220 3188,4220 3277,4220 3367,4220 3456,4226 3546,4226 3617,4226"/>
                <TextEquiv>
                    <Unicode>seulement, mais de ceci j'en suis bien certain, c'est que il ne peux</Unicode>
                </TextEquiv>
            </TextLine>
            <TextLine id="tr_2_tl_9" custom="readingOrder {index:8;}">
                <Coords points="552,4461 3601,4457 3506,4293 552,4282"/>
                <Baseline points="573,4376 662,4370 752,4370 841,4370 931,4370 1020,4370 1110,4370 1200,4364 1289,4364 1379,4364 1468,4364 1558,4364 1647,4364 1737,4364 1826,4364 1916,4364 2006,4364 2095,4358 2185,4358 2274,4358 2364,4364 2453,4364 2543,4364 2632,4364 2722,4364 2812,4364 2901,4370 2991,4370 3080,4370 3170,4376 3259,4376 3349,4382 3438,4382 3528,4382 3612,4382"/>
                <TextEquiv>
                    <Unicode>plus exister sans vous. Je meura du désir de vous, je ne pourrai</Unicode>
                </TextEquiv>
            </TextLine>
            <TextLine id="tr_2_tl_10" custom="readingOrder {index:9;}">
                <Coords points="540,4598 3410,4625 3410,4472 3003,4419 540,4461"/>
                <Baseline points="561,4537 650,4531 740,4531 829,4531 919,4531 1008,4531 1098,4531 1188,4531 1277,4531 1367,4525 1456,4525 1546,4525 1635,4525 1725,4525 1814,4525 1904,4525 1994,4519 2083,4519 2173,4519 2262,4519 2352,4525 2441,4525 2531,4525 2620,4525 2710,4525 2800,4525 2889,4531 2979,4531 3068,4531 3158,4531 3247,4531 3337,4531 3415,4537"/>
                <TextEquiv>
                    <Unicode>plus penser à autre chose, je ne pourrai plus travailler, ni</Unicode>
                </TextEquiv>
            </TextLine>
            <TextLine id="tr_2_tl_11" custom="readingOrder {index:10;}">
                <Coords points="552,4777 3498,4727 3460,4598 552,4598"/>
                <Baseline points="573,4692 662,4686 752,4692 841,4692 931,4692 1020,4692 1110,4692 1200,4692 1289,4692 1379,4692 1468,4686 1558,4686 1647,4686 1737,4686 1826,4680 1916,4680 2006,4680 2095,4680 2185,4680 2274,4686 2364,4680 2453,4680 2543,4686 2632,4686 2722,4686 2812,4686 2901,4686 2991,4692 3080,4692 3170,4692 3259,4692 3349,4692 3438,4692 3504,4698"/>
                <TextEquiv>
                    <Unicode>m'occuper de quoi que ce soit de sérieux, avant que.... avant</Unicode>
                </TextEquiv>
            </TextLine>
            <TextLine id="tr_2_tl_12" custom="readingOrder {index:11;}">
                <Coords points="560,4921 1888,4899 2105,4990 2223,4914 2508,4963 2508,4773 2413,4739 560,4777"/>
                <Baseline points="579,4859 638,4853 728,4853 817,4853 907,4853 997,4853 1086,4853 1176,4853 1265,4853 1355,4847 1444,4841 1534,4841 1623,4841 1713,4841 1803,4841 1892,4841 1982,4835 2071,4841 2161,4841 2250,4841 2340,4835 2429,4841 2519,4835"/>
                <TextEquiv>
                    <Unicode>que je vous ai tenue dans mes bras, Erna.</Unicode>
                </TextEquiv>
            </TextLine>
            <TextLine id="tr_2_tl_13" custom="readingOrder {index:12;}">
                <Coords points="84,5043 118,5047 164,5001 202,5020 232,5009 282,5017 270,4815 240,4819 171,4876 141,4868 114,4883 76,4883"/>
                <Baseline points="101,4979 191,4985 280,4991 292,4985"/>
                <TextEquiv>
                    <Unicode>ERNA</Unicode>
                </TextEquiv>
            </TextLine>
        </TextRegion>
    </Page>
</PcGts>
