4184 5432
2159 357 2615 628 V. P.
3284 353 3502 603 1er
1745 447 1929 653 -5-
587 735 1970 948 I. - Si. Et avant-hier aussi
1987 706 3867 944 (Sourdent) Vous voiez comme elle me
2562 878 3830 1051 eisément, elle m'a un peu
673 944 981 1149 gâte!
731 1030 1088 1232 gûtte.
566 1121 3748 1400 70.- No mère est partie depuis deux heures en ville. Elle doit jouer
718 1346 1121 1494 ce soir.
1125 1355 2143 1601 (A Mme dahl et à Erna)
2172 1433 3707 1646 Ces dames othient aussi en ville
2098 1572 2681 1712 Vous diriger
813 1609 3723 1819 Jourd'hui : Je vous ai vues tantôt aller vers 1a gare pendant
854 1765 1018 1855 G.C.P.
731 1782 1593 2016 cet affreux orage.
534 1913 2853 2130 M. A.H. - Nous étions à l'enterrenent de Korsakow.
579 2114 3826 2286 co.- En effet, c'etait aujourd'hui. Et sait-on enfin nourauei il s'est
669 2266 1182 2455 suicidé?
612 2455 981 2623 No.
501 2504 3801 2783 Me MEL- nelau'un supposait aujourd'hui, au comatière, nue besuicide
874 2713 1141 2800 ait en
874 2718 2430 2935 t pour cause une umbition deçus.
513 2890 2139 3095 3/11. - Comment.... Vorsakow'
3407 2931 3596 3120 que
1942 2984 2225 3103 quittait
2730 2964 2894 3112 be
1757 3013 1954 3198 zeu
1942 3021 3744 3194 enait bien qu'il pouvait jouer seule¬
735 3029 1683 3243 Oui. Parce qu'i
484 3050 644 3243 me
2681 3136 3091 3280 Back in
710 3198 3563 3370 sond da Chopin et du Schumann, - mais pas so beethoven ni du
718 3341 2586 3559 noch... Je l'avais d'ailleurs remarqué.
509 3481 3678 3662 TTO.- Il est tout à fait invraise blable que cela puisse pousser un
694 3641 3695 3879 homme à la mort. Est-ce qu'il n'a pas laisse de lettre d'adieu.
829 3789 3723 4002 Korsa ow n'etait pas de ces hommes qui ecrivent des lettres
456 3826 743 4056 ERMA.
718 3945 1129 4150 d'adieu.
710 4130 1839 4323 oÄL. - D'où sais-tu cela
439 4043 616 4331 Kne
456 4286 3748 4524 xxx. - Il était bien trop sage, et il avait trop de goût pour cela. Il
706 4458 3797 4626 savait bien ce que veut dire: être mort. Et parce qu'il le savait
2672 4544 2898 4635 dans le dernier russe
735 4577 3719 4782 Il lui etait bien indifférent d'imaginer quelle figure fermient
698 4733 2057 4934 les gens le lendemain matin.
776 4860 3588 5090 J'ai lu quelque cart que la veille de son guide il a soupe
484 4926 755 5103 on the
706 5053 3456 5234 avec quelques amis... et qu'il était d'excellente humeur..
