<?xml version="1.0" encoding="UTF-8" standalone="yes"?>
<PcGts xmlns="http://schema.primaresearch.org/PAGE/gts/pagecontent/2013-07-15" xmlns:xsi="http://www.w3.org/2001/XMLSchema-instance" xsi:schemaLocation="http://schema.primaresearch.org/PAGE/gts/pagecontent/2013-07-15 http://schema.primaresearch.org/PAGE/gts/pagecontent/2013-07-15/pagecontent.xsd">
    <Metadata>
        <Creator>prov=READ-COOP:name=TrHtr:version=2.1.0:model_id=51170:date=15_08_2023_09:54</Creator>
        <Created>2023-05-10T15:31:08.750+02:00</Created>
        <LastChange>2023-08-15T09:54:27.894+02:00</LastChange>
        <TranskribusMetadata docId="1429075" pageId="55436978" pageNr="69" tsid="132845957" status="IN_PROGRESS" userId="64420" imgUrl="https://files.transkribus.eu/Get?id=DXBGQABLMQIQUPPRPMBKANMG&amp;fileType=view" xmlUrl="https://files.transkribus.eu/Get?id=LFNYCKDKYNMUIHDJXJXCBNAY" imageId="44710967"/>
    </Metadata>
    <Page imageFilename="1429075_0069.jpg" imageWidth="3880" imageHeight="5256">
        <ReadingOrder>
            <OrderedGroup id="ro_1711797110426" caption="Regions reading order">
                <RegionRefIndexed index="0" regionRef="tr_3"/>
                <RegionRefIndexed index="1" regionRef="tr_2"/>
                <RegionRefIndexed index="2" regionRef="tr_1"/>
            </OrderedGroup>
        </ReadingOrder>
        <TextRegion id="tr_3" custom="readingOrder {index:0;}">
            <Coords points="107,176 3601,176 3601,1771 107,1771"/>
            <TextLine id="tr_3_tl_1" custom="readingOrder {index:0;}">
                <Coords points="2776,298 2914,287 2948,252 2979,245 3005,260 3078,260 3063,61 2761,69"/>
                <Baseline points="2795,226 2884,232 2974,238 3064,244 3087,250"/>
                <TextEquiv>
                    <Unicode>V. P. v.</Unicode>
                </TextEquiv>
            </TextLine>
            <TextLine id="tr_3_tl_2" custom="readingOrder {index:1;}">
                <Coords points="1610,302 1717,302 1732,317 1770,302 1797,317 1816,302 1855,314 1881,302 1912,306 1908,180 1824,191 1763,168 1740,176 1694,161 1667,184 1633,157 1606,157"/>
                <Baseline points="1630,292 1648,286 1738,286 1827,292 1917,286"/>
                <TextEquiv>
                    <Unicode>— 65 —</Unicode>
                </TextEquiv>
            </TextLine>
            <TextLine id="tr_3_tl_3" custom="readingOrder {index:2;}">
                <Coords points="516,501 3357,505 3480,344 516,356"/>
                <Baseline points="537,436 627,436 716,436 806,436 895,441 985,436 1075,441 1164,436 1254,436 1343,436 1433,436 1523,441 1612,441 1702,447 1791,447 1881,447 1971,447 2060,447 2150,447 2239,441 2329,441 2418,441 2508,441 2598,441 2687,441 2777,441 2866,441 2956,441 3046,441 3135,441 3225,441 3314,436 3404,436 3488,436"/>
                <TextEquiv>
                    <Unicode>Kreindl voue trouverez loi de nombreuses connaissances, M. Von</Unicode>
                </TextEquiv>
            </TextLine>
            <TextLine id="tr_3_tl_4" custom="readingOrder {index:3;}">
                <Coords points="505,616 3579,639 3518,493 2910,532 2745,447 2141,535 505,489"/>
                <Baseline points="525,591 615,591 704,591 794,591 883,591 973,597 1063,597 1152,597 1242,597 1331,597 1421,597 1511,597 1600,603 1690,603 1779,603 1869,603 1959,603 2048,603 2138,603 2227,603 2317,603 2407,603 2496,597 2586,597 2675,597 2765,597 2854,597 2944,597 3034,597 3123,597 3213,597 3302,591 3392,591 3482,591 3571,591 3583,591"/>
                <TextEquiv>
                    <Unicode>Hofreiter est là, Mme von Wahl, monsieur son fils et mademoiselle</Unicode>
                </TextEquiv>
            </TextLine>
            <TextLine id="tr_3_tl_5" custom="readingOrder {index:4;}">
                <Coords points="516,826 3426,834 3449,654 516,684"/>
                <Baseline points="537,746 627,746 716,746 806,746 895,752 985,746 1075,752 1164,752 1254,758 1343,758 1433,758 1523,758 1612,758 1702,758 1791,758 1881,764 1971,764 2060,758 2150,758 2239,758 2329,758 2418,758 2508,758 2598,758 2687,758 2777,758 2866,758 2956,752 3046,752 3135,752 3225,752 3314,752 3404,746 3458,746"/>
                <TextEquiv>
                    <Unicode>sa fille, M. le Dr Mauer, le poëte Rhon, qui se repose ici sur</Unicode>
                </TextEquiv>
            </TextLine>
            <TextLine id="tr_3_tl_6" custom="readingOrder {index:5;}">
                <Coords points="528,933 658,941 719,910 814,956 845,925 918,937 971,914 1120,937 1174,925 1174,795 1128,772 1059,792 987,772 944,795 902,769 772,811 684,780 600,826 528,830"/>
                <Baseline points="549,901 639,901 728,901 818,901 907,901 997,901 1087,901 1176,907 1182,907"/>
                <TextEquiv>
                    <Unicode>ses lauriers.</Unicode>
                </TextEquiv>
            </TextLine>
            <TextLine id="tr_3_tl_7" custom="readingOrder {index:6;}">
                <Coords points="84,1189 658,1067 2700,1086 2589,937 837,987 310,948 84,814"/>
                <Baseline points="107,1069 155,1069 244,1069 334,1063 424,1063 513,1057 549,1051 639,1057 728,1057 818,1057 907,1057 997,1063 1087,1063 1176,1063 1266,1063 1355,1063 1445,1069 1534,1069 1624,1069 1714,1069 1803,1069 1893,1069 1982,1069 2072,1069 2162,1069 2251,1069 2341,1069 2430,1069 2520,1069 2610,1063 2699,1057 2711,1063"/>
                <TextEquiv>
                    <Unicode>UL (après chaque nom) je sais.... Je sais...... je saia</Unicode>
                </TextEquiv>
            </TextLine>
            <TextLine id="tr_3_tl_8" custom="readingOrder {index:7;}">
                <Coords points="2726,1185 2948,1151 3044,1197 3116,1197 3155,1166 3384,1193 3384,1052 3346,1071 3254,1071 3223,1048 3017,1067 2956,1044 2807,1071 2726,1048"/>
                <Baseline points="2747,1152 2765,1146 2854,1134 2944,1134 3034,1140 3123,1140 3213,1140 3302,1134 3392,1140"/>
                <TextEquiv>
                    <Unicode>(Après le nom</Unicode>
                </TextEquiv>
            </TextLine>
            <TextLine id="tr_3_tl_9" custom="readingOrder {index:8;}">
                <Coords points="516,1300 547,1296 597,1254 631,1262 650,1247 730,1254 749,1243 784,1247 818,1273 834,1262 853,1277 895,1273 895,1143 811,1147 761,1120 681,1155 639,1143 616,1155 574,1124 516,1139"/>
                <Baseline points="537,1212 627,1218 716,1212 806,1212 895,1218 901,1218"/>
                <TextEquiv>
                    <Unicode>de Rhon</Unicode>
                </TextEquiv>
            </TextLine>
            <TextLine id="tr_3_tl_10" custom="readingOrder {index:9;}">
                <Coords points="922,1380 1128,1388 1220,1434 1740,1373 1835,1396 1835,1224 1786,1212 1373,1231 1189,1174 1113,1227 1017,1201 922,1227"/>
                <Baseline points="943,1290 1033,1296 1122,1302 1212,1296 1302,1296 1391,1296 1481,1296 1570,1302 1660,1302 1750,1302 1839,1308 1845,1308"/>
                <TextEquiv>
                    <Unicode>Ah, lui aussi....</Unicode>
                </TextEquiv>
            </TextLine>
            <TextLine id="tr_3_tl_11" custom="readingOrder {index:10;}">
                <Coords points="1835,1445 1889,1422 1942,1430 1965,1407 1981,1422 2030,1403 2065,1415 2099,1392 2172,1430 2252,1396 2313,1407 2313,1227 2237,1197 2183,1220 2092,1204 1988,1262 1920,1235 1874,1277 1835,1277"/>
                <Baseline points="1857,1379 1947,1379 2036,1379 2126,1379 2215,1379 2305,1385 2323,1385"/>
                <TextEquiv>
                    <Unicode>(au groom)</Unicode>
                </TextEquiv>
            </TextLine>
            <TextLine id="tr_3_tl_12" custom="readingOrder {index:11;}">
                <Coords points="2290,1556 2474,1541 2596,1579 2700,1530 2772,1572 2860,1537 2933,1572 3113,1514 3384,1533 3380,1369 3350,1361 3265,1392 2872,1357 2765,1396 2673,1357 2550,1396 2287,1392"/>
                <Baseline points="2311,1445 2401,1439 2490,1445 2580,1451 2669,1451 2759,1451 2848,1451 2938,1451 3028,1451 3117,1451 3207,1451 3296,1451 3386,1457 3392,1457"/>
                <TextEquiv>
                    <Unicode>Portez mes affaires en</Unicode>
                </TextEquiv>
            </TextLine>
            <TextLine id="tr_3_tl_13" custom="readingOrder {index:12;}">
                <Coords points="501,1629 581,1633 662,1702 681,1690 719,1694 727,1453 700,1457 673,1445 654,1461 627,1453 604,1472 558,1438 509,1457"/>
                <Baseline points="525,1600 555,1600 645,1600 734,1594"/>
                <TextEquiv>
                    <Unicode>heut</Unicode>
                </TextEquiv>
            </TextLine>
            <TextLine id="tr_3_tl_14" custom="readingOrder {index:13;}">
                <Coords points="753,1694 1442,1694 1568,1759 1900,1694 2440,1763 2680,1709 2680,1575 2547,1549 2336,1629 2050,1575 1858,1629 1656,1560 1373,1610 1204,1545 1082,1606 753,1579"/>
                <Baseline points="776,1684 806,1678 895,1678 985,1678 1075,1678 1164,1684 1254,1678 1343,1678 1433,1678 1523,1678 1612,1678 1702,1684 1791,1684 1881,1684 1971,1684 2060,1684 2150,1684 2239,1690 2329,1684 2418,1684 2508,1684 2598,1678 2687,1678"/>
                <TextEquiv>
                    <Unicode>(Comme le groom veut prendre sa requette)</Unicode>
                </TextEquiv>
            </TextLine>
            <TextLine id="tr_3_tl_15" custom="readingOrder {index:14;}">
                <Coords points="2654,1770 2719,1790 2826,1759 3009,1828 3170,1763 3208,1790 3315,1763 3415,1824 3591,1793 3591,1679 3529,1663 3434,1686 3376,1660 3334,1698 3265,1663 3185,1690 2952,1656 2845,1698 2654,1698"/>
                <Baseline points="2675,1755 2705,1750 2795,1755 2884,1755 2974,1761 3064,1761 3153,1761 3243,1761 3332,1761 3422,1755 3511,1755 3601,1750"/>
                <TextEquiv>
                    <Unicode>Ah non, je la garde</Unicode>
                </TextEquiv>
            </TextLine>
        </TextRegion>
        <TextRegion id="tr_2" custom="readingOrder {index:1;}">
            <Coords points="119,1855 3374,1855 3374,2727 119,2727"/>
            <TextLine id="tr_2_tl_1" custom="readingOrder {index:0;}">
                <Coords points="509,1939 3258,1977 3254,1828 3040,1812 505,1797"/>
                <Baseline points="531,1905 621,1911 710,1911 800,1911 889,1911 979,1911 1069,1911 1158,1911 1248,1917 1337,1911 1427,1911 1517,1911 1606,1917 1696,1917 1785,1917 1875,1917 1965,1911 2054,1911 2144,1911 2233,1911 2323,1911 2412,1911 2502,1911 2592,1917 2681,1911 2771,1911 2860,1917 2950,1917 3040,1917 3129,1911 3219,1911 3267,1911"/>
                <TextEquiv>
                    <Unicode>à la main. Ecoutez, mon bon Rosenstock, ne dites pas à Y.</Unicode>
                </TextEquiv>
            </TextLine>
            <TextLine id="tr_2_tl_2" custom="readingOrder {index:1;}">
                <Coords points="505,2099 2608,2072 3308,2160 3369,1965 505,2007"/>
                <Baseline points="525,2066 615,2066 704,2066 794,2066 883,2066 973,2066 1063,2066 1152,2066 1242,2066 1331,2066 1421,2072 1511,2072 1600,2072 1690,2072 1779,2072 1869,2078 1959,2078 2048,2078 2138,2072 2227,2072 2317,2072 2407,2072 2496,2072 2586,2066 2675,2072 2765,2066 2854,2072 2944,2072 3034,2072 3123,2066 3213,2066 3302,2066 3374,2066"/>
                <TextEquiv>
                    <Unicode>Hofreiter que je suis arrivé. A personne non plus. Je veux</Unicode>
                </TextEquiv>
            </TextLine>
            <TextLine id="tr_2_tl_3" custom="readingOrder {index:2;}">
                <Coords points="516,2225 956,2264 1036,2222 1086,2256 1667,2241 1637,2164 1384,2134 1334,2168 516,2164"/>
                <Baseline points="537,2221 627,2221 716,2221 806,2221 895,2221 985,2221 1075,2221 1164,2221 1254,2221 1343,2221 1433,2221 1523,2221 1612,2221 1678,2221"/>
                <TextEquiv>
                    <Unicode>leur faire une surprise.</Unicode>
                </TextEquiv>
            </TextLine>
            <TextLine id="tr_2_tl_4" custom="readingOrder {index:3;}">
                <Coords points="1220,2306 1292,2329 1312,2310 1380,2310 1399,2332 1541,2317 1591,2329 1625,2313 1644,2329 1698,2302 1702,2229 1660,2241 1614,2229 1564,2256 1549,2241 1510,2256 1472,2233 1407,2256 1380,2233 1350,2256 1285,2241 1224,2252"/>
                <Baseline points="1242,2305 1260,2311 1349,2305 1439,2305 1529,2299 1618,2293 1708,2287"/>
                <TextEquiv>
                    <Unicode>en course</Unicode>
                </TextEquiv>
            </TextLine>
            <TextLine id="tr_2_tl_5" custom="readingOrder {index:4;}">
                <Coords points="1889,2313 2118,2340 2218,2310 2290,2355 2390,2310 2459,2325 2482,2302 2505,2325 2566,2302 2566,2218 2478,2241 2355,2176 2229,2222 2157,2202 2122,2229 2057,2187 1996,2214 1889,2191"/>
                <Baseline points="1911,2305 1947,2305 2036,2305 2126,2305 2215,2305 2305,2299 2395,2293 2484,2293 2574,2293"/>
                <TextEquiv>
                    <Unicode>exercain</Unicode>
                </TextEquiv>
            </TextLine>
            <TextLine id="tr_2_tl_6" custom="readingOrder {index:5;}">
                <Coords points="111,2348 138,2352 164,2344 180,2355 206,2348 241,2352 249,2344 287,2348 283,2260 241,2260 222,2279 206,2267 168,2279 153,2271 107,2275"/>
                <Baseline points="131,2341 220,2341 298,2347"/>
                <TextEquiv>
                    <Unicode>or</Unicode>
                </TextEquiv>
            </TextLine>
            <TextLine id="tr_2_tl_7" custom="readingOrder {index:6;}">
                <Coords points="103,2462 145,2466 195,2420 218,2417 317,2428 340,2447 401,2417 466,2428 459,2252 386,2264 367,2287 302,2290 241,2348 99,2344"/>
                <Baseline points="119,2377 209,2377 298,2383 388,2383 471,2389"/>
                <TextEquiv>
                    <Unicode>SENSTOCK</Unicode>
                </TextEquiv>
            </TextLine>
            <TextLine id="tr_2_tl_8" custom="readingOrder {index:7;}">
                <Coords points="535,2394 857,2482 2654,2455 2654,2325 2581,2294 2298,2352 535,2302"/>
                <Baseline points="555,2383 645,2377 734,2383 824,2377 913,2377 1003,2377 1093,2377 1182,2377 1272,2383 1361,2383 1451,2383 1540,2383 1630,2383 1720,2383 1809,2377 1899,2383 1988,2377 2078,2377 2168,2377 2257,2383 2347,2383 2436,2377 2526,2377 2616,2383 2663,2383"/>
                <TextEquiv>
                    <Unicode>M. Hofreiter est depuis hier. une partie.</Unicode>
                </TextEquiv>
            </TextLine>
            <TextLine id="tr_2_tl_9" custom="readingOrder {index:8;}">
                <Coords points="524,2547 1621,2547 1812,2631 1812,2459 1702,2440 1648,2485 1281,2440 1193,2493 524,2462"/>
                <Baseline points="543,2544 567,2544 657,2538 746,2538 836,2538 925,2538 1015,2538 1104,2538 1194,2538 1284,2538 1373,2538 1463,2538 1552,2538 1642,2538 1732,2538 1821,2538"/>
                <TextEquiv>
                    <Unicode>Quelque chose d'important?</Unicode>
                </TextEquiv>
            </TextLine>
            <TextLine id="tr_2_tl_10" custom="readingOrder {index:9;}">
                <Coords points="535,2780 914,2723 1078,2807 1526,2700 1740,2799 3204,2772 3292,2761 3292,2593 535,2623"/>
                <Baseline points="555,2699 645,2699 734,2699 824,2699 913,2705 1003,2705 1093,2699 1182,2699 1272,2699 1361,2699 1451,2699 1540,2699 1630,2699 1720,2699 1809,2699 1899,2699 1988,2699 2078,2699 2168,2699 2257,2699 2347,2699 2436,2699 2526,2699 2616,2699 2705,2693 2795,2693 2884,2693 2974,2693 3064,2693 3153,2693 3243,2699 3302,2705"/>
                <TextEquiv>
                    <Unicode>Oh, non, M. Hofreiter a renoncé aux grandes ascensions - je</Unicode>
                </TextEquiv>
            </TextLine>
            <TextLine id="tr_2_tl_11" custom="readingOrder {index:10;}">
                <Coords points="99,2803 138,2818 233,2738 256,2757 302,2742 463,2757 463,2604 409,2608 379,2577 333,2589 302,2573 252,2615 226,2612 184,2638 119,2589 99,2589"/>
                <Baseline points="119,2717 203,2693 292,2699 382,2699 471,2711"/>
                <TextEquiv>
                    <Unicode>ENSTOCK</Unicode>
                </TextEquiv>
            </TextLine>
        </TextRegion>
        <TextRegion id="tr_1" custom="readingOrder {index:2;}">
            <Coords points="113,2804 3547,2804 3547,4919 113,4919"/>
            <TextLine id="tr_1_tl_1" custom="readingOrder {index:0;}">
                <Coords points="524,2860 1281,2960 3411,2937 3330,2753 524,2784"/>
                <Baseline points="543,2860 555,2854 645,2860 734,2860 824,2860 913,2860 1003,2860 1093,2860 1182,2860 1272,2860 1361,2860 1451,2860 1540,2860 1630,2860 1720,2860 1809,2860 1899,2860 1988,2854 2078,2854 2168,2854 2257,2860 2347,2854 2436,2854 2526,2854 2616,2854 2705,2854 2795,2854 2884,2854 2974,2854 3064,2854 3153,2854 3243,2854 3332,2854 3422,2854"/>
                <TextEquiv>
                    <Unicode>crois - depuis le malheur qui est arrivé il y a sept ans à la</Unicode>
                </TextEquiv>
            </TextLine>
            <TextLine id="tr_1_tl_2" custom="readingOrder {index:1;}">
                <Coords points="516,3105 3468,3090 3468,2952 3350,2921 516,2940"/>
                <Baseline points="537,3016 609,3016 698,3016 788,3022 877,3022 967,3022 1057,3022 1146,3016 1236,3016 1325,3016 1415,3016 1505,3016 1594,3016 1684,3016 1773,3016 1863,3016 1953,3016 2042,3016 2132,3016 2221,3016 2311,3016 2401,3016 2490,3010 2580,3010 2669,3010 2759,3010 2848,3010 2938,3010 3028,3010 3117,3010 3207,3016 3296,3016 3386,3022 3476,3010"/>
                <TextEquiv>
                    <Unicode>Tour Aigner. Ces messieurs sont allés d Hofbrandhütte. Il y</Unicode>
                </TextEquiv>
            </TextLine>
            <TextLine id="tr_1_tl_3" custom="readingOrder {index:2;}">
                <Coords points="516,3208 2990,3223 3323,3189 3323,3067 516,3105"/>
                <Baseline points="537,3171 627,3171 716,3171 806,3177 895,3177 985,3177 1075,3171 1164,3171 1254,3171 1343,3171 1433,3171 1523,3171 1612,3171 1702,3171 1791,3171 1881,3171 1971,3171 2060,3171 2150,3171 2239,3171 2329,3171 2418,3165 2508,3165 2598,3165 2687,3165 2777,3165 2866,3165 2956,3171 3046,3165 3135,3165 3225,3165 3314,3171 3332,3171"/>
                <TextEquiv>
                    <Unicode>aussi des dames. Mme Rhon et Mademoiselle Von Whal. Voilà</Unicode>
                </TextEquiv>
            </TextLine>
            <TextLine id="tr_1_tl_4" custom="readingOrder {index:3;}">
                <Coords points="528,3361 864,3411 952,3346 1331,3392 1449,3342 1652,3430 2340,3384 2340,3239 2241,3220 528,3250"/>
                <Baseline points="549,3344 555,3338 645,3332 734,3332 824,3332 913,3332 1003,3332 1093,3332 1182,3332 1272,3332 1361,3332 1451,3326 1540,3326 1630,3326 1720,3326 1809,3326 1899,3326 1988,3326 2078,3326 2168,3326 2257,3326 2347,3326"/>
                <TextEquiv>
                    <Unicode>justement la mère de cette demoiselle.</Unicode>
                </TextEquiv>
            </TextLine>
            <TextLine id="tr_1_tl_5" custom="readingOrder {index:4;}">
                <Coords points="153,3529 2979,3587 3208,3537 3208,3376 153,3411"/>
                <Baseline points="173,3494 262,3488 352,3488 441,3488 531,3488 621,3488 710,3488 800,3488 889,3488 979,3488 1069,3488 1158,3488 1248,3488 1337,3488 1427,3488 1517,3488 1606,3482 1696,3482 1785,3482 1875,3482 1965,3482 2054,3482 2144,3482 2233,3488 2323,3482 2412,3482 2502,3488 2592,3482 2681,3482 2771,3482 2860,3488 2950,3482 3040,3482 3129,3482 3219,3482"/>
                <TextEquiv>
                    <Unicode>ueli (descend les escaliers dans uneawilette d'été un peu jeune).</Unicode>
                </TextEquiv>
            </TextLine>
            <TextLine id="tr_1_tl_6" custom="readingOrder {index:5;}">
                <Coords points="92,3724 275,3671 386,3717 528,3675 650,3747 853,3717 906,3755 1044,3751 1044,3560 811,3610 715,3568 616,3564 554,3602 382,3548 344,3575 180,3537 92,3560"/>
                <Baseline points="113,3649 203,3649 292,3643 382,3643 471,3643 561,3643 651,3643 740,3649 830,3649 919,3643 1009,3643 1051,3649"/>
                <TextEquiv>
                    <Unicode>1L (allant vers elle)</Unicode>
                </TextEquiv>
            </TextLine>
            <TextLine id="tr_1_tl_7" custom="readingOrder {index:6;}">
                <Coords points="1078,3763 1346,3728 1392,3766 1442,3740 1660,3801 1725,3751 1835,3782 1954,3724 2099,3740 2099,3594 1981,3552 1759,3571 1606,3636 1411,3598 1327,3644 1170,3591 1078,3617"/>
                <Baseline points="1098,3715 1188,3721 1278,3721 1367,3715 1457,3715 1546,3721 1636,3715 1726,3721 1815,3715 1905,3721 1994,3715 2084,3721 2108,3721"/>
                <TextEquiv>
                    <Unicode>Mes hommages, Madame.</Unicode>
                </TextEquiv>
            </TextLine>
            <TextLine id="tr_1_tl_8" custom="readingOrder {index:7;}">
                <Coords points="157,3919 237,3912 287,3954 325,3950 340,3961 363,3954 356,3755 317,3763 271,3736 241,3736 214,3763 195,3763 176,3747 149,3751"/>
                <Baseline points="173,3876 262,3876 352,3882 370,3882"/>
                <TextEquiv>
                    <Unicode>WAH1</Unicode>
                </TextEquiv>
            </TextLine>
            <TextLine id="tr_1_tl_9" custom="readingOrder {index:8;}">
                <Coords points="509,3977 746,3896 822,3931 1289,3885 1709,3927 1709,3801 1522,3774 937,3824 654,3778 509,3824"/>
                <Baseline points="531,3888 549,3882 639,3888 728,3888 818,3882 907,3882 997,3882 1087,3882 1176,3882 1266,3882 1355,3882 1445,3882 1534,3876 1624,3876 1714,3876"/>
                <TextEquiv>
                    <Unicode>Ah, bonjour mon cher Paul</Unicode>
                </TextEquiv>
            </TextLine>
            <TextLine id="tr_1_tl_10" custom="readingOrder {index:9;}">
                <Coords points="1740,4046 1809,4030 1843,4053 1916,4026 2011,4061 2061,4034 2313,4072 2386,4053 2386,3862 2290,3877 2141,3847 2103,3870 1920,3740 1740,3797"/>
                <Baseline points="1761,3947 1851,3942 1941,3947 2030,3947 2120,3953 2209,3947 2299,3942 2389,3953 2395,3953"/>
                <TextEquiv>
                    <Unicode>(à Rosenstock)</Unicode>
                </TextEquiv>
            </TextLine>
            <TextLine id="tr_1_tl_11" custom="readingOrder {index:10;}">
                <Coords points="2375,4057 2577,4026 2665,4111 2807,4049 3212,4038 3308,4095 3468,4034 3468,3916 3120,3954 2990,3896 2772,3919 2642,3873 2570,3908 2375,3862"/>
                <Baseline points="2395,4025 2484,4019 2574,4025 2663,4025 2753,4025 2843,4025 2932,4025 3022,4025 3111,4025 3201,4019 3290,4019 3380,4019 3470,4031 3476,4031"/>
                <TextEquiv>
                    <Unicode>Ils ne sont pas encore</Unicode>
                </TextEquiv>
            </TextLine>
            <TextLine id="tr_1_tl_12" custom="readingOrder {index:11;}">
                <Coords points="509,4252 639,4202 711,4237 749,4214 780,4241 822,4221 922,4225 944,4202 1052,4210 1090,4195 1090,4084 1044,4095 994,4065 887,4084 799,4042 734,4046 509,4145"/>
                <Baseline points="531,4198 621,4192 710,4192 800,4192 889,4192 979,4192 1069,4198 1098,4198"/>
                <TextEquiv>
                    <Unicode>de retour?</Unicode>
                </TextEquiv>
            </TextLine>
            <TextLine id="tr_1_tl_13" custom="readingOrder {index:12;}">
                <Coords points="103,4378 1411,4371 1411,4286 1323,4263 826,4271 749,4225 577,4283 245,4237 103,4275"/>
                <Baseline points="125,4342 215,4342 304,4348 394,4348 483,4354 573,4348 662,4354 752,4354 842,4354 931,4354 1021,4354 1110,4348 1200,4348 1290,4348 1379,4348 1421,4354"/>
                <TextEquiv>
                    <Unicode>ENSTOCK Pas encore Madame.</Unicode>
                </TextEquiv>
            </TextLine>
            <TextLine id="tr_1_tl_14" custom="readingOrder {index:13;}">
                <Coords points="122,4585 359,4554 532,4592 554,4577 608,4608 769,4581 769,4367 696,4363 650,4397 547,4378 122,4390"/>
                <Baseline points="143,4509 232,4509 322,4509 412,4515 501,4509 591,4509 680,4509 770,4515 776,4515"/>
                <TextEquiv>
                    <Unicode>WAHL (à Paul)</Unicode>
                </TextEquiv>
            </TextLine>
            <TextLine id="tr_1_tl_15" custom="readingOrder {index:14;}">
                <Coords points="780,4615 3361,4627 3491,4615 3495,4474 1166,4550 784,4466"/>
                <Baseline points="800,4587 812,4587 901,4587 991,4581 1081,4581 1170,4581 1260,4581 1349,4581 1439,4581 1529,4575 1618,4575 1708,4575 1797,4575 1887,4575 1976,4575 2066,4575 2156,4569 2245,4569 2335,4569 2424,4569 2514,4569 2604,4569 2693,4569 2783,4569 2872,4569 2962,4563 3052,4563 3141,4569 3231,4569 3320,4563 3410,4563 3500,4563"/>
                <TextEquiv>
                    <Unicode>Je suis au désespoir.... enfin pas précisément au déses-</Unicode>
                </TextEquiv>
            </TextLine>
            <TextLine id="tr_1_tl_16" custom="readingOrder {index:15;}">
                <Coords points="497,4757 3166,4791 3361,4761 3361,4631 497,4657"/>
                <Baseline points="519,4748 591,4748 680,4748 770,4748 860,4748 949,4748 1039,4742 1128,4742 1218,4742 1308,4736 1397,4736 1487,4736 1576,4736 1666,4730 1755,4730 1845,4730 1935,4724 2024,4724 2114,4724 2203,4724 2293,4724 2383,4724 2472,4730 2562,4730 2651,4730 2741,4730 2831,4730 2920,4730 3010,4724 3099,4724 3189,4724 3279,4724 3368,4730"/>
                <TextEquiv>
                    <Unicode>poir..... Mais très sérieusement préoccupée....... Erna est</Unicode>
                </TextEquiv>
            </TextLine>
            <TextLine id="tr_1_tl_17" custom="readingOrder {index:16;}">
                <Coords points="283,4864 367,4906 466,4860 509,4891 558,4845 1247,4849 1369,4829 1373,4772 826,4745 619,4787 409,4738 287,4780"/>
                <Baseline points="304,4861 394,4861 483,4849 573,4843 662,4837 752,4825 842,4825 931,4825 1021,4819 1110,4819 1200,4825 1290,4819 1379,4819"/>
                <TextEquiv>
                    <Unicode>en conelx curtion</Unicode>
                </TextEquiv>
            </TextLine>
            <TextLine id="tr_1_tl_18" custom="readingOrder {index:17;}">
                <Coords points="520,4990 1927,4894 2665,4975 2799,4887 3541,4967 3541,4806 2535,4745 524,4856"/>
                <Baseline points="543,4909 591,4903 680,4909 770,4903 860,4903 949,4903 1039,4903 1128,4897 1218,4897 1308,4891 1397,4891 1487,4891 1576,4891 1666,4891 1755,4891 1845,4885 1935,4885 2024,4885 2114,4885 2203,4885 2293,4885 2383,4885 2472,4885 2562,4879 2651,4885 2741,4885 2831,4885 2920,4885 3010,4885 3099,4885 3189,4885 3279,4885 3368,4885 3458,4885 3547,4885"/>
                <TextEquiv>
                    <Unicode>depuis hier dans une partie. Elle aurait dû être de retour pour</Unicode>
                </TextEquiv>
            </TextLine>
        </TextRegion>
    </Page>
</PcGts>
