3848 5240
1554 164 1865 348 — 99 —
164 307 1910 614 Mme WaHL.- Mais c'est extraordinaire.
131 577 442 716 ADELE.
139 703 483 879 GUSTAVE
544 626 1080 900 quoi donc?
143 871 474 1051 GENIA.—
151 998 3407 1178 dame wAHL (lit). "Depuis quelques jours circule dans le monde viennois
425 1121 3407 1227 un bruit qui prend de plus en plus de consistance, et que nous
417 1202 3174 1305 " reproduisons ici - naturellement sous toutes réserves. Il
425 1252 3452 1387 " s'agit du outside d'un virtuose célèbre, qui a cause une grande
495 1354 3378 1448 sensation au commence ent de l'été, et kontala reisen est res-
532 1452 3603 1554 tés obscure malgré l'explication, commode nais insuffisante, de suo
110 1432 3362 1624 a été donnée xxx crise d'alienation aigtte. Le bruit auquel nous faisons al-
515 1595 3252 1685 lusion attribue xyzxosde ce leuide à un duel américain
503 1632 3403 1775 duel dont la décision n'aurait pas été obtenue, comme on sait,
515 1742 3366 1861 par une boule blanche et une noire, mais par deux blanches et
503 1828 1014 2004 une rouge"
1080 1836 3325 2061 Deux blanches et une rouge, - qu'est-ce que cela
405 1971 945 2205 signifie?
1534 2135 2372 2352 (silence penible)
155 2294 3350 2515 GENIA.- (tranquillement) Il s'agit de la partie de billard qui a été
438 2499 3382 2663 jouée avec Korsakow et que mon mari a perdue. Si cela avait ete
417 2658 3411 2826 un duel américain... Frédéric aurait dû se tuer - n'est-ce pas Y
609 2789 1063 2994 (silence)
172 2896 3464 3149 STANZIDES. - Il est incroyable qu'on soit desarme contre de telles infa¬
413 3129 2540 3292 mies. D'autant plus que personne n'est nommé.
164 3252 1583 3456 orinisten. - On s'en gardera bien.
168 3395 3378 3628 (qui a enfin compris) Ah, cette partie de billard... natu-
421 3583 3423 3755 rellement. madame Genia, vous nous avez raconte cela. Votre mari
425 3697 3313 3914 a envoyé les oigares à Korsakow le lendemain de bonne heure à
417 3877 3292 4078 son hôtel... Mais réellement vous savez! Je puis être témoin
429 4057 1358 4274 devant la justice!
155 4225 3350 4401 GUSTAVE.— Tu n'auras pas besoin d'être témoin, mawan. Personne ne te
417 4372 1063 4573 le demandera.
859 4466 3489 4736 (Adèle et Stanzides ont pris le chemin du tennis et dis-
843 4618 2462 4838 paraissent peut à peu de la soène)
139 4654 3358 5002 Mme nABL.- C'est vraiment extraordinaire... Comment sein est-ilf dans
