3768 5224
1629 199 1960 357 - 68 -
610 331 3036 579 Maie le tri n'est pas encore fait, M. von Serknitz.
606 546 3367 752 Le tri: Racontez ça à d'autres, je trierais tout le paquet
610 677 3439 911 en un quart d'heure. Si à mon bureau j'avais besoin de tant
606 832 3443 1016 de temps pour trier mes lettres; - voilà bien la nonchalence
606 1001 3454 1163 autrichienne. Et on se plaint qu'il n'y a pas de voyageurs.
606 1155 3559 1321 Nous ne nous plaignons pas M. von Sääknitz. Nous sommes débor-
591 1309 839 1475 dés.
594 1418 3112 1686 Je veux dire que vous ne méritez pas votre beau pays.
594 1656 2837 1776 Mais nous l'avons tout de même M. von Kerknitz.
587 1780 3612 1926 Je vous fais grâce du "von". Je ne coupe pas dans ces sornettes
583 1930 3571 2096 D'ailleurs je ne viens pas précisément pour la poste? Je viens
583 2073 1351 2280 pour mon linge.
594 2212 2784 2400 Pardon M. Serknitz, ce n'est pas à moi.......
587 2378 3548 2577 A vous ou à un autre. La femme de charbre de l'étage m'adresse
583 2547 3236 2754 au bureau; depuis trois jours j'attends mon linge.
591 2728 3544 2912 Je regrette beaucoup. Voici précisément Monsieur le Directeur.
583 2863 2374 3033 Il n'est pas seul - comme d'habitude.
406 3025 613 3217 itiétä
658 2987 3514 3172 (vient justement de dehors avec une très belle espagnole dont
670 3145 1415 3315 il prend congé)
342 3273 1979 3484 NOLE (va vers l'ascenseur et monte)
361 3431 3296 3586 AIGNER (Un homme de 50 ans au moins, très bien encore. Elégant,
730 3514 3559 3638 costume de montagne, avec canne, cheveux noirs un peu grison-
730 3616 3627 3793 rants, moustache, monoole; aimable avec une légère affection
719 3695 1505 3826 Pas de chapeau).
625 3800 2020 3973 Monsieur le Directeur......
354 3939 1189 4158 (politesse voulue)
1227 4056 2126 4240 Tout de suite......
2141 4109 2773 4285 (à Rosenstock)
2799 4184 3198 4413 Von bon
666 4391 3382 4568 Rosenstock, S. Excellence Wondra arrive demain au lieu de
636 4519 3172 4699 Jeudi, et il lui faut quatre chambres, vous le savez.
71 4654 474 4936 SENSTOCK
606 4669 3578 4884 Quatre chambres, monsieur le Directeur, pour demain.... Comment
606 4827 3604 4982 faire? Je ne peux pourtant pas... encusez-moi M. le Directeur,
