4152 5432
1256 384 1494 569 V. P.
1021 400 1199 622 Votre très de
2257 388 3044 646 1 1/4
1898 404 2132 614 -26-
807 634 3642 840 ce qu'il y a dedans. C'est peut-être en russe? Quelle petite
799 824 2180 1009 écriture. On y perd ses yeux.
545 957 1195 1171 GENIA.- Lis.
533 1114 3690 1320 FREDERIO.- (sur la véranda. Allume les lampes, se place auprès, met
1223 1231 2778 1397 ses lorgnons et commence à lire.)
525 1385 3702 1571 GENIA.- (le suit lentement et s'arrête sur les marches inférieures)
549 1522 2532 1740 FREDERIC. - (lisant) “Soyez heureuse Cenia”.
2544 1567 3803 1772 (continue de lire des yeux.
1219 1696 2346 1877 Puis la regarde étonné).
2394 1736 3807 1950 uoi? Tu ne savais pas qu’il...
856 1906 2285 2087 uand as-tu reçu cette lettre?
533 1966 3779 2293 CENIA.- Une heure avant que tu m'aies apporte la nouvelle qu'il était
799 2249 1078 2394 mort.
525 2370 3719 2572 FRETERIC.- Donc tu le savais déjà quand je suis revenu à la maison?
807 2515 3714 2669 Ce qu'on est... eh bien, au risque de passer pour un imbécile,
799 2665 3771 2863 je dois dire que je n'ai rien remarqué chez toi, pas le moindre
799 2863 1328 3024 trouble...
1332 2875 3771 3113 (Il continue de lire des yeux; puis il regarde comme
1223 3016 2693 3182 étonné, puis il lit à mi-voix).
2758 3077 3682 3270 vous avez peut-être
812 3234 3714 3428 raison de vous refuser à mon désir teméraire. Nous deux n'e¬
884 3383 3791 3569 tions pas créés pour le mensonge... Moi peut-être; vous non...
807 3525 3674 3735 "Malgré tout.... ". Malgré  tout... Tu lui as donc raconté mes
807 3714 1175 3868 torts?
525 3832 1978 4046 GENIA.- (regard interrogateur)
521 3928 3614 4219 FREDERIC.- (lisant) "C'est Lui"- aveo un grand L. très flatteur -
795 4175 3852 4312 " que vous ne voulez pas abandonner, malgré tout, je le comprends
799 4336 3767 4461 m à cette heure. Vous l'aimez, Génia, vous l’aissez encore votre
787 4441 3682 4671 " mari, c'est là le mot de l'enigne. Et peut-être ce que onze
807 4655 3650 4849 désigne par le mot insensé de...”.. je ne peux absolument
795 4801 1397 4998 plus lire...
908 4934 2604 5116 "Par le mot insensé de fidelité"...
517 4857 844 5120 GENIA.
