3784 5256
1490 240 1789 366 - 59 -
673 336 1870 580 Moi..... J'y réfléchirai.
351 547 2676 699 DE CHAMBRE (vient avec le pardessus et la valise)
676 717 3430 898 Allons, adieu madame Genia. (Il prend également congé des
2314 802 2665 920 autres)
676 935 3563 1076 Adieu, mesdames, messieurs. Eh bien qu'allez-vous faire tous
669 1053 1334 1279 aujourd'hui?
673 1216 3608 1397 J'ai une idée. Nous pourrions faire une promenade au clair de
676 1371 2484 1597 lune jusqu'au couvent d'Heiligenkrens.
684 1560 1604 1726 J'irais volontiers.
100 1571 299 1730 ERNA
673 1704 1205 1856 A pied -?
92 1711 481 1889 Mme 7r.
676 1837 3474 2059 Ce n'est pas nécessaire. Je vous renvoie l'autode la gare.
100 1852 484 2033 FREDERIC
636 2014 2488 2173 Hourrah, pour le généreux bienfaiteur!
92 2040 329 2214 PAUL
632 2184 3563 2347 Pas d'ovation s'il vous plait, Allons adieu. Amusez-vous bien
85 2177 481 2414 FREDERIC
636 2329 1841 2510 en tous cas. Adieu Genia
1819 2380 3589 2539 (Il lui prend encore une fois la main
1101 2502 2898 2665 qu'elle laisse retomber indifférente).
92 2628 1977 2813 FREDURIC et MAUER sortent par la Maison)
103 2780 1161 2983 CENIA (reste immobile)
654 2939 2488 3131 Mme VAHL (sont près les uns des autres)
111 2946 617 3131 PAUL, ERNA,
103 3112 2998 3282 OTTO et Mme MEINHOUD (échangent un bref regard d'intelligence)
111 3260 1456 3471 OTTO (à Genia, prenant congé)
1478 3316 2624 3526 Madame, permettez-nous -
100 3500 1896 3711 GENIA (vivement, sortant de sa torpeur
1904 3563 3526 3744 Vous voulez partir? et vous aussi
636 3693 3519 3911 Madame? Mais pourquoi? Nous pouvons tenir tous aisément dans
636 3870 1013 4055 l'auto.
643 4036 3556 4225 naturellement! M. Kreo,dl s'assiera devant, près du chauffeur.
103 4044 303 4247 ERNA
636 4203 1286 4380 Avec bonheur.
85 4225 307 4365 PAUL
636 4302 3463 4535 Je me permettrai seulement de vous faire remarquer qu'il se
137 4354 370 4613 OTTO
632 4535 3600 4691 présente une difficulté pour notre promenade au clair de lune :
632 4687 2284 4864 nous sommes dans la nouvelle lune.
621 4809 2972 5020 Les étoiles nous suffiront au besoin, lisutenant.
100 4816 359 5016 ERNA
