4136 5272
1645 259 1991 430 à 44 -
929 430 2372 663 Nous allions précisément......
472 544 762 826 NATTER
933 643 3617 800 Volontiers........ Est-ce que le capitaine Sranzides est
929 834 1493 959 encore là?
445 944 857 1108 FREDERIO
937 990 1835 1119 Oui, naturellement.
918 1142 3130 1317 Je veux l'inviter avec mous au théâtre.
457 1119 765 1302 UATTER
3126 1180 3549 1355 (A Adèle)
921 1302 3705 1462 Si tu n'y vois pas d'inconvénient. J'ai pris une loge pour
929 1409 2977 1668 aujourd'hui
2026 1572 3469 1721 (Mauer et Erna vers la droite)
445 1649 849 1828 FREDERIC
902 1679 3343 1892 Alors ça vous amuse de voir (ud spectables canaille¬
438 1828 765 1968 NAITER
906 1812 1630 1995 Pourquoi pas?
902 1957 3914 2132 Il n'y a rien au monde qui ne l'amuse. Il n'v a pas de meilleur
423 1965 712 2147 ADELE
887 2106 1965 2300 public que mon mari! -
891 2296 3598 2471 Oui c'est vrai. Je trouve la vie très drôle. Je m'amuse
430 2269 750 2460 UATTER
887 2425 3214 2620 royalement. Toujours. En toutes circonstances!
1268 2601 3606 2802 (Frédéric, Adèle, Natter entrent dans la maison).
1439 2753 3625 2951 MAUER, ERNA (qui étaient déjà en conversation)
887 2920 2646 3111 Et comment le malheur est-il arrivé?
411 2859 678 3076 ERNA
880 3057 3621 3263 Une pierre s'est probablement détachée sous ses pieds.....
415 3065 689 3244 MAUER
880 3229 3914 3385 C'était en descendant de la “Tour Aigner” Frédéric allait devant
868 3408 3823 3564 Il entend tout à coup un vacarme affreux au dessus de lui. Au
2265 3511 3118 3640 se détachent, et
857 3552 3853 3728 même moment des blocs énormes roulaient à côté, et après sur le
1687 3651 2064 3773 les suit
857 3716 2132 3849 pauvre Bernaupt lui-même.
2163 3697 3857 3906 Frédéric ne parle pas volontiers de
868 3868 3720 4013 cette histoire, bien qu'il affecte de se mettre au dessus de
857 4009 3918 4192 tout. Cette aventure avait fait sur lui une terrible impression.
404 4135 609 4325 ERNA
868 4173 1538 4344 Vous croyez?
385 4333 693 4504 MAUER
845 4322 3678 4493 La meilleure preuve en est que depuis lors, il n'a plus fait
845 4466 2574 4706 aucune ascension. d'alpirisme.
388 4626 605 4828 ERNA
830 4630 3236 4874 Eh bien - nous ferons la “Your Aigner” cetteannée.
407 4786 651 5014 MAUER
830 4816 2905 4976 Vouq y réfléchrez bien, mademoiselle Erna.
