4152 5432
1925 325 2179 463 - 36 -
1974 429 2164 642 ƒ
2459 425 2683 664 1:1
433 451 1164 802 DÉLE. (à Genia)
1153 616 3321 817 Eh bien quand Prercy revient-il Madame Genia?
888 784 3728 1019 Il doit être là dans quinze jours. Il faudra alors que vous
433 784 739 1037 GERIA.
892 959 2981 1145 ameniez une fois vos enfants, n'est-ce pas?
888 1131 3851 1336 Très volontiers, si vous le permettez. et si votre grand garçon
422 1119 705 1328 ADELE.
899 1261 2694 1444 daigne encore jouer avec des gosses.
761 1429 3578 1616 (Le Dr Mauer arrive avec Stanzides en uniforme. Salutations)
440 1582 1369 1802 CENIA. (à Stanzides)
1407 1668 3757 1884 Nous sommes très heureux de vous revoir parmi nous
425 1780 1884 2034 FREDERIC. Comment va le bras?
899 1981 3899 2157 Merci de votre sollicitude. Mon éminent docteur vient justement
433 1989 851 2220 STANZIDES
888 2119 3851 2325 de me le passer pour la dernière Tois... (il met amicalement le
888 2325 2153 2522 bras sur l'épaule de Mauer
2246 2343 3884 2575 Mais pour le tennis il n’y a encore
869 2496 1567 2720 Dien à faire.
418 2675 705 2888 MAUER;
858 2675 1780 2884 Cela viendra aussi.
414 2839 1280 3019 STANZIDES (à Adèle)
1369 2907 3798 3134 Vous êtes prête à la lutte madame? Je viens d'avoir
851 3063 3190 3272 le plaisir de rencontrer votre mari dans le parc.
888 3235 3828 3422 Eh bien Mauer, que deviens-tu, on ne te voit plus. Je croyais
429 3108 843 3422 FREDERIC
888 3381 2754 3556 même que tu étais déjà partien montagale
892 3519 3847 3698 Je viens justement pour prendre congé de tous. Je pars demain.
422 3530 690 3713 MAUER
884 3713 1224 3858 Pour«?
422 3728 694 3888 GENIA
888 3813 3597 4067 Pour Toblach. De là je ferai une tournée par les cols de
414 3869 694 4052 MAUER
892 4048 1847 4190 Falzarego - PordoI -
463 4164 1735 4328 EREDERIC. Emmène-moi Mauer 1
1265 4142 2492 4422 für peux et si tu veux
414 4313 694 4530 MAUER
888 4310 2437 4526 Oui, la peu-tu et le veux-tu 1.
903 4481 3269 4675 Pourquoi ne le pourrai-je pas...? Tu pars demain?
433 4474 825 4686 FREDERIC
440 4657 705 4828 MAUER
877 4653 2388 4873 Dans la matinée; par l'express.
444 4817 690 5022 ERNA
713 4806 1112 4966 (à Mauer)
1160 4862 3825 5078 Et quand aurons-nous le plaisir de vous saluer au Völser
840 5015 1246 5175 Weiher?
