4184 5368
2998 197 3433 439 " „ „
3583 209 3771 468 P.S
1836 389 2091 535 -12a-
468 502 3767 815 FREDERIV., Oui, si on etait seulement sûr de se revoir!... Je ne parle
740 782 3713 962 jamais de choses aussi éloignées... trois ans!... Pensez donc à
748 920 3709 1158 tout ce qui peut se passer d'ici là. On n'a pas tous les atouts
723 1075 3654 1275 dans la main. Il y a des évènements contre lesquels toutes les
744 1217 3044 1430 prévisions échouent... et toutes les précautions.
431 1397 3792 1585 UATTER.- Et précisément la prudence ne doit pas être la principale qua-
732 1526 1656 1727 lite du Lieutenant.
426 1664 757 1865 Orno.
832 1677 2350 1886 Je le crains moi-même M. Natter.
460 1844 3621 2099 FRADERIC.- Vous ne pouvez pas savoir vous-même, Otto, si vous êtes
732 2020 3763 2233 prudent par nature, ou non... Dans une profession comme la vôtre,
728 2216 3725 2387 qui est basée sur la discipline et la tenue, on n'a,
736 2342 3734 2509 pour ainsi dire, aucune occasion d'apprendre à se connaître soi-
736 2505 1978 2697 même. Ne croyez-vous pas
477 2647 3725 2847 NAUER.- Voilà assez de philosophie pour cette dernière heure du soir.
1162 2827 1601 3052 (A Otto)
1627 2793 3412 3098 Nous faisant ou ensemble, je crois.
456 3023 3721 3257 FREDERIC.- (sans s'occuper de cette intervention) Je ne doute naturel¬
723 3203 3692 3391 lement pas que vous soyez prêt en tout temps à donner votre vie
740 3332 3771 3542 pour l'Empereur et le Pays, et aussi pour de plus petites choses,
728 3521 3751 3680 mais alors la contrainte extérieure joue un certain rôle dans ce
723 3680 3650 3897 sachifice. Mais dans le fond de votre âme, tout à fait dans 1e
736 3843 2233 4010 fonc, Otto, vous êtes un lâche.
1643 3968 2467 4165 (profond silence)
460 4152 2914 4369 OTTO. - Je n'ai pas très bien compris, n'est-ce pas?
452 4323 3634 4545 FREDERIC.- Je ne sais pas ce que vous avez com ris. Je vais en tous
736 4499 2647 4721 cas vous le répôter: vous êtes un lâche.
460 4650 1635 4888 OTTO.- (un pas vers lui)
464 4813 1953 5059 FREDERIC. - (rapidement de même)
564 4942 2137 5222 TO. - Vous aurez de mes nouvelles.
