3720 5240
1566 180 1860 405 - 72 —
535 325 2693 581 Elle? Hier vous m'en avez montré une autre.
546 527 3503 680 Hier c'était une autre. Ah c'est un homme ça! Vous n'avez pas
550 691 3430 902 une idée des ravages qu'il a fait dans tout le pays? Dites-
523 879 3358 1043 moi, madame, est-ce que la ressemblance du maître d'hôtelet
539 993 2418 1169 d'Aigner ne vous a pas encore frappée?
546 1177 3511 1341 Vous croyez? Vous pensez que ce maitre d'hôtel est son fils?
248 1184 439 1364 WAhl.
535 1295 3404 1494 Son nevem pour le moins - C'est même un oncle à qui ses sci
546 1471 1792 1677 dteant neveux rassemblent.
562 1604 3423 1811 Vous êtes en humeur de faire des noter l'esprit!— Ils auraient
80 1543 432 1814 König
539 1788 3427 1979 dû être là pour le lunch, et maintenant il est cinq heures et
535 1933 3167 2143 demie. Je me reproche de ne pas les avoir accompagnés.
84 2013 267 2273 HON
546 2112 3262 2269 Vous avez tort, madame. Qu'auriez-vous pu faire pour les
546 2219 3488 2426 sauver? Nous aurions seulement une victime de plus à pleurer.
550 2433 3553 2578 Vos plaisanteries sont odieuses. Vous semblez ouolier que votre
88 2307 432 2594 Kreisä
550 2559 3430 2747 femme y est aussi. Comment peut-on abandonner sa femme ausei
539 2743 1112 2899 longtemps?
76 2873 267 3106 HON
546 2838 3564 3060 Vous savez, madame Wahl que je n'aime pas les ascensions. Il nous
539 3029 3400 3228 manque le talent pour les choses pratiques, je veux dire. Et
546 3194 1929 3392 ensuite, j'éoris une tragédie.
88 3335 359 3545 herminer.
401 3316 1318 3530 (revient vers eux)
535 3530 3446 3698 Ils doivent certainement etre revenus maintenant, au moins ma
84 3507 279 3702 HON
539 3675 3469 3812 femme. J'ai l'habitude d'être accueilli par elle à ma rentrée
539 3843 3503 4030 dans la vue quotidienne. Nous passons les entr'actes ensemble.
76 3969 344 4183 LIGNER
523 3992 1803 4194 Le plus souvent au laisset.
80 4141 2048 4324 HON (lui tapant sur l'épaule amicalement)
2074 4141 3507 4336 Oui,oui, Directeur. Dites-moi
527 4332 3171 4557 est-ce que vraiment c'est dangereux cet Hofbrandhütte?
523 4534 3587 4714 Je le disais justement tout à l'heure : c'est une promenade.) Je
80 4508 378 4725 HIGNER
539 4641 2128 4870 südere conftante à Hofbrandhütte.
