3752 5224
1493 160 2230 368 — 70 -
593 300 3282 471 vous mettiez sur un écriteau à la porte : "dans cet hôtel
589 441 3347 695 l'homme commencé au baron, ou au Directeur de banque ou à
577 619 1223 821 l'americain“.
589 783 2576 991 Ce ne serait pas exact, Monsieur Serknitz.
103 718 406 965 AIGNER
593 938 3381 1121 Croyez-vous que parce que je ne suis pas arrivé ici en auto
91 934 467 1166 SEKNITZ
593 1113 3457 1246 que je n'ai pas droit aux mêmes égards qu'un riche industriel
623 1227 3548 1409 ou un ministre? Il n'est pas encore né, l'homme qui pourra se
623 1379 3495 1546 permettre de me regarder du haut en bas, qu'il porte un mono-
627 1512 1189 1702 cle ou non.
110 1660 1398 1922 AIGNER (toujours tranquille)
1364 1797 3339 1972 Si vous avez quelque chose à me reprocher
581 1915 3514 2089 personnellement, M. Serknitz, je suis tout à votre disposition.
589 2089 3464 2287 Ma ha! Il faut peut,être encore que je me batte en duel avec
103 2105 486 2291 BERKENITZ;
593 2275 3552 2458 vous? C'est le comble. Vous pouvez toujours attendre. On se
577 2405 3624 2644 plaint de ne pas recevoir ses chemises ou ses chaussettes et avec
593 2579 3388 2743 cela on doit encore se faire tuer. Ecoutez-moi, Monsieur le
577 2705 3518 2929 Directeur. Si vous croyez que vous ferez ainsi la renommée de
593 2872 3601 3050 votre hôtel, vous êtes completement dans l'erreur. Je quitterait
570 3031 3613 3199 immédiatement par les voies les plus rapides cette boite ridicu¬
577 3164 3594 3343 le, cet Eldorado pour snobs, chevaliers d'industrie et boursiers
581 3350 3521 3537 juifs, si j'avais la moindre envie de vous faire cadeau de mon
577 3495 3464 3685 linge. Je vais voir encore une fois s'il n'est pas venu. Je
577 3635 2150 3841 vous salue monsieur le Directeur.
570 3806 1774 4000 Bonjour Monsieur Serknitz
95 3829 406 4030 AIGMER
1770 3814 3476 4053 (Il va vers Madame Wahl qui l'a déjà
577 3966 2777 4182 salué pendant cet entretien d'un signe de tête)
2754 4027 3491 4201 Bonjour Madam.
87 4122 460 4403 Rime vA.H.L.
577 4114 2530 4342 J'admire votre patience, M. le Directeur,
84 4380 403 4536 AIGNER
577 4315 1341 4547 Cela s'apprend.
577 4479 2720 4741 Je voudrais avoir un peu de votre sang froid.
95 4532 471 4729 ^me WAHL.
