4152 5432
2558 345 2753 517 1.° 2.
2960 348 3473 559 '̃̃:̃
888 356 1057 517 1/1
1872 448 2075 628 -12-
570 704 1168 938 AUER.- Oh! -
1608 743 2278 930 bien entendu
548 842 3633 1095 ONIA.- Avec mon fils, naturellement. Vous pouvez être tranquille.
842 1011 2538 1175 je ne lui aurais pas laissé Percy.
525 1164 2607 1348 MAUER.- Vous avez voulu quitter Frèderic...?
881 1283 3779 1478 Oui, je l'ai voulu une fois... Et une autre fois, j'ai ôté sur
548 1348 854 1547 GENIA..
846 1394 3767 1639 le point de me tuer. En vérité, Tout cela est déjà loin. Peut-
835 1597 3561 1807 être ces souvenirs reviennent-iùs seulement parce que....
900 1731 3894 1934 certainement.... vous ne l'auriez jamais fait... ne serait fait
532 1815 881 2022 3.8. '11
2290 1884 2887 1991 d'ennuis
858 1930 2975 2117 ce nue pour ne pas lui causer xxxsagrément.
2408 1926 3415 2136 un tel souci de lui?
2045 2045 2267 2159 vous
957 2079 3637 2259 Cette ce que vous Croyez que j'ai tant d'égarde? C'est une
536 2060 892 2343 C.F.T.A. -
865 2190 3683 2439 erreur, docteur.... 11 fut aussi un temps où j'etais prête
869 2332 3722 2672 à faire ce qui peut être le plus désagreable à un homme, sur¬
881 2512 2860 2761 tout à un homme officilleux. Me.... vorger.
938 2707 1589 2883 Jous venger o.
632 2722 873 2933 AUER..
548 2868 2263 3067 CEMI. - Iisons; prendre ma revanche.
1566 2983 1964 3094 Ma la
927 2960 3741 3205 Ah? C'eût été le plus simple. Nous les cas.
609 3067 892 3254 F.A.UER.
3258 3086 3829 3228 & occasion
1620 3140 3767 3316 mit peut-être de d'autres avantages.
842 3189 1397 3369 St is chose
858 3323 1145 3442 enove
842 3308 3645 3553 ce présenter encore. C'heure du destin peut aussi une fois
632 3285 838 3522 peut
1103 3469 1355 3576 aussi
888 3526 2328 3683 sonuer pour vous madame Genis.
1068 3584 3599 3813 pourquoi serait-ce l'heure du destin?
570 3687 789 3859 tors.
1022 3798 2489 3978 (Nécessairement).
2140 3833 3722 4051 ce serait justement soin, et elast
727 3833 904 4005 KR.
1731 3917 2094 4062 vous, si
1145 4009 3737 4200 Pour moi, mon sentiment de la justice se mevolts je¬
873 4066 1038 4215 or
900 4143 3798 4392 puis longtemps à l'ince que mon viel ami Frédéric ne paierait
923 4323 3186 4506 pas un jour lu dou^ureuso.
873 4476 3882 4675 - Et qui vous dit, chez Docteur que Frédéric ne paye pas? Faut-il
858 4656 3871 4866 que ce soit absolument comme monnaie? Il paye déjà - à sa ma¬
842 4824 3767 5031 nière! Tout ne vas pas pour lui aussi bien que vous croyez, ni
