4120 5448
3634 284 3983 434 à 2m.3m.
1310 381 1635 531 1: ̃
3338 398 3622 572 V. tr. 1/2
3740 410 3935 596 1
1793 361 2162 621 -17-
742 694 3659 827 chambre d'amis parce que le pauvre Korsakow y a passé la nuit
746 787 3679 1030 il y a huit jours. Mais je ne crois pas que les morts mient la
759 1010 2604 1193 permission de revenir la première nuit.
466 1120 2523 1383 MAUER.- Peut-on t'entendre parler ainsi...!
475 1253 3679 1537 REMERIC.- (soudain grave) ### Enfants, mais c'est simple ent horri¬
754 1408 3724 1614 ble! Il y a huit jours, il a dormi là et la veille au soir il a
767 1566 3643 1789 encore joué du paano - le nocturne en si-bémol de Chppin - et
767 1720 3716 1947 quelque chose de Schumann-, et nous étions assis là sur la ve¬
767 1878 3675 2113 randa. Otto était là suivi et le couple Fatter. Lequel de nous
746 2069 3728 2276 aurait pu penser! - Si on savait seulement pourquoi il a fait
767 2239 3168 2474 cela? Hein, Cenia. - il ne t'a rien dit non plus?
475 2385 1440 2604 CENIA. — A moi?...
479 2486 3703 2718 FRE LRIC.- (sans prendre garde à l'attitude de Genis) Folie soudaine
771 2689 3732 2888 disent les gens. mais on devrait d'abord nous dire ce que c'est
754 2831 3622 3038 qu'une folie soudaine. Toi, Mauer, tu peux peut-être me l'ex¬
767 3034 1172 3217 pliquer.
612 3095 3695 3338 DER.- D'abord je ne sais pas un psychiâtre - et ensuite cela ne me
759 3273 3801 3484 surprend pas qu'on se tue. Nous sommes tous quelquefois bien près
759 3464 3663 3634 de le faire. J'ai une fois voulu me tuer à quatorze ans parce
771 3606 3744 3825 qu'un professeur n'avais mit de mauvaises notes dans mon carnet
746 3772 1270 4004 de classe.
677 3821 3626 4113 PRIC.- Dans un cas pareil, j'aurais plutôt tue le professeur...
767 4064 3322 4263 Cela m'aurait amene, je le clains, a en tuer beaucoup.
515 4210 3772 4454 AUER.- Mais pense donc, un artiste! Ils sont tous plus ou moins anor¬
767 4421 3655 4592 maus. D'abord parce qu'ils croient à leur importance. L'ambi¬
1505 4531 1769 4624 Margue
791 4547 3793 4705 tion personnelle est dejà un trouble de l'esprit. C'est spéculer
754 4685 3695 4888 sur l'immortalité! Et les artistes qui ne sont que des exécu¬
767 4880 3655 5062 tants sont à ce point- de vue là bien mal placés. Ils peuvent
759 5038 3687 5208 être aussi grands qu'ils le souhaitent, il ne reste finalement
