4168 5400
1721 367 2095 574 - 40 -
3254 321 3430 554 1.°
444 539 730 746 CENIA
925 524 1407 734 (vivement)
1449 635 3667 807 Pour le moment il n'y a rien à retenir; vous ne
918 772 3701 1048 m'avez pas surprise docteur. Il n'y a pas eu le plus petit
922 971 2971 1155 changement entre nous - jusqu'à maintenant.
440 1067 727 1258 MAUER
918 1120 3759 1258 Mais il se produira. On ne peut pas en vouloir longtemps à
910 1235 3835 1438 Frédéric! pour ma part du moins. Il m'est arrivé d'être très
3721 1407 3954 1564 ure
910 1403 3885 1614 fâché contre lui, - etz bien aussitôt qu'il peut me rédaction,
899 1564 2145 1728 j'en suis de nouveau dupe.
1568 1694 2134 1824 comme tous
883 1763 3705 1923 Je ne suis pas ainsi docteur! Quant on m'a une fois perdue,
421 1606 696 1927 GENIA
2122 1843 2547 2000 beaucoup
876 1939 3457 2076 il faut se donner beaucoup, de peine pour me reprendre.
910 2061 3789 2241 (Viennembu tennis, Otto, Frédéric, Adèle, Sranzides, Mme Wahl,
933 2157 1862 2290 Paul, Cenia, Mauer,
421 2157 650 2505 PAUL
902 2283 2631 2470 (Pendant qu'il s'approchent, à Erna)
2615 2332 3640 2570 Vraiment Mademoiselle
887 2466 2818 2677 C'est vrai! votre service - first classe.
417 2619 803 2864 FREDERIO
887 2654 3927 2906 Ah - et son coup de raquette, c'est bien parce qu'elle l'a appris
879 2795 1204 2960 de moi,
409 2918 623 3158 ERNA
876 2902 3877 3139 Excusez-moi, Monsieur le Professeur - c'était parfois un plaisir
2570 3101 3889 3281 mais ce n'a pas toujours
864 3113 2134 3296 été un plaisir!
444 3235 803 3441 PREDERIC
879 3246 1946 3476 Oh. 7l -
436 3438 616 3659 crai
860 3392 2696 3606 (aux autres et particulièrement à Paul).
2711 3499 3904 3701 Ce qu'il a pu me tourmen¬
853 3640 3770 3900 ter! - Il me traitait  comme un chien, comme si j'avais
857 3812 2107 4049 eu un caractère exécrable.
424 3950 795 4241 TREDERIC
857 3969 1487 4176 (incidemment)
1507 4049 3648 4267 Gigst que - à mon avie - Bien jouer ou tennis
1491 4179 2241 4306 une question de
834 4164 2531 4420 dépens beaucoup les caractères
417 4371 677 4573 JENIA
837 4386 3904 4592 (qui avait donné pendant ce temps un ordre à la femme de chambre)
811 4523 3774 4738 Si vous voulez me permettre, Mesdames, Messieurs,.... le thé
822 4699 3893 4933 est servi! Il y a aussi des glaces.
822 4845 1243 5082 en prie.
