4152 5448
1289 355 1497 587 [incompréhensible]
1848 392 2076 600 -24-
3108 326 3577 628 1
783 608 3736 767 ce n'est pas  ia faute si tu as rompu avec Adele Natter et si
779 771 2480 967 elle n'aß pas encore de remplaçante.
514 861 3789 1167 FREDERIC.- Ah, je vois que tu es très bien informée. Enfin, je ne veux
767 1060 3569 1273 pas chercher de quel côté te viennent des renseignements, -
779 1252 3724 1399 d'ailleurs ce n'est pas xxxx ma faute si tu ne m'as jamais inter-
783 1362 3691 1566 roge directement; - je n'aurais rien nie. Dans aucun cas je ne
791 1587 3805 1721 t'aurais répondu que tu dois soigner tes nerfs. c'est vraiment...
779 1660 3642 1868 cela ne te ressemble pas. Je ne te comprends pas. Tu devrais
836 1876 3695 2039 e connaître mieux. Ecoute, ne reste donc pas comme une statue
791 2007 3789 2194 au lieu de me répondre raisonnablement.... Tu n'as pas confiance
775 2158 3736 2325 en mii, Genia?... Tu penses peut-être: on ne peut jamais savoir
2721 2284 2990 2370 -ture
791 2300 3777 2488 avec lui?... Ne prends pas ceci pour une
734 2439 3589 2680 ###, ###. d'était ton
1016 2614 1517 2725 après tout
795 2635 3752 2790 droit finalement, - que ce fut alexis ou un autre... on ne peut
1305 2769 1538 2876 pas,
783 2774 3785 2945 pas discuter les goûts n'est-ce pas. On sait que dans ces cas-là
779 2916 3724 3116 les femmes choisissent rarement d'après les goûts de leur  ari.
514 3088 3728 3296 CENIA.- Pourquoi le renies-tu brusquement? Tu étais pourtant son ami.
812 3226 3349 3463 Aujourd'hui près de sa tombe tu as été réellement ému.
522 3406 2929 3630 FREDERIC.- c'est Mauer qui t'a raconté cela aussi?
885 3589 3659 3728 Par hasard, c'est Erna Wahl. Elle n'aurait pas cru que quoi-
518 3610 836 3822 CENIA.
787 3712 2704 3928 que ce soit pût'affecter à ce point-là.
530 3834 3720 4095 FREDER.C.-  h. Erna. la psychologue! Naturellerent, j'étais emu. J'ai
791 4058 3646 4226 eu de la peine comme rarement j'en ai eu. Et je n'aurais pas
820 4181 3704 4356 moins de peine si j'avais la certitude que tu as été - sa af-
808 4340 3765 4523 tresse. Tu ne peux pas t'imaginer combien ces choses paraissent
795 4527 3769 4682 necessoires et sans importante quand on revient d'un cimetière.
808 4682 3761 4886 Je ne te dis pas cela pour te tranquilier, mais par e que c'est
795 4833 3642 5037 frai.- Allons donne-moi une réponse. Je n'aurai pas de repos
791 5005 3699 5188 avant. Tu peux me mentir, ais il faut que tu me répondes. Je
