4216 5368
1750 236 2116 452 - III -
513 439 3145 716 MAUER.- C'est faire beaucoup de frais pour peu de chose.
517 651 3690 895 FREDERIC.- Jenne trouve pas. La bonne humeur est la principale chose
761 757 1432 940 sur la terre.
509 879 3666 1192 MAUER.- Je laisserais l'occasion venir. Je ne peux pas te donner un
765 1086 3833 1257 autre conseil, avec la meilleure volonté.- Et maintenant, je vais
761 1253 3841 1436 dire bonjour à ta femme et coursuivra mon chamin. M eu aller
533 1408 2104 1627 FREDERIC.- Mauer... tu m'en veux?
521 1530 3597 1798 MAUER. - Je t'en veux? Non. Mais je n'ai pas le désir de rester ici
765 1754 1278 1900 davantage.
521 1880 3772 2067 FREDERIC.- Ecoutes, Hauer... Tu sais pourtant que je suis parti peu de
765 2030 2388 2217 temps après toi du Völser heiher?
517 2222 1965 2417 L'AUER.- "Peu de temps" est bon.
509 2291 3658 2612 FREDERIC. - Aussitôt!... le lendemain!.... Sais-tu pourquoi? J'ai pris
753 2551 1221 2755 la fuite.
513 2694 1082 2889 MAUER.- Ah! -
513 2812 3755 3088 FREDERIC. - Oui, devant moi, devant moi-même. Car j'étais très amoureux
765 2986 2368 3194 d'Erna, je te l'avoue sans façons.
513 3137 2567 3345 MAUER.- Tu n'as pas de comptes à me rendre.
513 3361 3723 3524 FRÉDERIC.- certainement pas. Ce n'est pas non plus ce que je fais. Ne
749 3479 3381 3678 reconnais seulement pourquoi tes fausses suppositions...
509 3650 3564 3829 NAURR.- ce que j'ai toujours suppose, avec raison ou non, la chose
753 3792 3532 3983 n'a plus aucun intérêt pour moi.- Tuis-je dire bonsoir à ta
761 3991 1103 4138 femme?
505 4012 3772 4309 FREDERIC.- Tu le feras plus tard. Maintenant tu vos rester aimablement
761 4236 3658 4463 ici. Il faut que nous nous expliquions. Je t'assure que tu te
732 4394 3760 4614 trompes. Je l'ai embrassée, oui. Une fois... Je ne le nie pas.
761 4594 3621 4748 Mais un baiser comme ça, en liberté, quand il fait si beau, à
741 4752 3796 4988 deux mille mètres d'altitude, ne signifie rien. J'appelle cela...
741 4887 1941 5106 l'ivresse des hauteurs...
