4184 5432
2543 385 3144 638 '̃:̃' «: «: -: •
1674 369 2059 655 +
650 530 2867 841 HABL;s nous avons m rendez-vous avec Custave
2908 634 3600 841 (1 otto). C'est
762 771 3745 1015 mon fils, qui voyage toute l'annde. Enfin pas tout à fait toute
754 965 3670 1189 l'année - mais une grande partie...on peut le dire... L'annee
762 1164 2208 1284 dernière il était dans l'Inde.
820 1251 3065 1491 Et je veux encore une fois esclader des pics.
505 1292 746 1495 DERN.
501 1450 3732 1669 MAUER. Vraiment? J. bien, nous nous rencontrerons peut-être sur quel-
928 1566 1247 1669 citue.
758 1595 3737 1835 sue recher. J'ai grande envie aussi d'aller dans les Dolomites.
758 1752 1181 1910 ( Geni.
1226 1802 3778 2005 Et je ne vous cacherai pas, madame, que j'aurais vrai¬
754 1955 3070 2187 ment plaisir à décider Fréderie à m'accompagner.
485 2138 3442 2299 CHMIA.-Dans les Dolomites - 7... Et que dit-il de ce projet...
476 2266 2626 2502 MAUR.- 11 ne semble pas tout à fait dispose.
493 2457 704 2643 Mme
944 2469 3844 2618 - Je pengais nue i'rederie avait renoncé ux ascensions depuis.
771 2577 2287 2817 .depuis... 1' 7ecident de jadin.
485 2742 1951 2958 mois pas pour toujours.
501 2916 3712 3148 CERIA.- (A Otto, expliquant) Un ani de mon mari, un certain Dr Bern¬
2452 3036 3157 3169 chute de pierres.
746 3086 3703 3206 haupt, a été enlevé à son côte par unprecher et tue sur le coup.
758 3219 2680 3434 Il y a eu reste dejà sept xxxnées de cela.
485 3380 3815 3583 Otto. (K.Jemia) IJraiment? Notre mari avait pris part à cette excursion?
489 3546 3749 3720 ERL. - (pensive) On peut dire.... il n'a pas de chance avec ses amis.
476 3695 2763 3911 soir (8 Otto). Vous connaissiez cette histoire
551 3799 3654 4072 10.- Je. me la rappelle parfaitement, maisqu'elle s'est passée
742 4006 3774 4184 sur la mort ;une que mon père a ese ladècle preier - il y a plus
733 4171 1404 4329 de vingt ans.
907 4234 2502 4482 C'est juste. C'est le Tour igner.
650 4428 3940 4685 - La Tour signer.... on s'vraiment tout à fait oublié qu'elle tient
820 4594 1255 4706 son nom
754 4656 2635 4847 se nomme ainsi d'après d'un homme vivant.
1732 4772 2461 4950 (petit silence)
725 4880 3778 5145 - Ce doit être pour vous une singulière senastion, lieutenant, de
