3784 5240
3284 172 3490 389 "   "
1743 259 2033 400 - 86 -
610 339 3413 561 Docteur Mauar. Où est-il donc? C'est inoui. Je voudrais
614 484 1998 740 vous dire à tous deux......
133 671 496 847 FREDERIO
633 648 2895 862 Mais maman Wahl, Erna y serait montée sans nous.
629 820 1876 1014 Vous auriez dû l'attacher.
126 820 492 1018 Mme V.-A.,
286 1003 515 1163 „C-RIC“
595 999 3512 1236 Elle l'était Maman Wahl. Nous l'étions tous. A une seule et
606 1125 1171 1304 même corde.
126 1201 515 1484 seine wahl.
622 1285 2376 1518 C'est une laisse qu'il voue faudrait.
111 1487 2120 1670 ERNA (descend dans une robe d'été, blanche)
2140 1564 2509 1709 Bonsoir
111 1689 400 1846 AIGNER
603 1625 1655 1857 Bonjour, Arna, bonjour
1697 1758 3467 2002 (Il imprend les mainse t l'embrasse
610 1857 1220 2025 sur le front)
1274 1918 1998 2082 Vous permettez.
603 2002 2441 2262 Comme le vieux Liezt la jeune pianiste.
95 2006 500 2246 FREDERIC
103 2239 1510 2448 ØNÄ (paisse la main d'Aignor)
1518 2326 3402 2464 et Comme une très jeune, pianiste su pas
606 2471 1506 2605 encore vieux Liszt.
118 2620 404 2784 19 E F. C. P.
599 2620 1293 2799 Mais Erna....
599 2784 1941 2971 Il ne manquait plus que ça!
103 2731 473 2940 Mme V.-A.H.
111 2937 294 3127 ERNA.
587 2940 3547 3108 J'ai vécu là haut la plus belle heure de ma vie, M; von Aigner.
103 3104 408 3280 AIGNER
591 3108 3345 3272 Oui, là-haut!.... Jéespère tout de même que vous en vivrez
591 3253 1922 3444 encore de plus belles, Erna.
3158 3333 3596 3486 me semble
111 3402 324 3604 ERNA
572 3429 3642 3600 Je crois que c'est difficile. Il peut se faire que la vie puisse
2555 3535 3040 3665 jamais plus
568 3589 3512 3726 encore une fois aussi belle, naie qu'en même temps la
767 3688 1449 3798 ne me paraitre
2826 3699 3379 3863 cela arrive
576 3718 3390 3909 mort veus soit aussi complètement intifférente, en mêlue temps
576 3844 3509 4046 toujemant dans des circonstances rares. Et cela.... cel-Oest
564 4054 1564 4241 merveilleux!
911 4088 3543 4317 (Pendant de temps la poste est arrivée. Rosenstock trie
946 4302 3577 4489 les lettres, les Glients arrivent, prennent leur corres-
946 4374 1781 4523 pondance, etc,..)
2467 4413 3104 4573 vous exprimer
107 4496 286 4676 RÜUL
572 4489 3623 4664 Mademoiselle Erna, permettez-moi aussi de déposer mon admiration
545 4634 1205 4874 Wm
