<?xml version="1.0" encoding="UTF-8" standalone="yes"?>
<PcGts xmlns="http://schema.primaresearch.org/PAGE/gts/pagecontent/2013-07-15" xmlns:xsi="http://www.w3.org/2001/XMLSchema-instance" xsi:schemaLocation="http://schema.primaresearch.org/PAGE/gts/pagecontent/2013-07-15 http://schema.primaresearch.org/PAGE/gts/pagecontent/2013-07-15/pagecontent.xsd">
    <Metadata>
        <Creator>prov=READ-COOP:name=TrHtr:version=2.1.0:model_id=51170:date=15_08_2023_09:54</Creator>
        <Created>2023-05-10T15:31:18.326+02:00</Created>
        <LastChange>2023-08-15T09:54:43.358+02:00</LastChange>
        <TranskribusMetadata docId="1429075" pageId="55437123" pageNr="122" tsid="132846020" status="IN_PROGRESS" userId="64420" imgUrl="https://files.transkribus.eu/Get?id=NPASHZGCGZNDBBIWSIWVPFCB&amp;fileType=view" xmlUrl="https://files.transkribus.eu/Get?id=ETEHEGXTKAHTIBLQGBBOFCJN" imageId="44711112"/>
    </Metadata>
    <Page imageFilename="1429075_0122.jpg" imageWidth="4184" imageHeight="5352">
        <ReadingOrder>
            <OrderedGroup id="ro_1711797244621" caption="Regions reading order">
                <RegionRefIndexed index="0" regionRef="tr_2"/>
                <RegionRefIndexed index="1" regionRef="tr_1"/>
                <RegionRefIndexed index="2" regionRef="tr_3"/>
            </OrderedGroup>
        </ReadingOrder>
        <TextRegion id="tr_2" custom="readingOrder {index:0;}">
            <Coords points="406,272 3691,272 3691,1927 406,1927"/>
            <TextLine id="tr_2_tl_1" custom="readingOrder {index:0;}">
                <Coords points="912,411 965,411 1010,464 1043,452 1064,456 1101,185 1035,185 1023,168 969,197 957,185 937,185"/>
                <Baseline points="943,340 1003,334 1093,322"/>
                <TextEquiv>
                    <Unicode>1:1</Unicode>
                </TextEquiv>
            </TextLine>
            <TextLine id="tr_2_tl_2" custom="readingOrder {index:1;}">
                <Coords points="1889,456 1922,444 1976,472 2029,456 2107,505 2161,505 2148,320 2103,308 2087,316 2046,288 1996,308 1980,296 1955,304 1931,288 1914,304 1881,308"/>
                <Baseline points="1911,430 2001,436 2090,442 2168,447"/>
                <TextEquiv>
                    <Unicode>-119-</Unicode>
                </TextEquiv>
            </TextLine>
            <TextLine id="tr_2_tl_3" custom="readingOrder {index:2;}">
                <Coords points="390,694 1967,665 2395,772 3532,735 3672,604 386,509"/>
                <Baseline points="412,651 501,645 591,639 680,639 770,639 860,633 949,639 1039,639 1128,639 1218,645 1308,645 1397,645 1487,651 1576,651 1666,651 1756,657 1845,663 1935,663 2024,669 2114,674 2204,674 2293,680 2383,680 2472,680 2562,680 2652,680 2741,680 2831,680 2920,680 3010,686 3100,686 3189,686 3279,686 3368,686 3458,680 3548,686 3637,686 3679,686"/>
                <TextEquiv>
                    <Unicode>MAUER.- Ce n'est pas le moment de vous féliciter de votre pénétration.</Unicode>
                </TextEquiv>
            </TextLine>
            <TextLine id="tr_2_tl_4" custom="readingOrder {index:3;}">
                <Coords points="682,817 2407,904 3138,871 3167,768 2111,764 1894,690 1117,739 842,645 678,719"/>
                <Baseline points="704,788 794,794 884,794 973,794 1063,794 1152,800 1242,800 1332,800 1421,806 1511,806 1600,812 1690,818 1780,818 1869,818 1959,824 2048,830 2138,830 2228,830 2317,836 2407,836 2496,836 2586,836 2676,836 2765,836 2855,836 2944,842 3034,842 3123,842 3177,842"/>
                <TextEquiv>
                    <Unicode>Vous me permettrez maintenant, nadane, de m'en aller.</Unicode>
                </TextEquiv>
            </TextLine>
            <TextLine id="tr_2_tl_5" custom="readingOrder {index:4;}">
                <Coords points="386,1015 3680,1002 3623,891 3298,961 2830,858 382,879"/>
                <Baseline points="406,973 447,961 537,961 627,955 716,967 746,955 836,949 925,955 1015,955 1105,955 1194,955 1284,955 1373,961 1463,961 1553,967 1642,967 1732,967 1821,973 1911,973 2001,979 2090,985 2180,985 2269,985 2359,985 2449,985 2538,991 2628,985 2717,985 2807,991 2897,991 2986,991 3076,991 3165,991 3255,991 3345,991 3434,991 3524,991 3613,991 3691,997"/>
                <TextEquiv>
                    <Unicode>GENIA. - Je n'ai rien à vous permettre ni rien a vous défendre. Surtout</Unicode>
                </TextEquiv>
            </TextLine>
            <TextLine id="tr_2_tl_6" custom="readingOrder {index:5;}">
                <Coords points="657,1130 3574,1167 3528,1068 657,1015"/>
                <Baseline points="680,1111 770,1111 860,1111 949,1105 1039,1105 1128,1111 1218,1111 1308,1111 1397,1116 1487,1116 1576,1116 1666,1122 1756,1128 1845,1128 1935,1128 2024,1128 2114,1134 2204,1134 2293,1140 2383,1140 2472,1140 2562,1140 2652,1140 2741,1146 2831,1140 2920,1140 3010,1140 3100,1146 3189,1146 3279,1146 3368,1146 3458,1146 3548,1146 3583,1146"/>
                <TextEquiv>
                    <Unicode>comme "Madame"... Portez-vous bien cher Docteur!- Et - voulez-</Unicode>
                </TextEquiv>
            </TextLine>
            <TextLine id="tr_2_tl_7" custom="readingOrder {index:6;}">
                <Coords points="665,1310 3590,1339 3541,1220 665,1212"/>
                <Baseline points="686,1266 776,1266 866,1266 955,1260 1045,1266 1134,1266 1224,1266 1314,1272 1403,1272 1493,1272 1582,1278 1672,1278 1762,1284 1851,1284 1941,1284 2030,1290 2120,1290 2210,1296 2299,1296 2389,1296 2478,1296 2568,1296 2658,1296 2747,1296 2837,1296 2926,1296 3016,1296 3106,1296 3195,1296 3285,1296 3374,1296 3464,1296 3554,1296 3595,1296"/>
                <TextEquiv>
                    <Unicode>vous me permettre de vous donner xxxx un avertissement avant</Unicode>
                </TextEquiv>
            </TextLine>
            <TextLine id="tr_2_tl_8" custom="readingOrder {index:7;}">
                <Coords points="657,1458 3598,1479 3491,1368 1873,1401 990,1282 657,1368"/>
                <Baseline points="680,1427 770,1421 860,1427 949,1427 1039,1427 1128,1427 1218,1427 1308,1427 1397,1433 1487,1439 1576,1439 1666,1439 1756,1439 1845,1439 1935,1439 2024,1445 2114,1445 2204,1451 2293,1451 2383,1451 2472,1445 2562,1451 2652,1451 2741,1451 2831,1451 2920,1451 3010,1451 3100,1451 3189,1451 3279,1451 3368,1457 3458,1451 3548,1451 3607,1451"/>
                <TextEquiv>
                    <Unicode>de partir!- He prenez pas mal cela. Il serait tout à fait ridi-</Unicode>
                </TextEquiv>
            </TextLine>
            <TextLine id="tr_2_tl_9" custom="readingOrder {index:8;}">
                <Coords points="665,1602 3508,1627 3508,1553 3023,1475 2317,1553 1043,1450 665,1507"/>
                <Baseline points="686,1588 776,1582 866,1582 955,1582 1045,1582 1134,1582 1224,1582 1314,1588 1403,1588 1493,1588 1582,1588 1672,1594 1762,1594 1851,1594 1941,1594 2030,1594 2120,1600 2210,1600 2299,1600 2389,1606 2478,1606 2568,1606 2658,1606 2747,1606 2837,1606 2926,1606 3016,1606 3106,1606 3195,1606 3285,1606 3374,1606 3464,1606 3518,1606"/>
                <TextEquiv>
                    <Unicode>cule que vous, un homme qui voit la vie par con côté le plus</Unicode>
                </TextEquiv>
            </TextLine>
            <TextLine id="tr_2_tl_10" custom="readingOrder {index:9;}">
                <Coords points="657,1779 2711,1766 3615,1869 3615,1701 3093,1622 2781,1709 2185,1614 657,1713"/>
                <Baseline points="680,1738 770,1738 860,1738 949,1738 1039,1744 1128,1744 1218,1738 1308,1744 1397,1750 1487,1750 1576,1744 1666,1750 1756,1750 1845,1750 1935,1750 2024,1750 2114,1750 2204,1750 2293,1756 2383,1756 2472,1756 2562,1756 2652,1756 2741,1756 2831,1756 2920,1762 3010,1762 3100,1756 3189,1762 3279,1762 3368,1762 3458,1762 3548,1756 3625,1762"/>
                <TextEquiv>
                    <Unicode>sérieux, prenne aussi gravement de tels enfantillages. Les cho¬</Unicode>
                </TextEquiv>
            </TextLine>
            <TextLine id="tr_2_tl_11" custom="readingOrder {index:10;}">
                <Coords points="665,1926 3516,1972 3471,1807 665,1811"/>
                <Baseline points="686,1893 776,1893 866,1893 955,1899 1045,1899 1134,1893 1224,1899 1314,1899 1403,1899 1493,1899 1582,1905 1672,1905 1762,1905 1851,1905 1941,1905 2030,1905 2120,1905 2210,1905 2299,1905 2389,1905 2478,1911 2568,1911 2658,1911 2747,1911 2837,1917 2926,1917 3016,1917 3106,1917 3195,1911 3285,1917 3374,1917 3464,1917 3524,1917"/>
                <TextEquiv>
                    <Unicode>ses de l'amour ne sont pas autre chose qu'un jeu, docteur,</Unicode>
                </TextEquiv>
            </TextLine>
        </TextRegion>
        <TextRegion id="tr_1" custom="readingOrder {index:1;}">
            <Coords points="400,2004 3673,2004 3673,3671 400,3671"/>
            <TextLine id="tr_1_tl_1" custom="readingOrder {index:0;}">
                <Coords points="653,2091 3574,2124 3528,1992 653,1992"/>
                <Baseline points="674,2054 764,2054 854,2054 943,2054 1033,2054 1122,2054 1212,2054 1302,2060 1391,2054 1481,2060 1570,2060 1660,2060 1750,2060 1839,2060 1929,2060 2018,2060 2108,2060 2198,2060 2287,2066 2377,2060 2466,2066 2556,2066 2646,2066 2735,2072 2825,2066 2914,2066 3004,2066 3094,2066 3183,2066 3273,2066 3362,2066 3452,2066 3542,2066 3583,2066"/>
                <TextEquiv>
                    <Unicode>croyez-moi. Et quand on en connaît la règle, on le trouve amu¬</Unicode>
                </TextEquiv>
            </TextLine>
            <TextLine id="tr_1_tl_2" custom="readingOrder {index:1;}">
                <Coords points="657,2284 743,2292 900,2222 1203,2226 1290,2284 1479,2234 1709,2243 1750,2234 1750,2152 1438,2111 1162,2161 1043,2111 657,2169"/>
                <Baseline points="680,2210 770,2204 860,2216 949,2210 1039,2210 1128,2210 1218,2210 1308,2210 1397,2210 1487,2210 1576,2210 1666,2210 1756,2222 1762,2222"/>
                <TextEquiv>
                    <Unicode>sant à voir et à jouer.</Unicode>
                </TextEquiv>
            </TextLine>
            <TextLine id="tr_1_tl_3" custom="readingOrder {index:2;}">
                <Coords points="403,2419 809,2374 1105,2432 1269,2374 1351,2448 1676,2386 2247,2477 2247,2329 1910,2247 403,2284"/>
                <Baseline points="424,2389 465,2383 555,2377 645,2371 734,2377 824,2371 913,2371 1003,2371 1093,2371 1182,2371 1272,2371 1361,2371 1451,2371 1541,2371 1630,2371 1720,2371 1809,2371 1899,2371 1989,2377 2078,2371 2168,2377 2257,2377"/>
                <TextEquiv>
                    <Unicode>Eum. - Quand on en connaît la règle</Unicode>
                </TextEquiv>
            </TextLine>
            <TextLine id="tr_1_tl_4" custom="readingOrder {index:3;}">
                <Coords points="378,2588 3520,2543 3520,2432 3196,2411 378,2423"/>
                <Baseline points="400,2550 483,2538 573,2532 663,2538 752,2532 842,2526 931,2526 1021,2532 1111,2526 1200,2526 1290,2526 1379,2526 1469,2526 1559,2526 1648,2526 1738,2526 1827,2526 1917,2526 2007,2526 2096,2526 2186,2526 2275,2526 2365,2526 2454,2526 2544,2526 2634,2532 2723,2532 2813,2532 2902,2532 2992,2526 3082,2526 3171,2526 3261,2526 3350,2526 3440,2526 3530,2532"/>
                <TextEquiv>
                    <Unicode>C HIA.- C'est ce que vous ferez aussi, cher ami. Ces mots graves et</Unicode>
                </TextEquiv>
            </TextLine>
            <TextLine id="tr_1_tl_5" custom="readingOrder {index:4;}">
                <Coords points="657,2756 3561,2731 3532,2588 657,2584"/>
                <Baseline points="680,2681 770,2681 860,2681 949,2676 1039,2681 1128,2681 1218,2681 1308,2681 1397,2681 1487,2676 1576,2676 1666,2676 1756,2670 1845,2670 1935,2676 2024,2676 2114,2676 2204,2676 2293,2676 2383,2676 2472,2676 2562,2676 2652,2676 2741,2676 2831,2676 2920,2676 3010,2676 3100,2676 3189,2676 3279,2681 3368,2681 3458,2681 3548,2693 3571,2693"/>
                <TextEquiv>
                    <Unicode>bôtes qui roulent dans votre tôte, saufflez-les donc en l'air,</Unicode>
                </TextEquiv>
            </TextLine>
            <TextLine id="tr_1_tl_6" custom="readingOrder {index:5;}">
                <Coords points="653,2859 3652,2879 3516,2752 2128,2707 653,2797"/>
                <Baseline points="674,2843 704,2837 794,2837 884,2837 973,2837 1063,2843 1152,2837 1242,2837 1332,2837 1421,2837 1511,2837 1600,2831 1690,2831 1780,2837 1869,2837 1959,2837 2048,2831 2138,2831 2228,2831 2317,2831 2407,2831 2496,2825 2586,2831 2676,2831 2765,2831 2855,2831 2944,2831 3034,2831 3123,2837 3213,2837 3303,2837 3392,2837 3482,2837 3571,2837 3661,2837"/>
                <TextEquiv>
                    <Unicode>comme des balles de soven. Et vous verrez comme ils sont légers.</Unicode>
                </TextEquiv>
            </TextLine>
            <TextLine id="tr_1_tl_7" custom="readingOrder {index:6;}">
                <Coords points="645,3060 3003,2986 3664,3072 3664,2937 3118,2867 645,2933"/>
                <Baseline points="669,2998 716,2998 806,2998 895,2998 985,2998 1075,2998 1164,2998 1254,2998 1343,2998 1433,2998 1523,2992 1612,2998 1702,2992 1791,2998 1881,2998 1971,2998 2060,2992 2150,2992 2239,2992 2329,2986 2419,2992 2508,2986 2598,2986 2687,2986 2777,2986 2867,2986 2956,2986 3046,2986 3135,2986 3225,2986 3315,2986 3404,2992 3494,2992 3583,2992 3673,2992"/>
                <TextEquiv>
                    <Unicode>Ils volent... tous... ils disparaissent en funde, ils s'évanouis-</Unicode>
                </TextEquiv>
            </TextLine>
            <TextLine id="tr_1_tl_8" custom="readingOrder {index:7;}">
                <Coords points="645,3196 2251,3179 2251,3122 1713,3031 1499,3101 1113,3048 871,3097 776,3048 645,3109"/>
                <Baseline points="669,3165 740,3159 830,3159 919,3159 1009,3159 1099,3153 1188,3159 1278,3159 1367,3153 1457,3147 1547,3153 1636,3153 1726,3147 1815,3147 1905,3147 1995,3147 2084,3147 2174,3153 2263,3159"/>
                <TextEquiv>
                    <Unicode>sent ces mots graves et bêtes....</Unicode>
                </TextEquiv>
            </TextLine>
            <TextLine id="tr_1_tl_9" custom="readingOrder {index:8;}">
                <Coords points="743,3360 3652,3327 3652,3196 3491,3134 1191,3278 748,3200"/>
                <Baseline points="770,3321 794,3327 884,3321 973,3327 1063,3327 1152,3327 1242,3321 1332,3315 1421,3315 1511,3315 1600,3309 1690,3315 1780,3309 1869,3309 1959,3309 2048,3309 2138,3303 2228,3303 2317,3303 2407,3303 2496,3303 2586,3303 2676,3303 2765,3303 2855,3303 2944,3303 3034,3303 3123,3303 3213,3303 3303,3303 3392,3303 3482,3303 3571,3309 3661,3309"/>
                <TextEquiv>
                    <Unicode>Il n'y a probablement dans le monde qu'un mot qui soit lourd -</Unicode>
                </TextEquiv>
            </TextLine>
            <TextLine id="tr_1_tl_10" custom="readingOrder {index:9;}">
                <Coords points="394,3364 448,3380 513,3356 591,3380 616,3360 641,3368 657,3356 698,3360 694,3265 637,3261 591,3233 550,3249 509,3245 497,3233 468,3249 448,3237 415,3257 390,3253"/>
                <Baseline points="418,3333 507,3327 597,3327 686,3345 704,3345"/>
                <TextEquiv>
                    <Unicode>W.UER.</Unicode>
                </TextEquiv>
            </TextLine>
            <TextLine id="tr_1_tl_11" custom="readingOrder {index:10;}">
                <Coords points="649,3574 768,3578 900,3504 1039,3553 1134,3500 1199,3537 1290,3500 1639,3537 1668,3397 1236,3401 1146,3356 1027,3405 969,3364 813,3389 752,3352 653,3360"/>
                <Baseline points="674,3482 692,3482 782,3482 872,3482 961,3476 1051,3482 1140,3482 1230,3476 1320,3476 1409,3476 1499,3470 1588,3470 1678,3476"/>
                <TextEquiv>
                    <Unicode>et c'est le mensonge.</Unicode>
                </TextEquiv>
            </TextLine>
            <TextLine id="tr_1_tl_12" custom="readingOrder {index:11;}">
                <Coords points="731,3693 1787,3717 2267,3627 2695,3705 3323,3668 3446,3557 2690,3487 2456,3569 1881,3471 1791,3545 731,3569"/>
                <Baseline points="752,3643 770,3643 860,3637 949,3637 1039,3637 1128,3637 1218,3637 1308,3631 1397,3631 1487,3625 1576,3625 1666,3625 1756,3625 1845,3625 1935,3625 2024,3619 2114,3619 2204,3619 2293,3619 2383,3613 2472,3613 2562,3613 2652,3613 2741,3613 2831,3613 2920,3613 3010,3613 3100,3607 3189,3613 3279,3613 3368,3613 3458,3613"/>
                <TextEquiv>
                    <Unicode>Le mensonge? Est-ce qu'il s'agit de ça dans un jeu? Cela</Unicode>
                </TextEquiv>
            </TextLine>
            <TextLine id="tr_1_tl_13" custom="readingOrder {index:12;}">
                <Coords points="468,3721 538,3684 596,3717 633,3693 665,3713 694,3709 649,3422 616,3417 587,3438 550,3430 513,3463 497,3454 493,3467 464,3459 456,3475 431,3475"/>
                <Baseline points="473,3625 567,3637 657,3649 698,3661"/>
                <TextEquiv>
                    <Unicode>MIA.</Unicode>
                </TextEquiv>
            </TextLine>
        </TextRegion>
        <TextRegion id="tr_3" custom="readingOrder {index:2;}">
            <Coords points="376,3737 3715,3737 3715,4937 376,4937"/>
            <TextLine id="tr_3_tl_1" custom="readingOrder {index:0;}">
                <Coords points="653,3882 916,3890 1240,3824 1466,3849 1610,3799 1931,3828 1931,3693 1742,3734 1668,3689 1347,3742 1043,3705 657,3730"/>
                <Baseline points="680,3810 686,3804 776,3804 866,3804 955,3804 1045,3804 1134,3804 1224,3798 1314,3798 1403,3798 1493,3792 1582,3792 1672,3787 1762,3787 1851,3787 1941,3792"/>
                <TextEquiv>
                    <Unicode>s'appelle ruse ou badinage.</Unicode>
                </TextEquiv>
            </TextLine>
            <TextLine id="tr_3_tl_2" custom="readingOrder {index:1;}">
                <Coords points="711,4001 3459,3988 3590,3951 3590,3828 711,3886"/>
                <Baseline points="734,3960 824,3960 913,3966 1003,3966 1093,3960 1182,3960 1272,3960 1361,3954 1451,3954 1541,3948 1630,3948 1720,3942 1809,3942 1899,3936 1989,3936 2078,3936 2168,3936 2257,3936 2347,3936 2437,3936 2526,3930 2616,3924 2705,3924 2795,3924 2885,3924 2974,3930 3064,3924 3153,3930 3243,3930 3333,3930 3422,3930 3512,3930 3601,3930"/>
                <TextEquiv>
                    <Unicode>Un jeu -?! Ah, si c'était cela!... Je vous assure, Henia, que</Unicode>
                </TextEquiv>
            </TextLine>
            <TextLine id="tr_3_tl_3" custom="readingOrder {index:2;}">
                <Coords points="349,4013 411,4021 448,4005 493,4017 509,4005 550,4042 645,4001 678,4005 682,3882 624,3886 583,3869 550,3890 489,3882 464,3898 419,3886 407,3898 353,3902"/>
                <Baseline points="376,3984 465,3972 555,3966 645,3972 692,3984"/>
                <TextEquiv>
                    <Unicode>MAUER.</Unicode>
                </TextEquiv>
            </TextLine>
            <TextLine id="tr_3_tl_4" custom="readingOrder {index:3;}">
                <Coords points="641,4169 3606,4149 3664,4013 1848,3964 641,4054"/>
                <Baseline points="663,4139 716,4139 806,4127 895,4127 985,4121 1075,4121 1164,4121 1254,4121 1343,4115 1433,4115 1523,4109 1612,4103 1702,4103 1791,4097 1881,4097 1971,4091 2060,4091 2150,4091 2239,4091 2329,4091 2419,4091 2508,4085 2598,4085 2687,4079 2777,4079 2867,4079 2956,4079 3046,4079 3135,4079 3225,4079 3315,4085 3404,4085 3494,4085 3583,4085 3673,4091"/>
                <TextEquiv>
                    <Unicode>je n'aurais pas la moindre [o]ijection contre un monde dans lequel</Unicode>
                </TextEquiv>
            </TextLine>
            <TextLine id="tr_3_tl_5" custom="readingOrder {index:4;}">
                <Coords points="633,4342 3101,4239 3693,4317 3697,4157 637,4169"/>
                <Baseline points="657,4288 746,4282 836,4282 925,4282 1015,4282 1105,4276 1194,4276 1284,4276 1373,4270 1463,4264 1553,4264 1642,4264 1732,4258 1821,4258 1911,4252 2001,4252 2090,4252 2180,4246 2269,4246 2359,4240 2449,4240 2538,4240 2628,4240 2717,4235 2807,4235 2897,4235 2986,4235 3076,4235 3165,4235 3255,4240 3345,4240 3434,4240 3524,4240 3613,4235 3703,4246"/>
                <TextEquiv>
                    <Unicode>l'amour ne serait vraiment pas autre chose qu'un jeu délicieux...</Unicode>
                </TextEquiv>
            </TextLine>
            <TextLine id="tr_3_tl_6" custom="readingOrder {index:5;}">
                <Coords points="633,4461 3352,4457 3709,4416 3713,4317 633,4317"/>
                <Baseline points="657,4456 669,4456 758,4450 848,4450 937,4450 1027,4444 1116,4444 1206,4444 1296,4444 1385,4438 1475,4432 1564,4432 1654,4432 1744,4426 1833,4426 1923,4420 2012,4414 2102,4414 2192,4414 2281,4408 2371,4414 2460,4408 2550,4402 2640,4402 2729,4402 2819,4402 2908,4396 2998,4402 3088,4402 3177,4402 3267,4402 3356,4402 3446,4402 3536,4396 3625,4396 3715,4396"/>
                <TextEquiv>
                    <Unicode>Mais alors... alors, un jeu koyal, s'il vous plait! Franc jusqu'à</Unicode>
                </TextEquiv>
            </TextLine>
            <TextLine id="tr_3_tl_7" custom="readingOrder {index:6;}">
                <Coords points="637,4662 2091,4563 3397,4621 3615,4572 3619,4420 2337,4424 1167,4572 641,4514"/>
                <Baseline points="663,4605 752,4611 842,4611 931,4611 1021,4605 1111,4605 1200,4605 1290,4599 1379,4593 1469,4593 1559,4587 1648,4581 1738,4581 1827,4581 1917,4575 2007,4569 2096,4563 2186,4563 2275,4563 2365,4563 2454,4563 2544,4557 2634,4551 2723,4551 2813,4551 2902,4551 2992,4551 3082,4551 3171,4545 3261,4551 3350,4551 3440,4551 3530,4551 3619,4545"/>
                <TextEquiv>
                    <Unicode>l'orgie... J'admets cela. Mais ce mélange de retenue et d'inso¬</Unicode>
                </TextEquiv>
            </TextLine>
            <TextLine id="tr_3_tl_8" custom="readingOrder {index:7;}">
                <Coords points="624,4789 3610,4769 3615,4596 624,4666"/>
                <Baseline points="645,4766 663,4766 752,4766 842,4766 931,4766 1021,4766 1111,4760 1200,4760 1290,4754 1379,4754 1469,4748 1559,4742 1648,4742 1738,4736 1827,4730 1917,4730 2007,4724 2096,4724 2186,4718 2275,4718 2365,4718 2454,4712 2544,4712 2634,4706 2723,4706 2813,4706 2902,4712 2992,4706 3082,4706 3171,4706 3261,4706 3350,4706 3440,4706 3530,4706 3619,4706"/>
                <TextEquiv>
                    <Unicode>lence, de lâche jalausie et de faux calme - de passion effrenée</Unicode>
                </TextEquiv>
            </TextLine>
            <TextLine id="tr_3_tl_9" custom="readingOrder {index:8;}">
                <Coords points="628,5028 2473,4884 3171,4945 3606,4880 3610,4765 633,4855"/>
                <Baseline points="657,4921 663,4927 752,4927 842,4927 931,4927 1021,4927 1111,4921 1200,4915 1290,4915 1379,4909 1469,4909 1559,4909 1648,4904 1738,4898 1827,4892 1917,4892 2007,4886 2096,4880 2186,4880 2275,4880 2365,4874 2454,4868 2544,4868 2634,4868 2723,4868 2813,4868 2902,4868 2992,4868 3082,4868 3171,4868 3261,4868 3350,4868 3440,4862 3530,4862 3619,4856"/>
                <TextEquiv>
                    <Unicode>et de plaisir vide, comme je le vois lui - je trouve cela pito-</Unicode>
                </TextEquiv>
            </TextLine>
        </TextRegion>
    </Page>
</PcGts>
