3752 5208
1490 145 1812 364 -171 —
650 281 1307 530 Qu'y a-t-il?
285 360 484 662 TABLO
641 496 3442 699 Je suis dans une inquiétude extrème. Nos touristes ne sont
629 662 1663 856 pas encore de retour.
641 807 3223 989 Je vous en prie, Madame.... Tout le monde revient de
244 745 447 993 NER
641 972 3331 1171 Hofbrandhütte. Céest une promenade.... Vous permettez?
1158 1055 1779 1179 (il s'assied)
261 1105 488 1419 WABL
600 1154 3360 1353 Je vous enfait? C'est bien heureux que vous puissiez vous
621 1295 3285 1581 distraire un moment de vos occupations.... exotiques....
637 1502 1237 1676 érotiques...
641 1581 3327 1816 Exotiques... érotiques....? Ce n'est pas de vous. Vous
120 1601 426 1833 AIGNER
641 1787 2487 1982 n'êtes pas si malicieuse» belle madame.
116 1920 492 2139 Kne WABIL
633 1945 1746 2164 Non.... c'est de Rhon.
641 2089 3604 2267 Oui... je le pensais.... C'est un poëte Monsieur Rhon... oui...
95 2123 401 2338 AIGNER
641 2251 3380 2429 Quelle ravissante broche vous avez là, madame ; du moderne
670 2408 1742 2602 paysan, vraimant joli.
633 2503 3422 2751 Oui, c'est très joli, n'est-ce pas? et pas cher. Enfin ce
108 2569 480 2785 VVVotre WABl.
621 2714 3368 2884 n'est pas non plus bon marché. M. Swatek de Salzbourg me
621 2884 2946 3041 réserve des choses comme ça, il connaît mon goût.
103 3041 3422 3219 Albert RHON (taille moyenne, gros, cheveux noirs légèrement grisonnant.
728 3153 3496 3356 et un peu indisciplinés, amples vêtements d'été; il descend
724 3240 1320 3389 l'escalier).
99 3314 314 3533 !HON
621 3356 3393 3517 Bonjour madame, Bonsoir Directeur. Eh bien,est-ce que nos
633 3500 1833 3695 touristes sont de retour.
99 3629 472 3848 Württere Wahl.
616 3637 2375 3856 Non: Qu'est-ce que vous en dites?!
629 3790 3604 4051 Ils reviendront..... Ils auront peut-être déjeuné copieusement
87 3819 339 4009 RHON
621 3964 1734 4171 Ma femme tout au moins.
95 4096 3298 4332 UNE TRIS JOLIE ANCLAISE (s'approche d'Aigner avec un accent anglais)
629 4307 3149 4502 Monsieur le Directeur, je voudrais vous dire un mot.
629 4468 1436 4680 Excusez-moi......
91 4431 368 4729 anctoës
1506 4468 3335 4717 (Il se lève et s'en va avec elle verra
629 4634 1171 4837 l'arrière).
91 4754 604 4990 RHON (à Mme
807 4795 3037 5011 Savez-vous qui c'est? Sa nouvelle conquête.
