4184 5368
1806 249 2075 412 I. I.
1842 432 2120 632 -120-
656 652 3526 848 yable et - effrayant... La liberte qu'on affiche ici, manque
677 827 3506 1031 surtout de foi en elle-Ome; aussi les mines enjouées ne lui
677 1011 3648 1162 réussissent pas... c'est pourquoi elle ricane.. quand elle veut
681 1141 966 1345 rire.
416 1296 3603 1484 CANIA. - Vous êtes injuste docteur. Nous faisons ce que nous pouvons.
693 1419 3644 1651 Cela ne va pas toujours tres vite. Mais nous avons les meilleu¬
677 1639 3660 1777 ra intention. Vous ne remarquer pas? Adèle Natter, par exem¬
681 1745 3734 1908 le, amène ses enfants avec elle nous notre mison; je capse avec
701 1871 3575 2059 Ernu comme si le lac de Völs Stait l'eau la plus innocente du
685 2030 3660 2262 moinde; Fredérie joua aa partie ne tennis avec le Lieutenant von
689 2238 1186 2397 Aigner...
412 2319 2197 2584 Au E. Jourquoi ne le ferait-il pas
424 2519 1606 2747 oh.Docteur
448 2674 2230 2866 reur. - oai, je vais. cela au zi...
448 2857 1675 3053 a vous l'a dit :
872 2951 3004 3196 rai -? Prensz garde, denia, rondrie lui-m¬
497 3033 746 3179 2.
1141 3098 3591 3351 (La partie de tennis est finie. Les joueurs se rap¬
1284 3249 2181 3404 prochent peu à peu)
444 3294 3726 3636 GANIA. - Frederic..?! Naturellement il s'en doute. Je l'ai lu aussitôt
697 3473 3497 3791 dans son regard... quand il nous a naàués du belcon... Mais
709 3656 3722 3872 pourquoi ce conseil "Prenez garde" -? Il ne peut pas trouver mal
717 3779 3722 4080 que.. Pout-être Otto se serait-il tue lui aussi - comme l'autre.
713 3950 3681 4182 Et on ne doit pas pousser un jeune homme à la mort pour une pa¬
717 4121 3636 4337 reille futilite. Frederic sera content de moi. Denain quand...
685 4341 3693 4590 mon amant sera parti... je lui racontersi moi-même toute l'his-
726 4553 1039 4741 toire.
567 4533 3656 4847 DER.- Cela ne sera pas nécessaire. Il ne se doute pas. il SAIP...
713 4728 3762 4973 il a vu le Lieutenant cette nuit... à une heure et de de...
452 4896 3697 5165 GRALA. - (mouvement de surprise; elle reprend tout de suite son calme)
