3848 5256
1600 159 1864 423 - 28 -
1799 366 2361 521 linii ma-
175 370 2983 643 OTTO.- Vous me permettrez bien de ### oigarette.
175 598 3451 830 PAUL. - Bien. Nous allons jouer aujourd'hui la partie sérieuse. Un tour-
415 737 3321 952 noi de "singles", Peut-être M. Hofreiter viendra-t-il encore à
423 887 3333 1127 temps pour y prendre part. Aujourd'hui il faut décider finale-
415 1054 2621 1229 ment du rang de chacun...! (Il sort avec Erna)
163 1193 2055 1380 Mme VABL.- Qu'est-ce qu'il y a ensuite?
163 1392 3317 1551 STANZIDES. ( continue de lire) "Une des plus fameuses cimes du Sud -
411 1486 3354 1640 Ouest des Dolomites à cause du danger que présente son ascen¬
492 1575 3228 1758 sion; la même où, il y a sept ans, un jeune médecin, le Dr
423 1628 1575 1787 " Bernhaupt, a trouvé...
175 1795 3435 1933 Hme WABL;- Oui, madame Genia, ils ont entraîna Erna sur cette montagne.
456 1893 3264 2165 Je n'ai jamais été aussi en colère de ma vie qu###je
403 2043 1925 2283 après le Dr mauer et votre mari.
155 2182 3309 2438 GUSTAVK. - Devant la bruyante fureur de naman les deux messieurs sont
403 2373 1184 2572 partis aussitôt.
155 2495 3386 2702 GEMIA.- (regard furtif vers Erna, souriant) Mais il me semble que Fré-
403 2678 3431 2894 déric a porté sa mauvaise conscience bien légèrement, chaque jour
403 2873 3297 3093 J'ai reçu de lui une carte d'un endroit différant: de Kaprile,
383 2987 2108 3162 de Pordof, et Dieu sait d'où encore.
138 3101 3341 3354 Mme NABL. - ( a pris le journal dans les mains et feuillette). Qu'est-
383 3293 1803 3476 ce que c'est que ce journal?
122 3439 3313 3728 MATTER.- Mais maintenant vous êtes fière, madame, de la célébrité de
395 3618 1392 3818 mademoiselle Erna...
134 3765 1290 4009 (Mme) wAHL.- Fière - moi r
134 3850 3028 4151 GRNIA.- (viens vers eux, à peu près au milieu où est Mme Wahl).
3044 4013 3394 4192 du’est-
379 4192 3411 4396 ce que c'est que cette feuible? Je ne la connais pas... comment
366 4375 1099 4583 est-elle ici?
110 4477 2861 4672 Mme WaH.- Tiens, il y a quelque chose souligné en rouge.
126 4648 3260 4884 STANZIDES.- On doit éviter justement de lire ce qui est souligné en
346 4794 1465 5010 rouge dans un journal.
