3880 5224
1617 294 1979 439 — 94 —
141 343 545 645 FREDERIC
576 370 3646 660 Oui, justement, il vouenprie de l'excuser, il a reçu un télégramme
572 599 2658 824 qui le rappelle, il a dû partir brusquement.
126 706 511 965 Kme WAHL
587 744 3497 950 Un télégramme, le Dr Mauer? Cela me parait...... Mes enfants,
580 908 3535 1133 on me cache quelque chose. Il est tombet...... Il est....mort!
130 950 511 1217 FREDERIC
580 1053 3612 1236 Non, écoutez, maman Wahl, croyez-vous que nous pourrions bavarder
564 1186 2048 1381 là aussi tranquillement.
111 1335 511 1545 M###e 7 ̃
572 1346 2101 1522 Oh, avec vous on ne sait jamais.
553 1487 2422 1754 J'aurais au moins pris des gants noire.
122 1510 484 1697 FREDERIO
114 1686 492 1865 BERKENITZ
538 1651 2830 1911 (arrive en smoting, cravate blanche, vers Aigner)
2811 1716 3543 1968 J’ai l’honneur
553 1930 3547 2101 de me mettre à vos ordre, M. le Directeur. Mon linge est arrivé
599 2071 3543 2231 et j'ai été si heureux de me mettre aussitot dans une
3108 2201 3543 2357 tenne.
545 2231 2368 2365 correspondante au rang de votre Hôtel.
553 2357 2822 2597 Vous êtes tout à fait irrésistible, M. Serknitz.
103 2349 389 2540 AIGNER
111 2529 492 2715 R.S.E.R.K.NITZ
530 2536 1949 2719 (passe dans la salle à manger)
107 2708 1697 2944 Mme WaHL et AIGNER (en même temps)
606 2830 3364 2998 (Mme Rhon et Custave, Rhon, Meyer, d'autres, qui descendent
629 2971 2288 3146 l'escalier, dans la salle à manger)
103 3089 1434 3295 ERNA et FREDERIC (ensemble)
88 3230 2174 3493 FREDERIC (à haute voix) Venez Erna (plus bas)
2162 3310 3364 3532 Te rappelles-tu ce que tu
564 3459 1792 3661 n'as dit tout à l'heure?
72 3631 286 3806 ERNA
576 3646 812 3806 Oui.
80 3764 458 3966 FREDERIC
580 3760 2998 3993 On vient de servir là ce soit notre repas de noces.
88 3951 301 4111 ERNA
568 3924 3352 4146 Et haureusement, il n'y aura personne pour porter un toast.
84 4096 454 4264 FREDERRIO
564 4069 1526 4321 Et tu m'appartient..
65 4249 286 4447 BERNA
549 4268 801 4458 Ou 1.
69 4420 442 4676 FREDERIC
557 4416 3520 4584 Refléchis bien à ce que tu dis. Ce soir, à l'heure où ta porte
557 4557 3566 4779 devra être fermée, je l'enfoncerai et ce sera fini de nous deus.
57 4733 305 4908 ERNA
542 4740 2742 4924 Mais rien ne sera jamais fini entre nous deux.
88 4851 450 5088 FREDERIC
549 4916 1045 5049 Erna....!
