3720 5240
1572 275 1914 468 — 78 —
602 357 2464 613 Il parait que vous avez joué au domino###
115 546 431 714 RHON
613 554 2092 751 Que tu est méchant! J'ai gagné.
111 717 286 914 HON
591 721 3423 918 Il m'aureit été plus agréable que tu aies essayé le grimper.
115 866 435 1085 ne Rhond
576 884 3307 1078 J'y ai bien pensé un moment. Mais ils n'ont pas voulu me
569 1026 1427 1204 prendre avec eux.
93 1167 264 1371 HON
580 1171 3501 1342 Ecouté, c'est ennuyeux que tu aies de telles idées. Je n'aime
569 1323 3560 1498 pas que le plaisir de la solitude me soit gaté par le souci que
591 1472 3386 1713 J'ai de toi. Quand tu n'es pas près de moi, je ne veux pas
580 1609 1613 1788 avoir à penser à toi.
580 1780 3326 1992 Pour ça, je puis vous assurer qu'elle n'a pas pensé à-VOUS
111 1769 383 2007 RUSTAVE
576 1951 3363 2118 non plus, Maître RHON, Cela pourrait même tourner mal pour
1550 2092 2241 2193 -ne mis
569 2092 3356 2334 vous. Seulement Ml se trouvait que je n'étais pas le genre
569 2271 1330 2445 de votre femme.
565 2412 3237 2579 Dites-moi Gustave, pourquoi manquez-vous ainsi de tact?
844 2534 1096 2650 us ou
1371 2546 1732 2661 toria
1271 2609 3374 2772 je vous de ce que je pense là dessus?
520 2534 1100 2735 Koulez-vous
89 2568 360 2731 IJ. TAVE
1323 2702 1713 2806 ce que
676 2698 959 2795 J'abord
557 2769 3434 2943 surtoat ce qu'est le tact? Une vertu de troisième ordre. Le
546 2914 3445 3062 mot est d'ailleurs relativement nouveau. On ne le trouve pas
557 3044 3519 3218 chez les Romains ni chez les grecs, ni - ce qui est très remar-
569 3192 1561 3412 quable - en sanscrit.
111 3337 795 3564 se RhON (à Rhôn)
821 3393 3393 3582 Eh bien,et toi qu'asitu fait pendant ce temps? As-tu
543 3553 1342 3768 avancé un peu?
535 3679 3508 3932 J'en suis à la fin du troisième acte; lorsque le public pénètre
550 3876 2044 4114 très excité dans le "restaurant.
93 4080 398 4225 Ie REON
535 4073 2772 4255 Et je suis précisément revenue à ce moment-là.
78 4240 282 4430 ION
524 4222 3382 4448 Cette fois l'entr'acte ne durera pas longtemps. A partir de
528 4407 3285 4612 demain matin je m'emferme de nouveau et deviens invisible.
531 4538 3430 4720 Même, si tu n'y vois pas d'inconvénient, je ne mangerai pas à
539 4679 3426 4894 table d'hote, mais dans ma chambre où je ne serai pas troublé
517 4887 3486 5036 par les insupportables regards de figures stupides. Tu pourras
