4216 5336
1920 168 2155 403 - 55 -
833 415 3825 571 J'aurais plaisir à partir pour quelques jours dans la montagne.
845 559 3927 724 Que je parte aujourd'hui - ou demain, ou après-demain..... il n'y
837 716 2323 915 a pas là un motif d'étonnement.
379 864 2214 1083 CENIA (se passant la ain sur le front)
2194 876 3786 1119 Certainement, tu as raison. C'est
845 1044 3215 1322 seulement parce qu'il n'en avait pas été question.
1842 1283 2628 1432 (silence pénible)
845 1428 3954 1572 Allons, je télégraphierai naturellement tous les jours, aussi bien
395 1295 774 1643 FREDERIC
845 1576 3747 1729 ici qu'au bureau. Et j'écrirai aussi. De ton côté donne-moi
1283 1694 3637 1881 sment des nouvelles. Et si quelque chose de Percy
849 1694 1302 1909 regulier
845 1854 3982 2061 arrive, envoie-le moi.... même ei c'est adressée à la dear mother.
837 2034 3868 2210 Oui, mon enfant, Allona, il s'agit de....... Mauer Zeit vraiment
849 2171 1541 2374 s'impatienter.
860 2335 2304 2499 Pourquoi pourquoi  para-tu!
399 2331 661 2546 GENIA
3446 2437 3817 2632 Je crois.
849 2507 2722 2707 (un peu impatient mais sans bnusquerie)
415 2527 794 2691 TREDERIC
2710 2566 3943 2722 Ecoute Genia, xxxe semble
868 2738 2472 2922 que j'ai répondu à cette question.
857 2867 3325 3055 Tu sais très bien que tu ne m'as pas encore répondu.
442 2867 657 3059 SENIA
853 3004 3833 3192 Il me semble que cette manière de questionner est quelque chose
438 3070 794 3254 PREDERIC
857 3195 1917 3387 de nouveau entre nous.
849 3356 3954 3524 Tu n'es pas obligé de me faire des discours, c'est certain. Mais
422 3368 661 3645 IENIA
3731 3458 3974 3567 -tu
845 3548 3962 3684 je ne vois pas non plus de saison pourquoi tu ne me répondrais pas
857 3688 1451 3845 franchement.
849 3833 3868 4021 Eh bien, ma chère enfant, puisque tu trouves que cela doit être
438 3825 794 4064 ORDERIC
2179 3954 2433 4052 Voici
849 4017 3712 4181 expressément formubé, alors voilà : Je ne me trouve pas bien,
849 4138 3747 4338 depuis quelque temps. Cela passera probablement - c'est même
868 4318 3935 4482 sûr. Mais j'ai précisément besoin pour quelques jours d'un autre
849 4451 3900 4670 air, d'une autre atmosphère. Ce qui est certain, c'est que j'ai
860 4611 2182 4819 besoin de m'éloigner d'ici.
829 4752 2890 4971 Tééloigner d'icil?.... t'éloigner de moi###
477 4744 669 4975 ENIA.
