4168 5272
461 246 1091 431 Mme MEINHOLD
1909 219 2122 370 132
1148 276 3058 515 Merci. Vous revenez de la ville si tôt?
468 434 700 586 FRED
2260 438 2431 535 vais
1148 441 3772 687 De la ville? non. J'y m'a maintenant, J'ai seulement
1142 603 3721 805 fait ma promenade matinale. Un... temps merveilleux...
471 741 1081 919 Mme MEINHOUD
1148 731 2623 953 Vous avez fait un beau voyage?
465 896 700 1064 FRED
1135 929 3566 1135 Oui, très don. Très bon. J'en suis ravi. Bon tempe,
1131 1061 3206 1256 figures intéressantes, que veut-on de plus?
468 1172 1057 1381 Mme, MEINHOULE
1128 1263 3657 1435 J'allais oublier, j'ai un souvenir à vous transmettre.
455 1381 855 1573 FRED
1088 1398 2088 1566 Un souvenir? A moi?“
461 1539 1071 1714 Mme MEINHOUD
1145 1579 3654 1748 Vous allez être étonné. Un souvenir de M. von Aigner.
448 1674 748 1862 GENIA
1115 1724 1862 1845 de votre mari?
448 1795 1054 2044 Mme MEINHOLD
1128 1822 3822 2041 Oui, ce matin. Une lettre de lui est arrivée avant que je
1128 2037 3772 2229 sorte, tout à l'heure. C'est la première après beaucoup,
1135 2199 3775 2313 beaucoup d'années. Et dans quelques jours, il vient lui-
1105 2340 3667 2529 même. Pour une conférence avec le Ministre, me dit-il.
1115 2512 3687 2670 Oui, naturellement, à cause de la nouvelle ligne. Elle
451 2472 667 2654 FRED
1105 2681 3687 2802 sera considérable, cette ligne. D'ailleurs il deviendra
1105 2792 3640 2977 peut-être Ministre un jour votre mari. C'est un homme
1091 2977 3698 3125 remarqueble, un homme très remarquable. Il a encore un
1088 3145 1728 3314 grand avenir.
445 3270 1024 3462 Vme MEINHOULE!
1121 3290 2381 3442 Vous croyez cela vraiment?
1105 3469 1795 3654 Pourquoi pas?
438 3445 670 3657 FRED
431 3590 1044 3782 àme MEINHOLD
1108 3610 3617 3809 Il perle aussi dans sa lettre de sa santé précaire...
1098 3799 3805 3953 Santé précaire!..... Il ne peut plus grimper sur les pice,
414 3765 650 3994 FRED
1091 3906 3799 4095 certainement, mais devenir ministre, c'est moins puni-
1084 4068 3724 4199 ble. xxx les chutes sont moins dangereuses. Il n'est du
1067 4196 3667 4354 reate pas du tout malade. Il est la vitalité même. Il
1074 4347 3677 4543 nous en terrera a toue. Pardon, je ne peux naturellement
1064 4506 3566 4704 parler que demoi, nous ne pouvons tous parler que de
1071 4714 1664 4876 noua-mêmes..
1660 4708 2037 4943 (II rit
2088 4768 3499 5021 Un homme très intéressant.....
