4152 5448
1953 317 2564 599 -:-
940 362 1427 534 1 1/1 1
808 631 3617 840 pour toi d'aller retrouver ton fils, que de... que de partir
780 776 1101 977 d'ioi.
514 804 3665 1149 SENIA. - Je beyse que tu ne souffriras pas beauceup de mon absence...
784 1053 2958 1322 Mais à quoi bon parler de cela. (Elle se lève)
788 1194 1644 1439 10.- Qu'y n-t-il?
510 1129 715 1423 Das
514 1386 3649 1608 demIA.- Rien. Je vais dans le jardin (Elle commence à descendre les
2395 1487 2853 1628 marches).
510 1567 1957 1816 FRADERIC.- (la suit du regard)
526 1736 3191 1941 GEMIA.- (lenteent le long de la pel use vers l'arrière).
498 1865 3685 2122 FREDERIO.- (Geseend de la véranda, encore avec son pardessus mais il
1202 2029 3597 2166 a laissé son chapeau. 11 s'arrête près d'un rosier,
1210 2110 2001 2255 respire une rose)
1997 2142 3685 2339 Elles n'ont plus de parfum cette an¬
784 2283 3778 2500 née. Je ne sais pas pourquoi. Chaque année elles deviennent plus
723 2451 3139 2693 belles mis elles ont perdu l'habitude n'enbaumer.
502 2600 3420 2817 Ce la.- (lente ent vers l'arrière, les ains derrière le dos).
514 2749 2628 2974 FRADARIC. - (après un silence) Booute - Gonia.
514 2922 1483 3139 JEKIA.- Je t'écoute.
514 3046 2102 3287 FREDERIC.- Viens plus près de Roi.
502 3199 2496 3460 CENLA.- (S'approchant lentement) Ne voilh.
510 3388 3693 3633 FREDERIC.- depute, Génin. veux-tu me dire (Il le regarde tranquille¬
2652 3480 3536 3625 ment dans les yeux)
792 3645 3348 3870 dois probablement savoir pourquoi Korsakow s'est tue?
583 3878 3782 4107 ENIA.- (tranquillement) ne signifie cette ouestion? Tu sais que jez.
796 3962 2443 4188 ise aussi surfhürt
530 4083 3758 4344 FREERIC.- On a eu cette impression en effet. Alors dis-moi, pourquoi
792 4332 3319 4469 veux-tu me quitter... comme ça du jour au lende sin?
510 4445 3609 4678 CENIA.- Je ne veux pas te quitter. Je veux être près de Percy. Et
780 4601 3673 4879 non pas du jour au lendemain, mais en automne seulement. Pour
780 4798 1680 4983 aller avec Percy.
534 4859 3291 5172 MARERIC.- Oui, sans ceprétexte ce serait trop surprenant.
