4216 5336
1917 199 2179 432 53
973 432 3829 626 L'étnique revanche pour une injustice.... que quelqu'un a pu
986 592 1917 795 nous faire un jour.
982 724 3821 935 Mais être éternellement injuste à cause d'une.... injustice
394 812 652 990 GENIA.
977 910 2353 1134 passée - n'est-ce pas trop?
389 1007 1346 1278 Mme MEINHOUD (amère)
1333 1113 3829 1312 Il y a des choses qui ne sont jamais du passé. Et il
990 1320 2987 1515 y a des coeurs dans lesquels rien ne passe
3021 1312 3436 1506 (silence)
3448 1409 3791 1566 Est-ce
1020 1544 3685 1803 que cela vous parait tragique aussi, chère Madame Genia?
1016 1748 3753 1955 Vous voua dites peut-être "quelles histoires ne raconte là
1020 1874 3808 2082 cette vieille comédienne, Que veut-elle? Elle est depuis
1020 2031 3834 2247 une éternité séparée de son mari, elle a ensuite, parait-il,
1016 2221 3736 2403 arrangé sa vie selon son bon plaisir... elle m'a pas à se
1020 2382 3791 2560 plaindre.... que veut-elle? "N'est-ce pas madame
1908 2505 2090 2606 to be
1028 2564 2285 2738 Genia, vous pensez cela?
800 2695 1705 2907 (un peu embarrasée)
432 2721 707 2915 GENIA
1731 2784 3762 2928 Personne ne peut contester que vous avez le
1760 2890 2382 3004 à votre grise.
1028 2924 2911 3097 droit de vivre comme il vous plait....
453 3093 3850 3300 Mme MEINHOLD Naturellement, j'ai ce droit; c'est une autre question. Et
1028 3228 3893 3427 je ne veux pas chercher à persuader qui que ce soit que j'ai
1045 3406 3901 3601 encore la moindre douleur de cette vieille histoire oubliée.-
1045 3508 3821 3715 ou de la rancune! - Non. Seulement je n'ai pas - OUBLIÉ...
1045 3656 3884 3952 c'est tout. Je n'endis pas davantage. Mais Pensez seulement
1054 3842 3724 4054 à tout ce que j'ai oublier depuis: Des choses joyeuses ou
1058 4032 3901 4206 tristes...... oubliées - comme si elles n'avaient jamais été!
1049 4151 3969 4367 Et précisément ce que m'a fait mon mari il y a plus de 20 ans,
1062 4337 3821 4498 cela, non, je ne l'ai pas oublié.... Il faut bien que cela
1062 4451 3927 4676 signifie quelque chose. Sans haine, sans douleur, j'y pense
1071 4612 3965 4853 je la sais seulement - c'est tout! Mais je le sais, comme au
1071 4773 3939 4984 premier jour - c'est aussi clair, ausai ferme ausei irrévoca¬
