4168 5432
1971 381 2196 627 -11
692 590 2758 844 MAUER.- D'ailleurs - l'histoire est classée.
680 791 2831 1037 GENIA.- (Continuant'sourire tranquillement)
2872 787 3884 1061 Vous en ôtes certain?
705 1037 2545 1237 MAUER.- Je puis voua l'affirmer, Cenin.
713 1209 2663 1426 CENIA. - Frédéric vous a vraiment dit.....
705 1348 3868 1586 Maure. - Non; il ne parle jamais de ces choses-là. Mais à quoi servi¬
1008 1508 3848 1684 rait d'avoir un diagnostic sûr? Il y a d'ailleurs pas mal de
1016 1643 3774 1844 temps que la choses est finie. Je vous assure, madame Genia,
1020 1823 3917 2004 que Frederic est positivement toujours au bureau, ou à l'usine.
1016 1967 3987 2147 Vous le connaissez n'est pas! Il lui faut conquérir le monde
1012 2110 3970 2348 avec ses nouvelles lampes incandescentes, si non elles ne l'in-
1020 2229 3958 2512 téressernient plus. Alors madame Natter plasiste (2) Uns rudut lui.
1086 2426 2229 2520 Vous êtes rassurant.
1082 2471 3049 2602 Il est toujours rassurant d'entendre cela.
717 2487 967 2659 GENIA
2286 2532 3479 2659 lieu de nous inquiéter
1069 2569 3938 2782 Il n'y avait vraiment pas l'un motif d'inquiétude. La pauvre
692 2667 922 2815 MUE
1028 2786 3925 2954 Adèle est biennla plus inoffensive personne du monde. Si on ne
1033 2930 2118 3098 savait pas par hasard -
1516 3003 2499 3147 Ce n'est pas d'elle que
701 3028 3991 3266 Zülf.- Oh, elle! Heils ne peut venir aucun danger. Mais, malgré ses
1016 3212 3954 3397 dehors aimables et paisibles, je tiens Monsieur Natter pour un
1016 3360 3790 3553 homme brutal, et même un peu sournois. Et parfois j'ai été
1024 3499 3983 3733 inquière pour Prédéric.- Je vous l'assure - inquiète comme pour
1832 3651 2250 3786 vnd sils
2090 3643 3938 3905 maladalte, qui s'engagerait dans de pe
1827 3749 2008 3880 e e
1016 3688 1787 3880 un fils, - un d
1033 3843 2000 4065 rilleuses a blntures
1065 4003 2262 4225 (S'assied en face d'elle)
2282 4032 3962 4257 Il est intéressant de voir
1045 4229 3905 4442 comment vousdenvisagez ces choses. On pourrait presque croire
1041 4384 3970 4581 que les femmes, qui sont vraiment nées pour la mternité, res¬
1069 4499 2586 4716 Barent etre aussi des mères
1868 4507 3991 4683 von d’être saternelles aussi pour leurçmari,
1041 4606 1254 4712 sede
1217 4704 3827 4782 ne me suis pas toujours sentie si cnater.
2708 4733 3958 4880 n'i pas toujours eu cette
1217 4753 2680 4864 de le devenir, cher doeteur. Je
721 4761 1147 4950 adresse
1082 4827 2524 4933 nelle, mon cher docteur
1360 4851 3962 5024 Dans les premiers temps, j'affois plutôt sur le
1045 4901 1373 5093 humeurs
1360 4950 1836 5093 du'egew.
3610 4954 3909 5130 curie.
1016 5036 2016 5220 point de le quitter.
