3896 5224
1628 223 1900 382 — 90 —
144 321 336 502 ERNA
627 287 1896 533 Vous croyez qu'il l'a vu?
631 491 1303 676 Proöablement.
155 484 521 665 FREDERIC
616 669 3487 850 Et vous croyez que s'il ne s'était rien passé sur la prairie,
132 669 321 820 ERNA
601 827 3596 1012 il ne serait pas parti? Vous êtes dans lerreur. Nous n'aurions
1972 937 2149 1054 is by
586 986 3592 1160 pas pu nous regarder en face nous deux, et il l'aurait remarqué
601 1114 2266 1288 comme les autres le remarquent.....
121 1243 533 1481 FREDERIC
612 1299 2221 1473 Que peuvent remarquer les autres?
136 1435 344 1583 ERNA
601 1409 1757 1602 Ce qu'il y a entre nous.
616 1594 2878 1741 Mais Erna, comment voulez-vous que les gens....
136 1568 499 1760 FREDERIC
128 1730 340 1889 ERNA
604 1745 3135 1927 Nous avons probablement une auréole autour de la tâte.
121 1877 778 2066 FREDERIC (rit)
106 2044 336 2266 ERNA
597 2032 3328 2251 Oui, il doit y avoir quelque chose comme ça Je l'ai déjà
593 2210 3506 2444 souvent pensé. Sinon, comment les gens sauraient-ils aussitôt
589 2384 1179 2520 ce que......
117 2493 480 2693 FREDERIC
582 2508 1791 2712 J'aurais dû partir, Erna.
113 2686 348 2837 ERNA
548 2633 2168 2871 Otest ce que Vous auriez dû faire!
110 2829 472 3026 FREDERIC
586 2841 2240 3026 Il ne faut pas être coquette, Erna.
106 3007 340 3173 ERNA
563 2996 1685 3162 Je ne crois pas l'être.
121 3150 491 3332 TREDERIC
582 3162 1560 3302 Alors qu'êtes-vous?
102 3305 329 3456 ERNA
570 3268 1700 3453 Je suis ce que je suis.
102 3449 495 3668 FREDERIC
582 3426 3619 3615 C'est un avantage que vous avez sur moi. Je ne suis plus du tout
563 3653 3441 3789 ce que j'étais. Je suis fou depuis notre baiser d'hier, fou.
563 3793 3566 4027 Venez plus près de moi, Erna (Il lui prend la main) Asserez-vous
563 3902 1303 4095 en face de moi.
83 4057 291 4265 ERNA
578 3997 1972 4223 Vous devenez grossier......!
87 4242 442 4423 FREDERIO
559 4201 2546 4442 Ernaa je n'ai pas fermé l'oeil dette nuit.
79 4405 351 4575 ERNA
570 4427 3362 4548 Cela me fait de la peine. Moi j'ai merveilleusement dormi.
94 4556 450 4745 FREDERIC
548 4510 3566 4794 D'ailleurs il se doit souvent pour nouveau dans cette atmosphère
552 4695 1655 4881 accablante des chalets.
