4152 5448
3326 299 3579 444 Votre très de lui faire.
2786 311 3040 598 11.11
789 635 3783 785 que chose. Je n'ai rien à me reprocher?! S'il m'avait dit ce qu'
789 801 3617 997 il avait l'intention de faire - s'il me l'avait dit...oh. Je
789 930 2217 1134 l'aurais ramene à la raison...
515 1113 1595 1291 FREDERIC.- Comment -?
515 1287 2649 1441 GENIA. - Je lui aurais demandé sa promesse....
519 1391 3638 1632 FREDERIC.- Comment ça? Mais non! Tu ne lui aurais rien demandé; tu
801 1545 3754 1736 serais simplement devenue sa maîtresse... c'est très compréhen¬
793 1698 1109 1927 sible.
519 1844 1678 2064 GENIA.- Je ne crois pas.
515 2043 1665 2213 FREDERIC. - Allons donc!
527 2168 3168 2388 compte. - Oh, non pas à cause de toi, ni à cause da Percy.
527 2359 2051 2550 FREDERIC.- Pourquoi donc alors?
515 2479 1649 2687 GEMIA. - A cause de moi.
656 2645 1997 2828 DERIC. Je ne comprends pas.
507 2749 3683 3023 σENIA.- Je n'aurais pas pu. Dieu sait pourquoi. Je n’aurais pas. pu.
1723 2961 2180 3143 (silence)
532 2994 2072 3305 PREDERIC.- Voilà ta lettre, Genia.
515 3268 1404 3476 GENIA. (la prend).
1727 3401 2433 3609 MUER (arrive)
519 3447 3858 3804 MAUER. Bonsoir mes chers amis. J'espère que je ne vous ai pas fait trop
793 3746 1711 3924 longtemps attendre.
515 3862 3758 4082 FREDERIC.- (allant à sa rencontre) Bonsoir, Mauer. Alors Stanzides va
785 4024 3019 4223 tout à fait bien. Il est au casino, au concert.
519 4157 2550 4389 MAUER.- Oui, je l'y ai accompagne moi-Gme.
515 4314 3800 4530 FRADARIC. - Paul Kreindl était là à l'instant; nous devons y aller aus¬
785 4489 1673 4705 si après le dîner.
532 4618 2180 4850 CENIA. - Je veux voir si le dîner...
544 4759 3663 4995 FREDERIC.- Ecoute. Cenia, j'ai une idée... Allons tout de suite au
785 4933 3754 5137 casino. Je ne sais pas pourquoi, J'ai une grande envie de musi¬
