4168 5416
3005 391 3633 616 - ̃'
845 395 1398 632 1 '̃'̃̃: 1' •̃ :̃
2267 379 2689 600 Votre très-ciès de l'autre est vrai-
1627 328 1848 648 1
1955 509 2156 616 -9-
849 640 3728 841 penser qu'il y a dans les Bolomites un rocher ausuel vous êtes
845 825 2128 1023 en quelque sorte apparente.
1177 971 1528 1066 foi non
580 924 3755 1204 dire. - Je n'est pas très curieux. Indemoiselle. Tous le deux. le rocher
837 1114 3807 1315 et mon père, me sont assez étrangers. J'étais un enfant de 4 ou
916 1283 3187 1481 ans lorsque mes parents se sont séparés........
561 1410 3412 1631 Mme xxx. - Et depuis, Uxt n'avez-vous jamais revu votre père?
533 1591 3100 1848 ne l'ont pas permis
541 1734 1955 2002 ingebracht. - (Se disposant à partir)
2034 1781 3660 2045 lions maman.... je crois qu'il est
809 1970 1121 2180 terns.
2748 2136 2962 2243 avec
833 2105 3676 2405 H.L.-hui. vraimentl.... 11 xaut ou finir xxx nos bagages.
537 2113 723 2385 2e
865 2310 1125 2456 (ager)
2199 2361 2369 2464 que
1137 2330 3743 2567 aous ne sonnes arrivées seulement samedi, nous ne sommes
809 2539 3771 2772 pes encore installées... Nous prenons nos repas dans cet infect
802 2689 1828 2894 rest-drant du consine.
896 2815 2496 3001 wie xxxman, celu xxx bemnevitp.
573 2815 802 3033 P.
541 3013 723 3183 Mne
790 2993 3668 3159 L.- mais il y a trop de gens, surtout le soir.... Allons, au
786 3187 3751 3337 revoir Madame Copie.... Est-ce que vous nous faites u bout de
778 3301 1785 3503 conduite, lientenant
2993 3372 3530 3503 Monsieur le Sr.
521 3467 3625 3672 Otto.- Si vous le per ettez.... Au revoir madame, mes compliments
798 3597 1339 3771 votre ri.
963 3732 2843 4004 revoir. nd e genis. Au revoir docteur.
1852 3921 2247 4091 départ)
1358 3992 2859 4233 (Lune ou ilmois, avec sortout)
2109 4213 2389 4474 [S.R.U. S.
857 4320 2792 4600 (regarde Erna, et après un petit silence)
2768 4494 3700 4731 En voilà une à qui
600 4663 2575 4798 on pourrait presque pardonner sa mère.
971 4750 1903 4857 Il j'en ade rires
1891 4754 2286 4885 que cette
1891 4817 3834 5023 La bonne V.A.H. je la trou¬
533 4810 1457 4964 E LA.- Se n'est pas
1544 4841 1706 4952 o
770 4916 3171 5173 ve plutôt comique. S'il ne s'agissait que de cela
3238 5043 3649 5216 (pendant
