4168 5432
1256 334 1521 579 Veuille.
1937 366 2135 599 -7-
696 614 1937 879 GENIA.- C'est Frédéric....
688 801 3795 1019 - On peut arranger tout de suite une partie de tennis. Est-ce
949 972 2252 1186 que le terrain est préparé.
1124 1108 1326 1190 Om
3655 1050 3904 1225 hier
992 1167 2504 1334 g-turellement. Nous avons
2621 1151 3970 1346 seus heures hier, jeué x deux
665 1136 945 1334 OTTO.
945 1279 1902 1501 M. Hofreiter et Roi.
1734 1400 1975 1513 Est-il
669 1416 848 1618 "Mme
976 1435 3854 1614 L. - Est-ce qu'il est bien convenable, dans ces circonstances,
945 1610 1925 1758 de jouer au tennis?
1015 1734 3959 1929 (L'o) ̃
708 1762 879 1937 P7
945 1878 3959 2119 tout naturel. sur jattoube Je voudrais xxxm qu'on donse le crk e¬
2742 2084 3177 2224 t une sy
3480 2053 3889 2228 le pensée
929 2042 4029 2341 de prouverait qu'on pense à moi.
929 2232 1548 2384 denen Egerd.
914 2376 3889 2613 mn. (Arrive. 38 ans. Il porte toute sa harbe, blande. Pineenez.
1128 2512 3850 2644 Cicatrice d'un coup de sahre sur le front. Costume sombre.
1124 2578 3399 2765 Il n'eet pas élegant, mie il n'est pu négligé.
964 2675 2458 2913 Bonsoir mesdames, messieurs.
723 2862 999 3060 Le Comte de
1042 2808 1905 3068 C'est vons docteur
922 2990 2734 3158 (saluant toujle monde rapidement). Ja
3076 2971 3994 3216 Mes hommages
1983 3138 2318 3228 -
910 3162 1672 3372 masu e ( e.
1859 3208 3982 3438 sonsoir mdemoiselle Erna, bonscif lueutenant
929 3282 1365 3547 ( Genl.)
1314 3426 4009 3636 Frédéric vous prie de l'excuser, xxxmae Genix, il m enco
2248 3597 2893 3714 à accompagné
2442 3624 3947 3850 avec lui jusque là et il a eu
914 3597 2259 3830 re à faire à l'u ine. Je l'ai
898 3772 3850 3998 l'amabilité de me laisser l'auto pour faire quelques visites à
926 3904 3200 4138 mes malades. Il viendra plus tard avec le train.
2932 4075 3111 4200 " "
3391 4114 3609 4235 dans le dernier
638 4052 813 4262 1
922 4110 2695 4247 I. - Nous vous prions de nous excuser.
2839 4169 3967 4363 Nauer) Peut-être aurons-
898 4320 3854 4484 nous le plaisir de vous voir chez nous, docteur ; bien que nous
922 4484 2804 4694 myons, dieu merci, une excellente santé.
630 4663 3749 4810 Haus. - Mais il faut venir bientôt, docteur; en Juillet neux partons
910 4791 2660 4993 dans les Polomices, au Völser weiher.
622 4946 1248 5156 MAUER.- Ah!
