3704 5240
336 131 507 358 11
1604 254 1922 470 — 30 —
119 366 340 612 CNER
612 377 1821 608 Je ne l'ai pas encore vu.
612 560 3444 713 Dies-moi, Monsieur Hofreiter, quelle était votre impression
601 672 2563 791 cela tous a-t-il fait de nous retrouver à
616 743 2951 940 lorsque vous etes retrouvéz la même place?
616 873 3224 1093 A la même place? Non Dieu, opt ans c'est long. J'ai
108 869 433 1052 W. REDERIC
623 1022 3388 1201 oublié des choses moins lointaines. J'oublie très vite...
612 1179 1172 1381 si je veux.
616 1313 3261 1556 Oui..... il doit arriver souvent qu'on passe à côté de-
500 1522 3190 1694 à l'endroit où quelqu'un est tombé près de nous, mais la
616 1649 3351 1806 plupart du temps on ne le reconnaît plus. Ne croyez-vous
623 1810 993 1989 pas -?
97 1970 429 2183 EDERIC
631 1933 3500 2142 Vous n'imaginez pas combien je suis peu disposé à philiscepher
631 2131 1459 2302 Maitre Rhon...... 18-10
112 2246 597 2455 du 1 KREINDL
634 2257 2239 2466 (Descens rapidement les escaliers)
131 2444 399 2612 SÈINEL
612 2422 1914 2627 Bonjour Monsieur Hofreiter.
116 2522 3116 2780 RÉMERIC (relativement indifférent). Tiens - Paul Salutbonsour
563 2750 3422 2918 Bonjour Monsieur Rhon. J'ai déjà eu une fois le plaisir....
604 2888 3373 3078 Avant tout, j'ai une masse de souvenirs à vous transmettre.
612 3067 3295 3231 D'abord de Madame Hofreiter, puis du capitaine Stanzides,
616 3194 3298 3347 du couple Natter, de Mme Meinhold-Aigner, du jeune M. von
601 3377 1164 3548 Aigner....
112 3504 414 3709 DERIC
575 3481 3261 3683 Permettez que je vous présente...M. Paul Kreindl - M. le
601 3649 1631 3851 Directeur von Aigner.
601 3806 1840 4004 sh...... très heureux......
1888 3888 3302 4123 (Il se tait, un peu embarrasé,
601 3974 1742 4179 puis à Aigner bravement)
1757 4052 3220 4276 J'ai eu le plaisir de faire, la
612 4228 1925 4463 connaissance de votre fils.
112 4403 918 4601 GNER (tranquille)
1011 4403 2992 4612 Je regrette de n'avoir pas eu ce plaisir.
601 4593 2336 4802 Eh bien qu'y a-t—il de neuf à Baden
97 4608 418 4839 DEREDERIC
2384 4675 2978 4869 (tranquille)
2989 4657 3362 4918 Vous ne
601 4828 2784 5063 savez pas si ma femme à l'intention de venir?
