4136 5432
1838 334 2155 473 - 32 -
883 363 1103 596 1
1660 431 2324 583 DEUXIEME ACTE
1289 592 3355 837 (Villa Hofreiter; le jardin qui y confine)
883 777 3650 951 Derrière la maison à gauche. Porte qui conduit directement
507 925 3862 1035 dans le jardin. A droite et à gauche de la porte, deux fenêtres en par-
515 1006 3701 1103 tie ouvertes. Un petit balcon au premier étage. Pelouse au milieu.
507 1048 3824 1179 Plus loin à droite un grand noyer; desous: banc, chaises, table. Plus
515 1158 3731 1284 loin vers l'arrière au milieu un bouquet d'arbres qui cache en partie
507 1208 3870 1356 un terrain de tennis tout à fait dans le fond. Un haut pillage entoure
507 1322 3600 1403 ce terrain. En dehors de la grille, à droit et à gauche, un banc.
515 1360 3900 1529 Deux petits bancs de chaque coté de la porte de la maison, sous les fenê-
503 1475 1648 1631 tres du rez-de-chaussée.
870 1593 2387 1762 Jour d'été chaud et ensoleillé.
934 1690 3718 1927 (sous le noyer en robe claire. Un livre dans la main mais
592 1753 879 1922 GENIA
608 1859 1475 2011 elle ne lit pas).
938 1956 3819 2112 (Une partie est commencée sur le terrain de tennis. A gauche
608 2041 3925 2197 Frédéric Hofreiter et Adèle Natten, à droite Erna Wahl et Paul Kreindl.
617 2163 3701 2265 On devine les costumes blancs, mais on ne peut pas reconnaître les
617 2227 3870 2353 joueurs. De temps en tempe en entend : "Fifteen, thirty, fourty, out,
621 2315 1652 2467 deuce, second”.. etc).
955 2450 3802 2581 (Bientôt après le lever du rideau arrive Otto von Aigner, en
592 2531 3701 2658 Hervil cette fois, en coutume de tennis et chapeau panama; il a une
608 2611 3739 2725 raquette en mains; il vient de derrière la maison et se dirige vers
604 2696 3790 2822 le tennis. Il aperçoit Genia qui a entendu ses pas et va vers elle.
604 2776 2590 2953 Elle le salue d'un aimable signe de tête).
410 2865 2425 3093 OTTO. Bonjour Madame - Voue ne jouez pas?
431 3080 3511 3249 GENIA. Comme vous voyez, lieutenant. Il sont trop forts pour moi.
562 3274 3203 3490 (Une balle passe devant Otto qui la renvoie prestement).
486 3439 2239 3633 DES VOIS DU TERRAIN DE TENNIS. Merci!
422 3625 3798 3773 OTTO. Ce ne sont pas tous des xxx... exception faite de votre mari
608 3777 3802 3955 naturellement. Excusez-moi Maisme de vous avoir dérangée dans votre
621 3908 3173 4086 lecture.... (Il fait le geste d'aller vers le tennis).
422 4001 3760 4259 OENIA. Vous ne me dérangez pas du tout, J'ai bien essayé de lire mais
617 4200 2370 4428 je sommeillais plutôt. Cet air......
418 4339 3815 4542 OTTO. Oui, il fait bien chaud. Mais quels beaux jours! C'est maintenant
634 4512 2848 4698 qu'on peut vraiment jouir de nos belles forêts.
