3944 5716
2844 378 3636 657 "Aufgenommen" 4,7, jängere.
718 386 1096 640 1
1568 566 1761 673 -4-
414 751 3168 936 J'étais une jeune fille de 17 ans. Bien avant vous, madame.
234 915 1317 1116 zHIA.- Encore "madane".
181 1046 1658 1280 PNA.- (presque effectueusement)
1740 1100 2093 1342 G.C.F.P
2118 1129 2310 1309 J: A: de
2257 1137 3443 1403 (Elle lui baise la ain).
538 1354 3451 1494 Il avait d'ailleurs beaucoup d'affection pour alexis Korsakow.
164 1383 480 1539 C.L.14.
542 1486 1051 1576 sans doute.
529 1490 3406 1732 dvide ment. Mais je penseis que Korsakow était sim le ent son
156 1527 447 1687 C.R.S.
402 1670 862 1871 pianiste.
205 1781 2696 2015 RNIA - ne voulez-vous dire par là... son pianiste.
156 1986 3455 2175 E.E. - Eh bien, come le pr mauer est son meilleur m i. M. Fatter son
382 2118 3464 2356 banquier, moi, au partenaire de jeunis, le lieutenant Stadzides...
406 2286 927 2491 sen temoin.
226 2462 456 2635 .
521 2487 932 2614 Oh....
513 2602 681 2680 jour
160 2557 3406 2811 le cas où il en aurait besoin, je veux dire...Il ne voit
263 2725 3451 2934 dans chacune des personnes ui l'entourent que ce qui pout preci¬
378 2934 3443 3152 so ent lui convenir, at ce que les hommes peuvent être en dehors
382 3049 1900 3271 de cela, il s'en souvie à peine.
160 3176 3418 3418 Mne AH. - savezevous madame Genin, comont non pauvre mari appelait
369 3365 3390 3603 ces remarques d'Erns? Son productions dans le démaine épaycholo¬
365 3521 689 3706 gique.
378 3652 2602 3915 von AIGBER.- (Salue près de la porte en passant
152 3574 341 3903 Orr.
2651 3751 3078 3919 Bonsoir.
1785 3845 2109 3989 voir ne
2713 3878 3024 3981 entrer
365 3899 3386 4104 — Bonsoir Monsieur von Ligner. Ie voulez-vous pas venir un ins-
369 4063 1165 4247 tent?
501 4215 1420 4428 i vous le permettez
1445 4268 3394 4481 til entre dans le jardin. C'est une jeune
599 4354 3234 4531 bonne de 5 ans de maintien réserve et aimable; il porte
587 4498 2409 4674 l'uniforme des insei,nes de vaisse-u).
1465 4625 2126 4805 (salutations)
246 4773 3299 5007 MIA.- Comment vu madane votre mère? J'avais espère la voir cette
369 4945 932 5154 après-midi.
140 5093 3049 5282 OTTO.- Est-ce qu'elle n'est pas venue hier chez vous, madame?
