4184 5384
1632 176 1930 380 - 125
3481 249 3710 434 1e.
871 274 1039 438 11
1947 262 2155 458 15/1
1975 413 2237 663 -124-
524 597 2818 830 Mme xxxL. -(vers Erna, veut se disposer à partir).
515 781 2826 990 ERNA.- (s'y refuse, s'appuie au mur de la maison)
491 933 3771 1194 Mme xxxL. - (se tourne vers Adèle, qui est assise sous le noyer et re-
1215 1055 2172 1215 garde vers son mari)
515 1174 3374 1399 NATTER & STANZIDES. - (vont vers l'arrière, Mauer reste seul).
609 1321 1947 1530 EDERIC. - (A Genia) Eh bien?
487 1468 2871 1706 CENIA. - Qu'est-ce qui te prend? Comment peux-tu....
503 1669 3624 1857 FREERIC. - Allons, ne crains rien. Je ne lui ferai pas grand chose,
761 1796 2041 1988 probablement rien du tout
483 1955 3599 2200 CENIA. - Pourquoi alors? S'il y avait encore la moindre chose entre
744 2135 3755 2299 nous... Si c'était de la haine... de la colère... de' la jalousie
753 2233 1587 2438 .. de l'auour.
474 2450 3755 2663 FRED RIC.- Mon Dieu, de tout cela je n'aprouve pas grand chose - Mais
736 2593 1906 2798 on ne veut pas être dus
1930 2691 3489 2843 (Il se détourne et suit Natter et
1153 2765 1718 2904 Stanzides).
474 2847 2053 3112 GENIA.- (reste en avant immobile)
474 3080 2454 3272 RNA.- (reste appuyée au mur de la maison)
1162 3260 3068 3423 (Le regard des deux femmes se rencontre).
1751 3366 2078 3579 RIDEAU
