4152 5224
2037 141 2378 363 — 69 —
933 294 2813 524 Je ne peux pourtant pas tuer les gens.
940 474 3788 673 Comme vous voudrez mon bon Rosenstock, mais que ce soit sans
447 447 780 673 AI GNER
959 623 1227 814 tapage
1227 745 2527 986 (à Serknitz, il se présente)
2538 791 3995 1028 Dr. von Aigner.... Qu’y a-t-il
940 929 1934 1147 pour votre service?
463 1105 833 1307 SERKENITZ
868 1078 3735 1269 (non sans timidité qu'il cherche à dissimuler sous une feinte
898 1238 1399 1403 assurance)
1491 1261 3865 1453 Serknitz.... J'ai.... il faut que je vous dise ma
940 1361 2630 1667 fureur, au moins mon mécontentement,
2756 1529 3333 1716 (brievement)
3287 1594 3899 1835 En deux mots
937 1644 3310 1953 voilà, le service est déplorable dans votre hôtel.
482 1884 745 2106 chere
940 1919 3566 2137 J'en suis très fâché. De quoi avec-vous à vous plaindre
944 2060 1544 2271 M. Serknitz?
451 2221 818 2412 BERNITZ
929 2236 3601 2385 Je ne peux pas avoir mon linge. Depuis trois jours je le
921 2385 3364 2588 réclame. Je me trouve dans le plus grand embarras.
463 2504 787 2745 AIGNER
906 2523 3754 2756 Je le vois. Mais si vous voulez voua adresser à la femme de
940 2703 1479 2867 chambre....
474 2760 818 3054 ERKENITZ
933 2852 3777 3039 Vous êtes le Directeur! C'est à vous que je m'adresse. Mon
929 2989 3746 3165 principe a toujours été d'en appeler plutôt à Dieu qu'à ses
929 3157 3937 3356 sainte. Cela ne m'amuse pas de paraitre dans cette tenue devant
933 3352 2496 3505 vos comtesses et vos américaines.
470 3394 742 3643 IGNER
929 3475 3930 3658 Excusez-moi M. Serknitz, loi on n'est pas obligé de se conformer
910 3628 3199 3788 à un règlement pour ce qui concerne laestoilette.
470 3731 822 4025 ERKENITZ
910 3754 3983 3937 Pas de règlement!... Crovez-vous qu'on ne s'aperçoive pas qu'en
929 3918 3800 4174 a ici plus de considération pour les uns que pour les autres.
466 4067 730 4285 HIGNER
929 4105 1342 4254 Oh......
489 4220 837 4411 J.C. RKWITZ
902 4167 3899 4430 Je vous le dis en face Vonsieur le Directeur, s'il y avait ici,
910 4381 3983 4610 au lieu d'un simple Monsieur Serknitz de Breslau, un lord Chamber-
902 4556 3918 4717 lain ou une Excellence Bülow, vous prendriez un autre tom. Par-
891 4709 3887 4927 faitement, Monsieur le Directeur, Et il serait tout indiqué que
