4216 5352
1717 208 2007 461 110 —
408 408 942 673 NAUER.- Ah.
396 587 1350 824 FREDERIC.- Tu as lu
1134 632 1554 820 raconter.
424 763 2154 954 AUER.- Entendul, pour dire la verité.
408 901 2782 1122 FRÉDERIC.- Alors je te demande: que dois-je faise?
428 979 3606 1297 MAUER. - Ce que tu dois faire? Tu as la preuve en maine. La lettre de
702 1220 1815 1419 Korsakon à ta femme....
441 1264 3577 1627 FREDERIC.- A quoi peut-elle me servir? Je ne peux pas montrer... ce
702 1521 2178 1725 serait de bien mauvais goût....
485 1619 3642 1893 l'AUER.- Aoui, alors... Ne t'occupes pas de cela. Ce bruit s'apaisera
730 1766 3663 2019 comme il a commence. Il n'est pas possible que les gens intel-
726 1921 3597 2235 ligents croient serieusement quelque chose de semblable de ta
481 2239 3765 2549 FRED.MIC. - Si. tout de même - il en reste quelque chose. Et quelqu'un
734 2219 1028 2358 part.
750 2394 3810 2680 a écrit cette infamie le premier. Si on savait à quoi s'en tenir?
506 2557 2753 2896 MAUAR.- On peut difficilement depister l'auteur.
506 2725 2851 3051 FREDERIC. - Pour moi, il est depisté. C'est matter.
534 3006 1379 3210 MAUER. - Tu crois?
534 3047 2818 3332 REDERIC.- C'est sachengeance... Il a tout su...
530 3283 1864 3512 MUER.- (vite) Il a tout su?
542 3316 3822 3675 FREDERIC.- Oui.- Il y a moins de maris trompés que les femmes et même
824 3593 2048 3805 les smants ne le croient
2541 3585 2900 3720 soulevé
567 3610 3377 3981 MAUR.- As-tu des preuves que ce bruit a été par lui?
595 3903 1958 4152 FREDERIC.- Des preuves, non.
587 4013 2280 4307 MAUER. - Alors tu ne peux rien faire.
583 4095 2990 4487 FEDERIC. - Je peux lui poser carrément la question.
608 4352 2198 4650 AUER.- Il mentire naturelle ent.
587 4568 1950 4801 FREDERIC.- Je peux le punir.
616 4585 2733 4919 MAUER.- cela ne changera rien à la situation.
620 4846 2513 5135 FREDERIO. - Mais peut-être à mon humeur.
