3768 5256
1709 157 2032 296 - 61, -
1634 311 2332 469 TROISIEME ACTE
1443 562 2845 742 HALL DE L'HOTEL VOLSE! HEIHER
1035 761 3479 911 Entrée devant à gauche (porte tournante). A droite
611 881 3580 1008 de l'entrée en face ascenseur, de chaque côté des escaliers qui
619 986 3569 1076 conduisent au dessus. Dans le fond, grande baie vitrée formant
619 1057 3614 1162 window. Vue sur un paysage de forets, de montagnes, de rochers.
1023 1143 3591 1215 A droite au fond, porte conduisant à la saide à manger.
607 1188 3591 1312 A l'entrée, grande, longue table avec des prospectus, des plana,
607 1297 3573 1380 etc,.. Defrière un panneau en bois avec des cases pour les let¬
637 1368 3550 1466 tres et des crochets pour les clés des chambres. Dans le hall,
619 1443 3561 1533 dans un coin, tablea et sièges variés. Sur quelques tables des
637 1514 3524 1612 journaux. - fauteuil bascule -. Beaucoup de mouvement dans le
619 1586 3558 1702 hall, qui continue pendant l'acte sans gèner l'action, avec des
630 1672 3494 1773 interruptions correspondantes. - Touristes et hôtes d'été, qui
619 1739 3614 1871 arrivent du dehors, hôtes qui prennant l'ascenseur, d'autres qui
607 1833 3471 1942 montent ou descendent les escaliers; par hasam un garçon, des
607 1916 3546 1994 messieurs et des dames, qui autour d'une table lisent des jour-
607 1979 2575 2144 naux ou causent. - un groo à l'ascenseur.
1061 2111 3520 2242 (Derrière la table à l'entrée, le portier Rosenstock,
619 2212 3633 2339 joues rouges, encore assez jeune, petite moustache noir,,chevaux
607 2298 3441 2414 noirs, yeux fina et bons, empressé mais digne. Il donne des
626 2373 3209 2500 journaux à un groom qui s'éloigne et prend l'escalier).
1035 2504 3580 2647 5 Deux hommes en costume de montagne viennent de dehors
619 2594 2677 2725 et passent aussitôt dans la salle à manger).
1050 2748 2677 2917 (Rosenstock écrit sur un registre).
1053 2898 3336 3033 (Sur l’escalier, le docteur Meyer, petit, presque
607 2962 3610 3115 timide, dans un costume d'été négligé, s'approche du portier. Il
611 3081 2212 3239 a dans les mains une carte pliée).
397 3258 2163 3475 (Après avoir attendu un petit instant)
101 3250 364 3456 DEYER
2148 3374 2504 3550 Portier
94 3483 2939 3693 ROSENSTOCK (aimable, mais non sans le sentiment de sa dignité)
2920 3543 3351 3779 Plait-il
641 3738 1676 3940 Monsieur le Docteur?
630 3887 3554 4060 Je voulais seulement vous poser une question, portier.... J'ai
71 3921 304 4112 DEYER
637 4075 3599 4281 l'intention de faire une excursion demain et je voudrais savoir
649 4210 3160 4375 si on a besoin d'un guide pour aller à Hofbrandhütte.
641 4356 3498 4573 Oh, certainement non, docteur. On ne peut pas se tromper de
82 4356 536 4603 ROSENSTOCK
656 4528 1998 4705 chemin, il est bien indiqué.
641 4652 3494 4877 Et si delà je veux monter un plus haut? Par exemple jusqu'à
97 4656 334 4896 DEYER
641 4858 1406 5042 la Tour Ligner.
