4168 5288
2049 109 2307 340 126 -
750 351 3755 547 même s'il est tout à fait superflu. Il a quelques dispositions
777 511 3810 714 à prendre. Peut-être aussi quelques lettres et papiers à bruler.
761 691 3752 824 Bref faire comme s'il s'agissait d'une chose extraordinairement
765 820 3673 1023 grave, bien que ce ne soit rien qu'une ridicule manifestation
773 995 3876 1132 d'amour propre et de comédie d'honneur, comme nous le savons tous.
379 1089 617 1284 ERNA
761 1124 2639 1284 Je ne suis pas convaincus madame Genia.
777 1284 3752 1429 Moi, je le suis. Venez Erna, allons dans le jardin, la journée
402 1296 652 1468 GENIA
773 1460 3666 1589 est ci belle. Nous bavarderons. Vous ne m'avez rien raconté
769 1589 3755 1811 de votre voyage. Vous avez vécu d'intéressantes choses.... au
777 1757 1643 1960 Völser Weiher......
765 1925 3865 2112 Est-il possible que vous puissiez plaisanter en ce moment, Genia
379 1870 617 2085 ERNA
773 2092 3876 2229 Je ne plaisante pas, Ah, je suis bien loin de ça.... Vous l'aimez
394 2061 648 2280 GENIA
777 2264 3564 2428 donc beaaucoup.... "monsieur Hofreiter", n'est-ce pas - 71
765 2370 3728 2588 Allons ce n'est pas un mystère. Le premier - c'est toujours un
773 2565 3677 2737 évènement. Ou bien est-ce que cela ne signifie rien de plus?
765 2682 3654 2881 il faut que voue m'éclairiez là-dessus Erna! - je ne me rends
765 2885 3693 3002 plus du tout compte. La vie est devenue tellement plus légère
753 2994 3658 3166 dans ces derniers temps. Quand j'avais votre âge, on prenait
761 3166 3787 3357 encore ces choses là terriblement au sérieux. Il n'y a pourtant
761 3349 3654 3498 pas plus de dix ans de cela, mais il me semble que le monde a
765 3470 1936 3658 bien changé depuis lors.
390 3611 3529 3791 GEMME DE CHAMBRE (avec un télégramme, vient de la droite, s'en va
1327 3732 1823 3900 aussitüt).
379 3849 1620 4064 GENIA (l'ouvre rapidement)
1651 3943 3709 4122 C'est de la sœur Mary. Elle arrive aujour-
742 4103 3744 4267 d'hui à Midi avec Percy, Ici. (Elle donne le télégramme à Erna)
742 4279 3658 4423 Ce essa una joyeuse réception. Mais ne voulez-vous pas venir
746 4439 3767 4595 dans le Jardin Erna? Si nous faisions une promenade en voiture,
734 4544 3779 4766 qu'en ditee-vous? La journée est si belle. L'air vous fera du
742 4708 3810 4954 bien. Vous êtes pâle.... Vous n'avez peut-être pas bien dormi.
