3736 5240
3057 167 3271 357 1,1
1494 202 1789 462 - 75 -
120 404 2572 648 e WAHL Je monte, il faut que je voie Erna (A Aigner)
2588 477 3104 644 vous...
330 605 3403 780 (Elle va vers l’ascenseur qui est en haut, elle sonne avec hésita¬
372 764 1129 920 tion.  A Aigner
1172 772 3395 974 Pourquoi l'ascenseur est-il la plupart du temps
1893 916 2262 1009 usagen
473 951 3554 1141 au 4e étage! C'est uny des centimes inexplicables de votre hptel
481 1090 869 1342 (à Rhon)
908 1172 1827 1412 Vous ne venez pas?
454 1342 1323 1575 Je peux attendre.
74 1370 256 1568 HON
939 1502 2662 1711 (l'ascenseur descend avec le groom)
283 1649 1513 1862 (Il prend à part Mme Wahl)
1505 1668 3282 1901 Regardez donc le groom. Ressemblance
481 1866 1370 2064 extraordinaire - I
481 2041 974 2262 Avec qui?
81 1979 415 2250 ine Wahl
481 2184 974 2375 Eh bien...
1009 2239 2662 2483 (Il fait un signe du côté d'Aigner)
497 2452 2045 2623 C'est aussi un de ses fils.....?
85 2456 431 2650 me WAHL
481 2592 1893 2797 Peut-être bien un petit-fils.
493 2770 1602 2953 Ah, mon Dieu, vous......
85 2766 431 2953 me WaHL
1618 2759 2980 2991 (elle monte avec l'ascenseur)
85 3023 334 3224 GIGNER
372 3015 749 3236 (à Penn)
811 3069 2732 3244 Alors vous avez été vraiment à la Tour?
497 3193 2941 3445 Oui, monsieur le Directeur, Cela n'a pas été facile.
85 3244 241 3434 PENN
493 3372 1191 3593 Je m'en doute.
101 3403 326 3581 GNEK,
493 3546 3329 3670 Savez-vous, Monsieur le Directeur, j'avais bien pensé que le
74 3554 244 3733 PENN
493 3713 3418 3868 mauvais temps d'il y a huit jour aurait dérangé quelque chose.
481 3849 3469 4020 Une ou deux fois nous avons dû ramper. Et pendant les derniers
497 3996 3593 4198 cent mètres, le diable sait..... ce qui est arrivé depuis l'annés
489 4132 3577 4338 dernière. A cette époque on sevait encore ou poser le pied et où
493 4318 3608 4516 accrocher une corde, mais maintenant il surait fallu des ailes...
493 4458 1773 4672 Mais c'était beau là haut.
70 4516 345 4695 AIGNER
501 4629 3608 4842 Vous le savez bien, Monsieur le Directeur. Là haut c'est toujours
85 4672 303 4877 PENN
508 4792 2173 5013 beau. Et partout à la Tour Aigner.
