5059 4712
2685 540 2952 671 G. A. M.
1342 498 1623 719 V. P.
1973 529 2246 704 Votre trèsse, jusqu'a jusu ai-
3146 535 3848 743 V.,,.,,,, i,
1658 900 2336 1031 Berlin C. d. 26.2. 1892
597 911 1073 1051 EMANUEL REICHER'S
1595 1016 2054 1134 ALEXANDER-STR. 30.
516 1025 1178 1145 Deutsche Gastspielgesellschaft.
2526 1031 4254 1250 Tagen nach Mien und ich verspreche Ihnen
2539 1151 4217 1370 Sie von dem genommen Zeitpunkt dieser
474 1169 1628 1420 Herrn Dr. Arthur Schnitzler
2559 1265 4230 1471 Reise in Kenntniß zu setzen, um Thema
1720 1287 1999 1490 Wien
752 1342 1237 1549 Schriftsteller
2622 1418 4127 1591 Gelegenheit zu geben, sich mit ihm
2624 1512 4202 1709 über diese Aenderungen in's Einbar.
745 1545 1497 1785 Hochgeschätzter Gen.
2631 1626 4152 1851 nehmen zu setzen. Auch die Frage
1466 1706 2251 1859 serten an meinem
2611 1741 4278 1966 an der Schicksal“ über ich Herrn Bredro
605 1820 2301 2012 breslauer Geschrieb hier eingetroffen, fand
2618 1892 3782 2076 Blumenthal überreichen.
581 1956 2290 2146 ich in Berlin so vieles zur Erledigung vor,
2742 1997 4243 2205 Verfügen Sie stets und in allen Ange¬
594 2054 2154 2270 daß ich außer Stande bin, auf vier
2585 2117 4154 2353 Legenheiten, in welchen ich Ihnen hier
638 2165 2329 2401 Wocher hinaus eine definitive Zusage
2574 2246 4171 2443 dienlich sein könnte über mich; es
623 2314 2181 2497 zu machen. Daß ich den Anatole im
2633 2353 4101 2565 würfe nur eine aufrichtige Freude
629 2434 2288 2637 Abschiedshanger u gerne spielen, uns sobald
2635 2489 4077 2683 bereiten, Gelegenheit zu erhalten,
666 2587 2307 2751 es mir irgend möglich, gerne wieder man
2666 2607 4143 2819 meine freundschaftliche Verehrung
631 2661 2386 2851 liebes Wien und meine dortigen liebe es
2670 2740 4193 2954 für Sie, recht oft betheiligen zu
645 2790 2251 2993 würdigen Freunde und Gönner sehen
2694 2878 3122 3022 können.
645 2899 2292 3122 möchte, können Sie mir wohl glauben
2904 2974 3832 3151 Mit dem Ausdrucke
784 3039 2266 3240 Ich habe unter dessen abermals mit
2952 3087 4217 3304 der vorzüglichsten Hochachtung
614 3151 2327 3339 Director Blumenthal Thres Märchen¬
3028 3221 3553 3428 ergebenst
666 3271 2375 3483 wegen gesprochen, der auf einigen Aenda¬
684 3374 2320 3588 rungen in Am Stücke besteht. Blumen¬
3378 3358 4143 3647 Ern Reicher
719 3507 2364 3732 thal fährt übrigens in einigen Tagen
