5112 4695
1006 514 1230 729 17/17
636 871 1115 1013 EMANUEL REICHER'S
1708 853 2383 1040 Berlin C. d. 8. März 1892
1654 975 2078 1090 ALEXANDER-STR. 30.
548 970 1221 1162 Deutsche Gastspielgesellschaft.
530 1047 1681 1273 Kerin Dr. Arthur Schnitzler
1712 1166 2026 1309 Wien
722 1374 1543 1629 Hochverehrter Herr,
1491 1541 2356 1715 es hat sich während mei¬
573 1643 2369 1877 ner Abwesenheit von Berlin hier im solchen Muß
578 1767 2308 1988 ein Arbeit aufgehäuft, die meist auf mei¬
578 1882 2351 2119 Miener Gesammtlagsschiel bezug hat, und muß
582 2013 2326 2236 ich für die Vorbereitung desselben so vieles
582 2134 2324 2349 erledigen, daß ich, wenn ich das ganze Un¬
596 2243 2407 2457 ternehmen nicht in Frage gestellt sehen will,
625 2367 2403 2592 zum Hierbleiben und zu energischer Thätigkeit
645 2500 2421 2712 gensthigt bin. Er kostete mich viel Überwur¬
609 2606 2410 2841 Dinge die Thue a in Aussicht gestellte Mitri¬
627 2741 2401 2949 kurz in Ihrem Stücke um definitiv aufge¬
609 2856 2331 3066 ben zu müssen; ich habe Wien so gerne!
792 2965 2365 3202 Ich vernahm, Vaß Dir. Blumenthal
668 3123 2310 3335 kürzlich in Wien gewesen; da ich nahezu
715 3224 2326 3441 eine Woche beklägerig war u. nicht
690 3360 2398 3569 in der Lage gewesen, über die hösigen
715 3479 2446 3691 Vorton müsse im Laufe oder zu bleiben
2615 869 4249 1042 blieb mir das unbekannt u. ich bitte
2597 1002 4346 1209 Sie Fecht sehr es zu entschuldigen, daß ich
2595 1101 4285 1304 Sie von diesem, für Sie richtigen Erij
2586 1225 4147 1435 niße nicht benachrichtigen konnte,
2732 1349 4192 1559 Ich nehme aber an, daß Sie
2615 1471 4321 1672 d. Blumenthal aufsuchen ließ,
2615 1591 4321 1814 ein ihres Stückes wegen mit Thors
2626 1737 4278 1945 zu sprechen und interessiere ich noch
2631 1834 4264 2071 zu sehr für Sie und Ihre Werke um
2633 1963 4314 2175 nicht recht gespannt zu sein auf das
2647 2078 4375 2290 Resultat Ihres mündlichen Verkehres
2805 2209 4291 2389 Nehmen Sie nur meine Absage
2633 2337 3551 2545 nur ja nicht übel.
2924 2441 3978 2601 Mit der Versicherung
2920 2538 4346 2775 meiner vorzüglichsten Hochachtung
3527 2735 4260 2987 Pm Reicher
3833 2940 4012 3116 n
