5095 4712
1692 838 2352 1061 Berlin C. d. 8. März 1892
635 910 1110 1020 EMANUEL REICHER'S
1626 989 2070 1101 ALEXANDER-STR. 30.
527 1000 1187 1178 Deutsche Gastspielgesellschaft.
505 1061 1676 1288 Herrn Dr. Arthur Schnitzler
1694 1169 1980 1315 Wien
696 1390 1516 1635 Hochverehrter Herr
1478 1536 2327 1728 es hat sich während mei
552 1658 2347 1867 ner Abwesenheit von Berlin hier ein solcher Musik
570 1779 2291 2002 von Arbeit aufgehäuft, die meist auf mein
577 1906 2329 2131 Miener Eufentlageßspiel bezug hat, uns muß
570 2023 2295 2246 ich für die Vorbereitung desselben so vielet
577 2142 2304 2383 erledigen, daß ich, wenn ich das ganze Un¬
583 2246 2394 2471 ternehmen nicht in Frage gestellt sehen will.
595 2376 2374 2597 zum Hierbleiben und zu energischer Thätigkeit
644 2516 2376 2721 genöthigt bin. Er kostete mich viel Überwur¬
599 2620 2383 2834 diese die Thür in Aussicht gestellte Mitri¬
608 2757 2390 2960 kurz in Ihrem Stücke nun definitiv aufge¬
588 2867 2295 3084 ben zu müssen; ich habe Wien so gerne:
773 2971 2354 3219 Ich vernehme, daß Dir. Blumenthal
655 3131 2295 3325 kürzlich in Wien gewesen; da ich nahezu
692 3237 2293 3451 eilie Woche beklägerig war u. nicht
689 3372 2370 3581 in der Lage gewesen, über die posigen
721 3478 2424 3705 Vorkommnisse im Laufe oder zu bleiben
2581 865 4219 1052 blieb mir das unbekannt u. ich bitte
2561 1009 4298 1221 Sie recht sehr es zu entschuldigen, daß ich
2563 1113 4255 1322 Sie von diesem, für Sie richtigen Erzig¬
2552 1234 4088 1446 niße nicht benachrichtigen konnte
2705 1358 4127 1570 Ich nehme aber an, daß Sie
2579 1487 4284 1680 u. Blumenthal aufsuchen ließ,
2606 1608 4291 1829 ein Chors Stüves wegen nach Thore
2608 1757 4226 1955 Zu sprechen und interessiere ich mich
2604 1849 4244 2086 zu sehr für Sie und Thre Werke und
2599 1978 4277 2187 nicht recht gespannt zu sein auf das
2608 2097 4350 2304 Resultat Ihres mündlichen Verkehrer
2798 2212 4264 2403 Nehmen Sie nur meine Absage
2617 2345 3534 2559 nur ja nicht übel.
2897 2455 3942 2613 Mit der Versicherung
2897 2552 4316 2786 meiner vorzüglichsten Hochachtung
3498 2746 4223 3012 Pm Reicher
3795 2960 3978 3129 2
