<?xml version="1.0" encoding="UTF-8" standalone="yes"?>
<PcGts xmlns="http://schema.primaresearch.org/PAGE/gts/pagecontent/2013-07-15" xmlns:xsi="http://www.w3.org/2001/XMLSchema-instance" xsi:schemaLocation="http://schema.primaresearch.org/PAGE/gts/pagecontent/2013-07-15 http://schema.primaresearch.org/PAGE/gts/pagecontent/2013-07-15/pagecontent.xsd">
    <Metadata>
        <Creator>prov=READ-COOP:name=TrHtr:version=2.1.0:model_id=51170:date=25_07_2023_12:38</Creator>
        <Created>2023-05-01T22:05:55.701+02:00</Created>
        <LastChange>2023-07-25T12:38:07.537+02:00</LastChange>
        <TranskribusMetadata docId="1416471" pageId="54948030" pageNr="7" tsid="130628375" status="IN_PROGRESS" userId="64420" imgUrl="https://files.transkribus.eu/Get?id=BBLVSCLRDLSRRKIOAWJGAQXR&amp;fileType=view" xmlUrl="https://files.transkribus.eu/Get?id=XKZWINHPFCWLOOBEIUGUWJXX" imageId="44452082"/>
    </Metadata>
    <Page imageFilename="1416471_0007.jpg" imageWidth="5112" imageHeight="4712">
        <ReadingOrder>
            <OrderedGroup id="ro_1711830078275" caption="Regions reading order">
                <RegionRefIndexed index="0" regionRef="tr_1"/>
            </OrderedGroup>
        </ReadingOrder>
        <TextRegion id="tr_1" custom="readingOrder {index:0;}">
            <Coords points="1747,570 3853,570 3853,3672 1747,3672"/>
            <TextLine id="tr_1_tl_1" custom="readingOrder {index:0;}">
                <Coords points="3687,733 3708,727 3728,704 3751,708 3785,733 3797,723 3814,731 3835,721 3856,723 3837,549 3820,554 3802,539 3766,535 3751,541 3712,528 3701,537 3691,528 3666,535"/>
                <Baseline points="3686,620 3775,632 3853,638"/>
                <TextEquiv>
                    <Unicode>:4:10</Unicode>
                </TextEquiv>
            </TextLine>
            <TextLine id="tr_1_tl_2" custom="readingOrder {index:1;}">
                <Coords points="2141,892 2738,858 2885,934 2981,871 3315,861 3321,700 2987,658 2943,620 2713,769 2511,742 2410,783 2254,754 2199,800 2145,785"/>
                <Baseline points="2153,882 2159,882 2248,870 2338,870 2427,858 2517,858 2606,852 2695,852 2785,846 2874,846 2964,846 3053,841 3143,829 3232,823 3322,817"/>
                <TextEquiv>
                    <Unicode>Breslau d. 6. März 1893.</Unicode>
                </TextEquiv>
            </TextLine>
            <TextLine id="tr_1_tl_3" custom="readingOrder {index:2;}">
                <Coords points="1734,1326 1844,1370 2559,1303 2818,1379 3323,1278 3325,1220 2956,1155 2726,1247 2534,1255 2014,1151 1736,1287"/>
                <Baseline points="1747,1312 1807,1312 1896,1312 1986,1312 2075,1306 2165,1306 2254,1300 2344,1300 2433,1294 2523,1288 2612,1282 2701,1276 2791,1282 2880,1276 2970,1270 3059,1270 3149,1264 3238,1258 3328,1252"/>
                <TextEquiv>
                    <Unicode>Alein lieber, verthor Freund:</Unicode>
                </TextEquiv>
            </TextLine>
            <TextLine id="tr_1_tl_4" custom="readingOrder {index:3;}">
                <Coords points="2291,1711 2596,1665 2728,1738 3008,1642 3323,1671 3361,1656 3363,1573 3185,1598 3133,1560 2962,1539 2634,1585 2477,1485 2293,1569"/>
                <Baseline points="2302,1658 2385,1652 2475,1652 2564,1652 2654,1652 2743,1646 2833,1646 2922,1640 3012,1640 3101,1640 3191,1640 3280,1634 3369,1628"/>
                <TextEquiv>
                    <Unicode>Zitte nicht zu zürnen,</Unicode>
                </TextEquiv>
            </TextLine>
            <TextLine id="tr_1_tl_5" custom="readingOrder {index:4;}">
                <Coords points="1740,1857 1957,1823 2057,1890 2210,1801 2690,1775 2820,1853 2893,1794 3311,1767 3315,1669 3010,1642 2786,1740 2582,1686 2408,1755 2097,1717 1959,1788 1744,1786"/>
                <Baseline points="1753,1813 1795,1813 1884,1807 1974,1801 2063,1801 2153,1801 2242,1795 2332,1789 2421,1783 2511,1777 2600,1777 2690,1771 2779,1765 2868,1765 2958,1759 3047,1759 3137,1759 3226,1753 3316,1747"/>
                <TextEquiv>
                    <Unicode>wenn ich meine Anträt Ihnen so</Unicode>
                </TextEquiv>
            </TextLine>
            <TextLine id="tr_1_tl_6" custom="readingOrder {index:5;}">
                <Coords points="1746,1972 2191,1930 2298,1982 2573,1894 2669,1970 2755,1901 3313,1892 3361,1828 3012,1844 2893,1794 2809,1859 2667,1805 2465,1886 1750,1857"/>
                <Baseline points="1759,1938 1843,1932 1932,1926 2021,1926 2111,1920 2200,1914 2290,1914 2379,1908 2469,1902 2558,1896 2648,1890 2737,1890 2827,1890 2916,1884 3006,1884 3095,1878 3185,1872 3274,1872 3364,1866"/>
                <TextEquiv>
                    <Unicode>lange vereinshielt, doch die werden</Unicode>
                </TextEquiv>
            </TextLine>
            <TextLine id="tr_1_tl_7" custom="readingOrder {index:6;}">
                <Coords points="1757,2099 1963,2060 2103,2141 2283,2043 2678,2066 2893,2014 2995,2085 3079,2011 3302,2039 3306,1940 3171,1909 2874,1991 2607,1947 2456,2009 2346,1947 2055,2011 1894,1951 1759,2022"/>
                <Baseline points="1771,2051 1789,2051 1878,2045 1968,2045 2057,2039 2147,2039 2236,2033 2326,2033 2415,2027 2505,2021 2594,2021 2684,2016 2773,2016 2862,2010 2952,2004 3041,2004 3131,1998 3220,1992 3310,1986"/>
                <TextEquiv>
                    <Unicode>chaffentlich die Liebenswürdigkeit</Unicode>
                </TextEquiv>
            </TextLine>
            <TextLine id="tr_1_tl_8" custom="readingOrder {index:7;}">
                <Coords points="1750,2227 2262,2168 2348,2229 2659,2166 2707,2212 2882,2208 3066,2131 3334,2126 3336,2076 3114,2053 3014,2103 2855,2043 2688,2116 2452,2068 2325,2131 2101,2143 1972,2085 1757,2097"/>
                <Baseline points="1765,2171 1819,2177 1908,2171 1998,2171 2087,2165 2177,2159 2266,2159 2356,2153 2445,2153 2534,2147 2624,2141 2713,2135 2803,2135 2892,2129 2982,2123 3071,2117 3161,2117 3250,2117 3340,2105"/>
                <TextEquiv>
                    <Unicode>haben, mein hiesiger Gastspiel ein</Unicode>
                </TextEquiv>
            </TextLine>
            <TextLine id="tr_1_tl_9" custom="readingOrder {index:8;}">
                <Coords points="1755,2308 3294,2264 3382,2237 3386,2164 2356,2231 2122,2187 2034,2241 1905,2179 1759,2220"/>
                <Baseline points="1765,2302 1777,2296 1866,2296 1956,2296 2045,2290 2135,2278 2224,2278 2314,2272 2403,2266 2493,2260 2582,2254 2672,2248 2761,2248 2851,2242 2940,2230 3029,2230 3119,2224 3208,2224 3298,2218 3387,2218"/>
                <TextEquiv>
                    <Unicode>Lobe-Theater und die Demie ver¬</Unicode>
                </TextEquiv>
            </TextLine>
            <TextLine id="tr_1_tl_10" custom="readingOrder {index:9;}">
                <Coords points="1769,2442 2076,2425 2181,2500 2609,2385 3340,2362 3346,2256 3162,2250 2878,2335 2646,2277 2371,2364 1775,2348"/>
                <Baseline points="1783,2427 1825,2421 1914,2415 2004,2409 2093,2403 2183,2397 2272,2397 2361,2391 2451,2385 2540,2379 2630,2373 2719,2367 2809,2367 2898,2356 2988,2350 3077,2344 3167,2344 3256,2344 3346,2344"/>
                <TextEquiv>
                    <Unicode>bundene große Arbeit als Ent¬</Unicode>
                </TextEquiv>
            </TextLine>
            <TextLine id="tr_1_tl_11" custom="readingOrder {index:10;}">
                <Coords points="1752,2578 1930,2555 2005,2628 2156,2557 2279,2621 2458,2525 2586,2607 2755,2502 2828,2569 2918,2502 3152,2477 3231,2523 3419,2473 3421,2423 3231,2371 3083,2461 2887,2404 2730,2465 2435,2442 2208,2506 1886,2444 1757,2481"/>
                <Baseline points="1765,2546 1813,2540 1902,2540 1992,2534 2081,2528 2171,2523 2260,2517 2350,2511 2439,2511 2528,2505 2618,2499 2707,2493 2797,2487 2886,2487 2976,2481 3065,2475 3155,2469 3244,2463 3334,2457 3423,2457"/>
                <TextEquiv>
                    <Unicode>schuldigung gelten zu lassen. Kafka</Unicode>
                </TextEquiv>
            </TextLine>
            <TextLine id="tr_1_tl_12" custom="readingOrder {index:11;}">
                <Coords points="1757,2655 1949,2715 2415,2644 2590,2701 2859,2613 3185,2665 3423,2586 3426,2519 3077,2571 2976,2513 2851,2590 2697,2550 2496,2611 2160,2580 2003,2628 1830,2555 1761,2603"/>
                <Baseline points="1771,2648 1819,2666 1908,2666 1998,2660 2087,2654 2177,2648 2266,2642 2356,2636 2445,2636 2534,2630 2624,2624 2713,2618 2803,2612 2892,2606 2982,2600 3071,2594 3161,2588 3250,2582 3340,2582 3429,2582"/>
                <TextEquiv>
                    <Unicode>hat ja übrigens unsere freundschaft.</Unicode>
                </TextEquiv>
            </TextLine>
            <TextLine id="tr_1_tl_13" custom="readingOrder {index:12;}">
                <Coords points="1780,2859 2319,2766 2458,2839 2663,2751 2757,2816 3029,2770 3081,2811 3215,2732 3457,2738 3461,2665 2893,2655 2805,2720 2711,2678 2569,2726 2247,2651 1995,2763 1892,2688 1786,2734"/>
                <Baseline points="1795,2791 1854,2791 1944,2785 2033,2779 2123,2779 2212,2773 2302,2761 2391,2755 2481,2755 2570,2749 2660,2743 2749,2737 2839,2731 2928,2731 3018,2725 3107,2713 3197,2707 3286,2707 3375,2707 3465,2713"/>
                <TextEquiv>
                    <Unicode>lichen Beziehungen aufrecht erhalten.</Unicode>
                </TextEquiv>
            </TextLine>
            <TextLine id="tr_1_tl_14" custom="readingOrder {index:13;}">
                <Coords points="1784,2933 2085,2897 2352,2979 2717,2874 2832,2951 2943,2870 3056,2933 3217,2853 3442,2839 3444,2791 2962,2786 2887,2834 2682,2782 2176,2870 1966,2797 1786,2874"/>
                <Baseline points="1795,2910 1837,2910 1926,2910 2016,2898 2105,2892 2194,2892 2284,2886 2373,2880 2463,2874 2552,2874 2642,2868 2731,2862 2821,2862 2910,2851 3000,2851 3089,2845 3179,2833 3268,2833 3358,2833 3447,2833"/>
                <TextEquiv>
                    <Unicode>Mit Humenthal habe ich wegen der</Unicode>
                </TextEquiv>
            </TextLine>
            <TextLine id="tr_1_tl_15" custom="readingOrder {index:14;}">
                <Coords points="1788,3070 2141,3035 2252,3091 2736,2991 2922,3062 3133,3004 3206,3043 3292,2979 3453,2985 3457,2903 3221,2939 3146,2889 2960,2960 2682,2887 2565,2964 2425,2935 2195,2997 2064,2931 1792,2997"/>
                <Baseline points="1801,3041 1849,3035 1938,3029 2027,3024 2117,3024 2206,3012 2296,3012 2385,3006 2475,2994 2564,2994 2654,2988 2743,2988 2833,2982 2922,2976 3012,2976 3101,2970 3191,2964 3280,2964 3369,2952 3459,2958"/>
                <TextEquiv>
                    <Unicode>Gustührung des Mächens gesprochen,</Unicode>
                </TextEquiv>
            </TextLine>
            <TextLine id="tr_1_tl_16" custom="readingOrder {index:15;}">
                <Coords points="1788,3210 1949,3156 2037,3238 2162,3148 2421,3223 2552,3133 2784,3114 3217,3096 3315,3137 3428,3112 3434,3006 3323,3045 3141,3002 3060,3066 2859,3070 2732,2989 2619,3047 2162,3066 2068,3129 1936,3087 1790,3154"/>
                <Baseline points="1801,3173 1825,3167 1914,3155 2004,3155 2093,3143 2183,3137 2272,3131 2361,3125 2451,3125 2540,3119 2630,3113 2719,3107 2809,3101 2898,3101 2988,3095 3077,3089 3167,3083 3256,3077 3346,3077 3435,3071"/>
                <TextEquiv>
                    <Unicode>doch ich theile Ihr Sodenken betreffe</Unicode>
                </TextEquiv>
            </TextLine>
            <TextLine id="tr_1_tl_17" custom="readingOrder {index:16;}">
                <Coords points="1813,3306 2953,3235 3066,3319 3225,3221 3407,3221 3411,3150 3329,3185 3125,3114 2908,3200 2841,3152 2720,3217 2600,3173 2461,3229 2162,3148 2043,3235 1949,3156 1819,3210"/>
                <Baseline points="1825,3292 1890,3280 1980,3274 2069,3274 2159,3268 2248,3262 2338,3256 2427,3250 2517,3244 2606,3244 2695,3232 2785,3226 2874,3220 2964,3220 3053,3214 3143,3208 3232,3202 3322,3202 3411,3202"/>
                <TextEquiv>
                    <Unicode>des Aodergrünß und räthe Ihnen,</Unicode>
                </TextEquiv>
            </TextLine>
            <TextLine id="tr_1_tl_18" custom="readingOrder {index:17;}">
                <Coords points="1853,3436 2252,3390 2690,3419 3037,3346 3355,3378 3361,3273 3062,3319 2922,3235 2699,3334 2308,3269 2187,3357 1857,3365"/>
                <Baseline points="1866,3411 1932,3405 2021,3399 2111,3393 2200,3387 2290,3381 2379,3375 2469,3375 2558,3369 2648,3364 2737,3358 2827,3352 2916,3346 3006,3340 3095,3334 3185,3328 3274,3322 3364,3316"/>
                <TextEquiv>
                    <Unicode>verthor Freund, es lieber mit</Unicode>
                </TextEquiv>
            </TextLine>
            <TextLine id="tr_1_tl_19" custom="readingOrder {index:18;}">
                <Coords points="1849,3532 2354,3540 2488,3588 2663,3501 2901,3553 3012,3484 3390,3490 3398,3380 2947,3386 2657,3472 2398,3480 2254,3390 1855,3434"/>
                <Baseline points="1860,3525 1878,3525 1968,3525 2057,3519 2147,3513 2236,3507 2326,3507 2415,3501 2505,3495 2594,3489 2684,3483 2773,3477 2862,3477 2952,3471 3041,3465 3131,3453 3220,3441 3310,3441 3399,3429"/>
                <TextEquiv>
                    <Unicode>Etwas kleuen zu versuchen, da</Unicode>
                </TextEquiv>
            </TextLine>
            <TextLine id="tr_1_tl_20" custom="readingOrder {index:19;}">
                <Coords points="1880,3703 2256,3649 2529,3789 3367,3762 3415,3497 2983,3499 2816,3576 2592,3517 2379,3607 2087,3599 1995,3538 1888,3574"/>
                <Baseline points="1896,3662 1986,3656 2075,3650 2165,3650 2254,3644 2344,3638 2433,3632 2523,3626 2612,3620 2701,3614 2791,3608 2880,3608 2970,3602 3059,3590 3149,3584 3238,3578 3328,3578 3417,3572"/>
                <TextEquiv>
                    <Unicode>Sie ja, wie ich sein auch bereits</Unicode>
                </TextEquiv>
            </TextLine>
        </TextRegion>
    </Page>
</PcGts>
