4552 5544
1018 772 3596 1119 (plötzlich wieder in Erregung) Ja, aber was... ja was...
1014 983 4025 1268 Was zu tun ist!...ja, sag,- wie lang ist's denn eigentlich?...Es
675 963 893 1119 Sie:
679 1100 854 1244 Er :
1026 1150 3381 1420 kann sich ja doch nur um ein paar Wochen handeln -
1037 1427 1381 1583 (nickt)
1061 1439 4196 1724 (mit Entschiedenheit) Herrgott, wenn ich nur mein eigener Herr wär!
694 1369 928 1591 Sie:
710 1622 874 1767 Er :
1049 1720 1970 1888 Was wär' denn dann?
718 1747 932 1946 Sie:
1049 1763 4025 2001 Da fragt sie noch!- Ich hab' dir's ja schon gesagt! Glaubst du,
706 1938 881 2059 Er :
1065 1934 3412 2227 ich liess' dich nur einen Moment bei deinem Mann?—
1088 2141 2648 2426 (zürtlich an ihn sich schmiegen)
729 2207 920 2375 Sie
1072 2348 1759 2543 Aber so, sa! —
741 2383 920 2582 Er :
1084 2457 2059 2695 Was also, was? was?—
760 2566 956 2738 Sie:
1084 2523 4036 2855 Man muss halt nachdanken. Vielleicht liesse sich jetzt...wo's
753 2714 924 2859 Er :
1088 2788 2660 2999 doch erst ein paar Wochen dauert-
1108 2937 2391 3136 Du!- Kein Wort mehr davon!-
772 2902 991 3182 Sie:
1119 3011 4232 3272 Ja freilich, - du hast ganz recht. Entschuldige, dass ich nur einen
784 3198 944 3374 Er :
1115 3182 4056 3440 Augenblick gedacht hab'... Es führt einem eben alles Mögliche
1127 3323 4247 3600 durch den Kopf bei so einer (sucht in der Befangenheit ein heitres
1127 3506 4161 3767 Wort) festlichen Gelegenheit. Es wär' auch ein Unsinn, es ist ja
1131 3752 2523 3966 doch immer eine Gefahr dabei.
1150 3791 3916 4134 Eine meiner Freundinnen wär' auf die Art beinahe gestorben.
815 3958 1026 4146 Sie:
1147 4013 3221 4302 Wie, eine Freundin?- eine verheiratete Frau!
815 4122 994 4294 Er :
1162 4251 1716 4469 Natürlich!
2687 4220 2847 4395 est
831 4263 1053 4504 Sie:
1162 4274 4267 4571 Eine verheiratete Frau? Daß ist aber doch wirklich geradezu ein
838 4469 994 4645 Er:
1186 4411 4181 4735 Verbrechen. Also bei einem jungen Mädel aus anständiger Familie,
1174 4645 4313 4941 wenn einmal so ein kleines Malheur passiert, da ist es ja begreif-
1190 4762 4294 5054 lich - aber wenn man einen Mann hat, da ist es einfach ein Leicht-
