4584 5544
1232 278 1439 459 11
1916 269 2230 512 11.7.
1823 419 2026 552 P.P.
1439 592 2618 795 Die überspannte Person
1832 777 2155 936 1 Akt
1903 971 2102 1170 von
1373 1068 2936 1360 Arthur Schnitzler
1775 1258 2671 1506 (aus dem Nachlass)
715 1550 4044 1885 (Ein möbliertes Zimmer; geschmackvoll, aber nicht recht heimlich.- Vor
720 1740 4172 2009 den Fenstern sind stores, die das Zimmer mässig verdunkeln, die Dämmerung
711 1912 4265 2194 ist nahe, es ist fünf Uhr nachmittags Ende März. Sie sitzt auf einem Sessel
737 2018 4102 2393 und hat die Hände auf den Tisch gestützt. Sie hat noch den Hut auf; der
742 2208 4097 2486 schwarze Schleier und der schlanke Schirm liegen auf dem Sofa. Er tritt
742 2344 4185 2640 ein; Frühjahrsüberzieher, kleinen modernen Hut. Veilchenbouquet im Knopf-
742 2525 4155 2830 loch; Eigarette, Spazierstock. Er ist gut gelaunt. Sie sieht auf, wie er
759 2706 3497 3011 kommt, steht langsam auf, reicht ihm die Lippen zum Kusse.
1020 2839 4190 3113 (während er sie küsst, nimmt den Hut ab und wirft ihn aufs Bett) Gu-
746 2989 936 3210 Er:
1007 3042 4194 3267 ten Abend, mein Herz! Schon früher da als ich! Das ist einmal lieb!-
1046 3135 4088 3466 Was, das ist heut ein entzückendes Wetter!- Schau,- Überzieher!-
1068 3347 3113 3594 (legt ihn ab, gibt ihr das "Veilchenbouquet)
773 3536 3810 3845 Sie: (daran riechend und es dann an ihre Lippen haltend) Danke!-
1038 3581 4035 3907 Ich bin spazieren gegangen, über den Ring. Masse Leute!- (Satzt
795 3788 962 3974 Er :
1029 3784 4168 4097 sich, nimmt sie bei der Hand) Wie geht's dir denn?— Was macht denn
1046 3978 4132 4230 der Herr Gemahl?— (Da sie leicht zusammenzuckt) Pardon! - aber ich
1038 4155 4075 4446 kann mir nicht helfen; er ist mir gerad zu sympathisch. Na, also
1068 4340 3135 4539 erzähl', wie war's denn gestern im Theater?
799 4455 4199 4751 Sie: Es war ganz hübsch; wir sind aber nicht bis zum Schluss geblieben.
1068 4680 2857 4909 So.- Hast du an mich gedacht?- Viel?—
826 4728 1011 4914 Er:
821 4781 4260 5082 Sie: (sieht ihm nur ins Auge, dann küsst sie ihn mit einem langen Kusse)
