4568 5528
506 277 827 482 G.H.F.P.
2044 245 2200 462 1:-
1124 241 1775 502 G.C. N.Y.
1843 422 2160 610 3 —
707 691 2582 956 Er: Hast du's ihm noch nicht gesagt?-
719 903 2200 1148 Sie: (befremdet) Meinem Mann—?
1000 1064 1971 1277 Ja was hast du denn?
719 1144 879 1269 Er :
1012 1192 2642 1409 Ob ich's meinem Mann gesagt habe?—
719 1249 940 1429 Sie:
1012 1397 1482 1578 Nun ja! —
739 1449 907 1642 Er :
1008 1506 2477 1730 Wie kann ich's ihm denn sagen?
723 1606 964 1803 Sie:
1020 1690 2702 1911 Du wirst's ja doch wohl tun müssen.
751 1787 915 1967 Er :
1032 1875 2501 2064 Ich werde es – tun - müssen —?
755 1935 992 2116 Sie:
1048 1887 4123 2192 Natürlich wirst du's ihm anders mitteilen als mir. Seinem Ehemann
759 2080 935 2252 Er:
1036 2124 3369 2377 flüstert man’s ja errötend ins Ohr, nicht wahr? -
1052 2345 2028 2537 (sieht ihn gross an)
767 2389 988 2525 Sie:
1056 2409 4035 2678 Er wird sich riesig freuen, wie?- Was regst du dich denn gar so
771 2550 940 2710 Er :
1064 2642 1995 2875 sehr darüber auf! —
1068 2742 2610 3019 Machst du dich über mich lustig?
779 2855 1004 3011 Sie:
779 3051 964 3216 Er:
1056 2991 1333 3208 Ich?
1084 3075 3927 3316 Du glaubst - du kannst glauben? Du glabst, dass mein Mann -
795 3168 1020 3336 Sie:
1100 3208 4168 3497 (langsam beginnt er zu verstehen) Na, ja, du bist ja schliesslich
811 3381 980 3481 Er :
1096 3433 2208 3654 verheiratet, und da....
1116 3469 4127 3798 (ausbrechend). Du kannst glauben, dass er mich berührt hat - seit
823 3569 1052 3818 Sie:
1104 3762 1991 3955 ich dir gehöre -?
1140 3818 4292 4103 (befangen) Schau, Kind — ich weiss ja,- ich habe ja nicht geehnt...
831 3963 1000 4164 Er :
1116 4079 2517 4300 Das hast du glauben können! -
811 4139 1056 4312 Sie:
1148 4216 4111 4453 (versucht sie zu beruhigen). Ja, siehst du, p—es ist ja. Du bist
831 4300 1016 4473 Er:
1140 4340 4324 4577 ja wirklich ein Engel.... dass eine Frau für einen Menschen, den sie
1136 4533 4168 4758 lieb hat, so viel tun kann-. Ich hab' ja immer gewusst, dass du
1132 4669 4364 4975 mich liebst,- aber du bist kaum drei Jahre verheiratet, wie kann man
1152 4898 2256 5139 einem Ehemann zumuten -
1164 5035 3031 5260 Was für Frauen musst du gekannt haben!-
867 5107 1112 5264 Sie:
