4568 5544
1858 544 2099 710 4
1077 793 4103 1089 Es ist ja - beinahe unerklärlich.- Was du mir beteuert hast, er-
722 844 927 1097 Er:
1073 959 4008 1223 zählen einem die Frauen immer,- es ist halt eine Notlüge,- man
1077 1187 2095 1389 hört's ja auch gerne¬
1077 1337 2063 1574 (sieht ihn starr an)
742 1345 978 1539 Sie:
1105 1333 4020 1704 (durch ihren Blick immer befangener werdend) Freilich, du bist
757 1578 959 1748 Er:
1109 1637 3988 1862 eben anders, ganz anders wie die übrigen alle. Aber man traut
1097 1779 4205 2020 sich ja kaum, xx sowas anzunehmen.- Du musst nur denken, was einem
1101 1890 4126 2142 alles vorkommt in der Welt... Geh, gib mir deine Hand. (Nimmt die
1124 2032 3984 2312 Willenlose und küsst sie) Du musst mir verzeihen;- was du mir
1112 2209 4209 2501 sagst, macht mich ja ganz glücklich. Ich hab' ja gar nicht geehnt,
1124 2446 2359 2655 dass du mich so lieb hast¬
1136 2596 3172 2805 Warum bin ich denn deine Geliebte geworden?
801 2655 1022 2864 Sie:
1132 2765 4276 2975 Dass du mich gerne hast, das hab' ich ja vom ersten Tag an gewusst-
809 2844 986 3006 Er:
1136 2880 4162 3101 und wenn eine Frau einem Mann gern hat, so hat sie ja sozusagen
1144 2978 4194 3259 ein Bedürfnis, ihm treu zu bleiben- es gibt gewiss manche, denen
1152 3207 4249 3479 ihr Gatte förmlich zuwider ist- aber manchmal kann man sich schwer
1156 3397 2071 3618 helfen, nicht wahr?
1172 3499 2781 3779 Du hast gemeint, ich belüge dich!—
828 3586 1053 3811 Sie:
1160 3633 4115 3941 Nein,- ich hab' nur nicht, ja wie soll ich das sagen,- sch hab’
844 3807 1006 3969 Er:
1168 3819 4087 4083 nur kaum zu träumen gewagt, dass du mir- die Wahrheit sagst -
1156 4032 2481 4245 (schüttelt traurig den Kopf)
864 4111 1089 4265 Sie:
1148 4190 2627 4422 Na. Du!- Sei nicht traurig....
864 4304 1049 4489 Er :
1144 4347 4312 4556 Du begreifst aber jetzt vielleicht, & dass ich - nicht sehr lustig
868 4466 1089 4604 Sie:
1164 4549 1393 4754 bin.
876 4647 3771 4892 Er:  Ja, ja, ja...... was machen wir jetzt nur mit deinem Mann?-
892 4880 3728 5132 Sie: Und du verstehst, dass ich dir's - zuerst gesagt habe.
