4568 5544
1000 777 3145 1000 Na geh' - nicht mich so höhnisch behandeln...
664 875 855 1039 Er:
1027 938 3328 1223 (ist zum Fenster gegangen; es dämmert immer mehr)
676 1062 887 1238 Sie:
1027 1156 2832 1363 (setzt sich nieder, dann steht er auf)
688 1238 852 1355 Er:
1012 1363 1285 1562 Nun?—
1055 1383 3930 1645 (verlegen) Dass du... dass du dich irrst, ist ausgeschlossen?
672 1402 926 1539 Sie:
707 1512 875 1672 Er:
1039 1664 1594 1832 Vollkommen.
707 1715 922 1891 Sie:
1031 1719 3879 2031 Hm... ja, ja, wenn ich schon meine Selbstständigkeit hätte!...
1078 1871 4066 2125 (wendet sich wieder zu ihm, er kann ihr Gesicht nicht mehr deut¬
711 1875 887 2008 Er:
711 2012 934 2148 Sie:
1055 2129 1848 2336 licht ausnehmen)
1070 2203 4133 2488 (tritt näher zu ihr) Da könnten wir - einfach nach Amerika durch¬
723 2223 914 2504 Er
1078 2465 1590 2648 brennen.—
1090 2578 2242 2777 (nickt nur mit dem Kopf)
1090 2656 4176 2898 Ach, in solchen Momenten spürt man erst, was die Abhängigkeit für
754 2551 977 2836 Sie:
1102 2773 4246 3082 ein furchtbares Los ist, Denn eigentlich, wann ich auch im Bureau
750 2812 926 2926 Er :
1109 2949 4215 3324 vom Papa arbeite, ich bekomme ja doch eigentlich nur ein Taschen¬
1105 3262 1422 3449 geld!—
1117 3375 2949 3594 Mit Amerika ist's da freilich nichts! -
1129 3461 4199 3758 Ich bin eigentlich gefesselt, an Händen und Füssen. Ich komm» mir
797 3422 1008 3574 Sie:
797 3621 969 3727 Er :
1133 3715 2480 3934 manchmal vor wie ein Sklave.
1156 3754 4008 4094 Ich möcht' nur eines wissen..wrst du mihh immer lieb haben?
1172 3938 4277 4227 (sie an sich ziehend) Aber, aber! - wie kann man nur so fragen! Du
816 3914 1027 4102 Sie:
1141 4027 4184 4391 hast ja gar keine Ahnung, wie gern ich dich hab', - jetzt beinahe
828 4109 996 4270 Er:
3246 4316 3406 4480 1
1152 4348 2176 4574 noch mehr als früher.
1152 4430 3180 4715 Jetzt darfst du mich nicht mehr verlassen!
1180 4422 4207 4871 Aber was redest du denn eigentlich... Na schaul...Dul... Na, nicht
852 4562 1016 4699 Er:
840 4711 1070 4852 Sie:
1176 4832 1918 5062 traurig sein! -
