4552 5544
653 216 826 497 P.
2950 251 3166 450 G.C.P.
1864 264 2024 493 19
255 294 445 571 H. T.
1864 480 2037 670 2
891 666 3979 1064 (aufstehend ) Weisst du, was eigentlich recht schade ist? - dass wir
865 887 3927 1172 die Fenster nicht aufmachen können und gemütlich hinunterschauen!
623 843 791 1129 Er
636 1159 2833 1406 Sie: Wie andere Menschen, die sich lieb haben.
882 1207 4009 1514 Ja, und dann ist es sehr amüsant. Ich habe nämlich die Beobachtung
882 1423 4096 1669 gemacht, dass diese Gasse der Rendevousplatz der Liebespaare von der
649 1397 830 1600 Er:
891 1544 4130 1829 ganzen Wieden ist.... à propos, weisst du, wer heute auf dem Ring war?
908 1730 4057 2020 Das allerneueste Brautpaar, deine Cousine Elle mit Bräutigam! Und
908 1907 3797 2201 stolz, sag' ich dir! Immerfort hat sie so heraumgeschaut: Was
921 1955 3966 2288 sagt ihr dazu - ich bin eine grosse Dame, ich habe mich verlobt!
943 2314 1397 2517 (lächelt)
943 2344 4264 2612 Vorm Hochleitner steh'n schon die Tische draussen - denk' dir, im März,
692 2361 908 2521 Sie:
973 2491 4238 2811 womit natürlich nicht gesagt ist, dass es morgen nicht wieder schneit
692 2496 865 2643 Er :
939 2694 4208 2976 Mit ist Eislaufen wird es allerdings endgültig vorbei sein.- Im Zimmer
1129 2751 1310 2854 dem
956 2833 4139 3149 ist es kühler als draussen; nicht?— Da hätte man wirklich einheizen
969 3023 2729 3317 können.- Ist dir nicht kalt, Schatz?-
744 3149 4221 3482 Sie: (ist bei ihm, an seine Brust gelehnt, nicht verneinend mit dem Kopf).
753 3348 2829 3598 Er: Was bist du denn gar so still, Herzerl?
757 3555 2928 3763 Sie: (einfach) Ich muss dir was Ernstes sagen.
1003 3525 4178 3901 Na, geh. Geht ihr am Ende wirklich über Ostern nach Abbazia?-nein?-
1003 3750 4342 4066 (mit sehr vorrekter Besorgnis) Oder geht's Deiner Schwester schlechter?
766 3797 969 3957 Er:
778 3983 2669 4243 Sie: O nein, sie ist schon äusser Bett.-
783 4130 3577 4446 Er: Da bih ich aber wirklich froh. – Was ist's denn also?
787 4342 2418 4606 Sie: (wie oben) Ich — werde Mutter
791 4541 1860 4796 Er: Im Ernst?— Nein!
796 4697 1397 4874 Sie: (nickt)
800 4736 2725 5034 Er: Was sagt denn der Herr gemahl dazu?
813 4952 2867 5272 Sie: (leicht zurückweichend) Mein Mann -?
