4520 5544
2790 253 3028 502 P.S.
1856 684 2109 893 7 -
971 792 3575 1112 sinn! Rein nur, damit sie keine Unanehmlichkeiten hat!
986 1001 2879 1295 (trüb lächelnd) Wenn man einen Mann hat!
655 1135 867 1321 Sie:
1019 1250 2143 1462 Aber du hast ja einen¬
651 1347 826 1499 Er :
1034 1332 2853 1622 Ich habe keinen, ich hab' nur dich!
1049 1451 4044 1741 Aber..du... etwas muss ja doch geschehen... wegnehmen von deinem
662 1466 885 1641 Sie:
1097 1622 3322 1897 Herrn und Gebieter kann ich dich ja doch nicht¬
666 1603 867 1815 Er:
1097 1886 4044 2251 (nahe zu ihr; es ist sehr dunkel) Na, ich möchte jetzt an Deiner
1120 1879 1373 2102 Nun?
703 1938 911 2120 Sie:
688 2117 893 2299 Er:
1127 2146 3155 2377 Stelle froh sein, dass ich einen Mann habe.
1138 2262 3125 2582 (irritiert) Aber ich sagte dir doch schon¬
714 2433 937 2563 Sie:
1187 2496 2872 2708 Es wäre doch die einfachste Lösung
725 2597 900 2734 Er:
1209 2719 1481 2883 Was-?
1205 2764 3925 2980 Na, du verstehst mich ja, es ist doch nicht so schwer —
733 2730 941 2913 Sie:
744 2905 930 3043 Er:
1216 2987 1760 3184 Mich ihm...
1228 3039 4174 3303 Na, nicht vielleicht wieder Flitterwochen mit ihm verleben, da
755 3073 963 3203 Sie:
763 3184 934 3393 Er:
1242 3303 2329 3489 tät' ich schon bitten -
1257 3374 4029 3657 (schweigt, dann sieht sie ihn gross an) Aber - für - eine -
789 3501 993 3716 Sie:
1265 3657 1737 3846 Nacht -?
1276 3813 1901 4006 (gütig) Ja!—
1283 3884 4070 4103 Ah!... (Sie schlägt ihn ins Gesicht, nimmt Hut und Schleier,
804 3839 982 4010 Er:
815 4025 1023 4189 Sie:
1291 4055 3009 4334 geht; schliesst die Tür hinter sich)
1302 4144 3995 4427 (bleibt wie gelähmt stehe) Du!... (will ihr nach) Ah nein¬
1365 4334 4222 4572 (misslaunig) Überspannte Person!... (wütend) Überspannte Per¬
815 4323 997 4468 Er:
1298 4486 4166 4762 son... Da gibt man einer einen... guten Rat, und sie wird noch
1313 4657 4159 4922 grob. Das ist dann die Liebe!... Der Himmel schütze einen
1313 4721 4245 5067 vor verliebten Weibern - Überspannte Person!... Und folgen wurd
1365 5037 2247 5234 sie mir ja doch!..
