5068 4696
2067 506 2231 644 ne pas ître
2713 489 2868 633 1: 1
2761 794 3348 906 Kruunterin
1674 842 1923 936 [incomprésident]
1663 886 1881 1037 Gebrüder F
1914 794 2905 1039 DEUTSCHE RUNDSCHAU
1665 980 2222 1115 W., Lützowstr. 7.
1639 1091 2154 1305 Rodenberg
2490 1144 3424 1307 Berlin W., den 13. Dec. 1897.
1829 1373 2811 1584 Hochgeehrter Herr Doctor!
1689 1539 3416 1744 Durch meinen Schwager, Dr. Ed. Schiff ist mir die
1711 1654 3468 1859 höchst erfreuliche Kunde geworden, daß die „Rundrothaus“
1733 1737 3457 1973 sich Hoffnung machen darf, so nicht allzuferner Zeit
1742 1881 3475 2073 einen novellistischen Beitrag von Ihnen zu er¬
1748 1934 3479 2154 halten. Längst schon ist dieß mein Wunsch gewesen.
1779 2065 3470 2250 u. wenn ich ihn nicht eher aussprach, so werden Sie
1792 2104 3470 2383 sich das daraus erklären können, daß ich mich nicht
1811 2220 3435 2492 gern einen Kefus ausgesetzt haben wurde. Nun
1835 2344 3457 2597 ich aber bei Ihnen freundliches Entgegekommen
1842 2453 3470 2708 gefunden, will ich nicht zögern, Ihnen dafür zu
1846 2556 3488 2776 Danken u. meine Bitte direct zu wieder¬
1844 2650 3501 2959 holen. Daß Sie dieser im Augenblick nicht ge¬
1905 2759 3499 3058 willfahren vermöchten, hab’ ich vorart gesetzt, u.
1881 2896 3509 3138 darrauf kommt es wäre auch nicht an; es genügt
1910 3051 3523 3296 mir, zu wüßen, daß die bei nächster Gelegen¬
1912 3208 3509 3409 heit unserer Zeitschrift gedenken wollen, u.
