5050 4711
2750 509 3122 689 1 „ „ —:
3141 846 3327 982 xxx
2601 838 2994 984 Verantragene
2129 864 2381 987 ⁠̃
1658 952 1818 1047 Expe
2442 948 2986 1088 R UNDSCHAUJ tod
2722 1049 2979 1148 Nykyöntömäärä.
2070 950 2366 1110 DEUTSE
1671 1012 1872 1179 xx
2044 1082 2372 1161 määrätä, että nykyään ai-
2493 1233 3394 1384 Berlin W., den 9. März 1899
1835 1496 2806 1703 Sehr geehrter Herr Doctor!
1740 1749 3480 1954 Für Ihr freundliches Anerbieten bin ich Ihnen aufrichtig
1753 1833 3422 2016 dankbar, doch vermuthen Sie mit Recht, daß die
1759 1887 3467 2144 "Rundschau" dramatische Dichtungen grundsätzlich nicht
1790 1999 3467 2195 bringt. Wir haben wohl, in weiten Abständen, ein.
1807 2066 3506 2303 mal eine Ausnahme gemacht, aber immer nur, um wieder
1790 2172 3463 2409 zu der Regel zurückzukehren; u. so gern ich Ihren
1800 2271 3465 2487 geistvollen Einunter in unserer Zeitschrift sähe, so
1816 2368 3467 2606 kann ich es doch nicht, ohne incensequent gegen Auswe zu
1833 2485 3512 2664 erscheinen – um so weniger, als ich vor Jahr u. Tag schon
1824 2573 3512 2774 eine sönnische Kleinigkeit von einem unsrer berühmten
1872 2644 3551 2863 Mitarbeitern angenommen habe, die dort zuerst publiciret
1887 2755 3545 2992 werden müßte. Sie werden es unter diesen Umständen
1910 2856 3538 3074 entschuldbar finden, wenn ich mit wiederholten Dank
1908 2966 3538 3197 ablehne, dagegen hoffe, recht bald durch eine Noeille
1954 3046 3508 3283 schadlos gehalten zu werden, die des Willkommes
1947 3247 2547 3404 sicher sein darf.
2688 3268 3527 3443 Hochachtungsvoll ergeben
3003 3383 3171 3523 Ihr
2768 3486 3508 3676 Julius Rodenberg
