4520 5608
1480 340 2509 583 Zu “Das Weite Land“
1850 587 2037 719 von
1454 659 3053 953 Arthur Schnitzler
1727 855 2603 1076 (aus dem Nachlass)
995 987 2411 1280 Das Missverstehen des Titels.
1016 1076 4108 1476 Da alles chaotisch sei, wäre jedes dramatische Gesetz aufgehoben
825 1378 2437 1646 und jede Unmotiviertheit erlaubt.
1025 1403 3972 1701 Unsinn. In diesem Sinn wäre der Titel dann zu verstehen, wenn
846 1595 3985 1880 etwa Erna mit dem Portier Rosenstock ein Verhältnis anfinge, wenn
859 1782 4274 2028 Genia ihren Sohn Peroy umbrächte, wenn Frau Aigner plötzlich vom Theater
846 1888 4240 2177 abginge, wenn Natter sich mit Hofreiter versöhnte, Wenn Hofreider seine
851 2054 4036 2330 Fabrik verkaufte, alles den Armen schenkte und Genia um Verzeihung
872 2313 1148 2564 bäte.
1101 2309 3870 2628 Das wäre "das weite Land" in dem Sinne, wie diese Idioten
872 2492 4155 2798 vorgeben, es in meinem Stück vorzufinden. Weih Herr Aigner sagt, die
885 2671 4218 2934 Seele ist ein chaos u.s.w., so ist zu bemerken, dass er kein Philosoph
889 2841 4133 3075 ist, sondern ein etwas affektierter Aphoristiker; fragt man ihn aber
893 2968 4099 3249 weiter, so wüsste er über das, was er meint, immerhin genauere Aus-
889 3134 4010 3389 kunft zu erteilen und ungefähr zu sagen: Die Seele ist ein weites
885 3274 4065 3551 Land - das heisst nicht, dass sie als ein Gebiet ab-
897 3445 4036 3717 soluter Gesetzlosigkeit und Willkür aufzufassen ist, sondern dass
919 3589 4040 3878 die Grenzen der Möglichkeiten im allgemeinen viel weiter gesteckt
914 3746 4019 4010 sind als die Menschen im allgemeinen wissen oder als sie Meisten
914 3917 4099 4184 aus Bequemlichkeit sich eingestehen. Und ein Menschenkenner könnte
931 4031 4138 4338 gerade in diesem Stück die Schicksale aller Personen mit ziemlicher
927 4214 4091 4482 Sicherheit vorhersagen. Erna liebt Friedrich, daher wird sie seine
931 4384 4065 4631 Geliebte, Hofreiter erschiesst den Fähnrich, weil er Genia liebt,
931 4537 4061 4788 und Genia wird die Geliebte des Fähnrichs aus einer ganzen Anzahl
944 4733 4227 5018 von Gründen, auch aus physiologischen, hauptsächlich aus beleidigten
919 4916 1816 5116 Stolz, aus dedain.
