<?xml version="1.0" encoding="UTF-8" standalone="yes"?>
<PcGts xmlns="http://schema.primaresearch.org/PAGE/gts/pagecontent/2013-07-15" xmlns:xsi="http://www.w3.org/2001/XMLSchema-instance" xsi:schemaLocation="http://schema.primaresearch.org/PAGE/gts/pagecontent/2013-07-15 http://schema.primaresearch.org/PAGE/gts/pagecontent/2013-07-15/pagecontent.xsd">
    <Metadata>
        <Creator>prov=READ-COOP:name=TrHtr:version=2.1.0:model_id=51170:date=14_08_2023_21:43</Creator>
        <Created>2023-05-10T14:46:42.383+02:00</Created>
        <LastChange>2023-08-14T21:43:26.909+02:00</LastChange>
        <TranskribusMetadata docId="1428677" pageId="55425303" pageNr="43" tsid="132827051" status="IN_PROGRESS" userId="64420" imgUrl="https://files.transkribus.eu/Get?id=JWTWHYDSOMOJVJVUJEETVBRA&amp;fileType=view" xmlUrl="https://files.transkribus.eu/Get?id=TBPZZERRDAOBRATUKCCWTALY" imageId="44699380"/>
    </Metadata>
    <Page imageFilename="1428677_0043.jpg" imageWidth="7224" imageHeight="4632">
        <ReadingOrder>
            <OrderedGroup id="ro_1711811278317" caption="Regions reading order">
                <RegionRefIndexed index="0" regionRef="tr_1"/>
            </OrderedGroup>
        </ReadingOrder>
        <TextRegion id="tr_1" custom="readingOrder {index:0;}">
            <Coords points="513,517 6661,517 6661,4170 513,4170"/>
            <TextLine id="tr_1_tl_1" custom="readingOrder {index:0;}">
                <Coords points="2993,674 3106,641 3149,667 3186,657 3203,667 3219,654 3256,681 3280,677 3273,504 3193,494 3149,510 3129,497 3049,504 2986,487"/>
                <Baseline points="3008,567 3097,567 3187,567 3277,579 3282,584"/>
                <TextEquiv>
                    <Unicode>..</Unicode>
                </TextEquiv>
            </TextLine>
            <TextLine id="tr_1_tl_2" custom="readingOrder {index:1;}">
                <Coords points="6466,711 6502,707 6516,721 6549,704 6559,714 6572,704 6586,711 6609,694 6649,701 6656,494 6626,500 6602,477 6582,480 6546,510 6472,494"/>
                <Baseline points="6488,584 6571,584 6661,579"/>
                <TextEquiv>
                    <Unicode>11</Unicode>
                </TextEquiv>
            </TextLine>
            <TextLine id="tr_1_tl_3" custom="readingOrder {index:2;}">
                <Coords points="3800,714 6232,721 6205,507 5962,574 5245,467 4964,601 4641,527 4120,577 3933,480 3800,547"/>
                <Baseline points="3820,668 3909,662 3999,674 4088,674 4178,674 4267,674 4357,680 4446,680 4536,680 4626,686 4715,692 4805,698 4894,698 4984,692 5073,692 5163,686 5252,686 5342,686 5431,686 5521,686 5610,686 5700,686 5790,686 5879,692 5969,692 6058,692 6148,692 6237,704"/>
                <TextEquiv>
                    <Unicode>Mes petit veur de Cours Storbel avec</Unicode>
                </TextEquiv>
            </TextLine>
            <TextLine id="tr_1_tl_4" custom="readingOrder {index:3;}">
                <Coords points="3813,884 4187,981 4461,874 6215,894 6215,804 5792,804 5652,717 4137,814 3813,731"/>
                <Baseline points="3832,877 3921,871 4011,871 4100,865 4190,859 4279,865 4369,865 4458,865 4548,865 4637,865 4727,865 4817,865 4906,865 4996,865 5085,865 5175,871 5264,871 5354,865 5443,865 5533,859 5622,859 5712,865 5801,865 5891,871 5981,871 6070,877 6160,877 6225,883"/>
                <TextEquiv>
                    <Unicode>Mrs. John &amp; Ewel in?.. But</Unicode>
                </TextEquiv>
            </TextLine>
            <TextLine id="tr_1_tl_5" custom="readingOrder {index:4;}">
                <Coords points="494,1038 1668,1084 2028,1208 3176,1088 3176,951 2906,847 2772,927 2539,834 2192,884 1832,744 1455,864 494,764"/>
                <Baseline points="513,984 602,990 692,1002 781,1020 871,1032 961,1044 1050,1056 1140,1074 1229,1068 1319,1074 1408,1074 1498,1080 1587,1080 1677,1080 1766,1080 1856,1080 1945,1086 2035,1062 2124,1056 2214,1050 2304,1050 2393,1038 2483,1038 2572,1032 2662,1020 2751,1020 2841,1020 2930,1020 3020,1026 3109,1026 3181,1026"/>
                <TextEquiv>
                    <Unicode>11b - My id, biel kos peyns</Unicode>
                </TextEquiv>
            </TextLine>
            <TextLine id="tr_1_tl_6" custom="readingOrder {index:5;}">
                <Coords points="3830,1084 6245,1124 6242,961 6022,887 5725,1001 4731,978 4564,887 4294,1018 4017,904 3827,947"/>
                <Baseline points="3850,1068 3939,1068 4029,1062 4118,1062 4208,1062 4297,1056 4387,1050 4476,1044 4566,1044 4655,1050 4745,1050 4834,1050 4924,1056 5014,1056 5103,1062 5193,1062 5282,1068 5372,1062 5461,1062 5551,1062 5640,1062 5730,1068 5819,1068 5909,1080 5998,1080 6088,1086 6177,1092 6255,1092"/>
                <TextEquiv>
                    <Unicode>1870... O.d. willst durchtwelle: M.</Unicode>
                </TextEquiv>
            </TextLine>
            <TextLine id="tr_1_tl_7" custom="readingOrder {index:6;}">
                <Coords points="3897,1328 4050,1361 4244,1244 6182,1271 6159,1194 5632,1128 4811,1198 3897,1108"/>
                <Baseline points="3915,1235 4005,1229 4094,1235 4184,1235 4273,1235 4363,1247 4452,1247 4542,1253 4632,1253 4721,1253 4811,1259 4900,1259 4990,1259 5079,1253 5169,1253 5258,1253 5348,1253 5437,1253 5527,1247 5616,1247 5706,1247 5795,1253 5885,1253 5975,1253 6064,1259 6154,1259 6189,1265"/>
                <TextEquiv>
                    <Unicode>auf der Cul. -</Unicode>
                </TextEquiv>
            </TextLine>
            <TextLine id="tr_1_tl_8" custom="readingOrder {index:7;}">
                <Coords points="804,1521 847,1505 934,1548 1224,1451 1321,1461 1395,1518 1518,1505 1518,1334 1408,1355 1301,1284 1201,1278 1024,1331 907,1234 804,1194"/>
                <Baseline points="823,1426 895,1414 984,1414 1074,1426 1163,1426 1253,1426 1343,1426 1432,1420 1522,1408"/>
                <TextEquiv>
                    <Unicode>-nunt:-</Unicode>
                </TextEquiv>
            </TextLine>
            <TextLine id="tr_1_tl_9" custom="readingOrder {index:8;}">
                <Coords points="4127,1451 4334,1518 4624,1481 4734,1555 4891,1465 5168,1521 5381,1451 6212,1471 6215,1328 5812,1358 5685,1264 5545,1338 4631,1365 4130,1294"/>
                <Baseline points="4148,1432 4166,1432 4255,1438 4345,1444 4435,1450 4524,1450 4614,1450 4703,1450 4793,1450 4882,1450 4972,1450 5061,1444 5151,1444 5240,1432 5330,1426 5419,1414 5509,1414 5598,1414 5688,1408 5778,1408 5867,1414 5957,1414 6046,1420 6136,1426 6225,1426"/>
                <TextEquiv>
                    <Unicode>The ist de elle a eu lefant</Unicode>
                </TextEquiv>
            </TextLine>
            <TextLine id="tr_1_tl_10" custom="readingOrder {index:9;}">
                <Coords points="881,1752 2586,1681 2856,1591 3063,1655 3229,1625 3239,1445 2899,1378 1752,1568 1515,1485 891,1541"/>
                <Baseline points="901,1683 913,1683 1002,1677 1092,1665 1181,1665 1271,1659 1360,1647 1450,1653 1540,1641 1629,1641 1719,1629 1808,1617 1898,1605 1987,1605 2077,1593 2166,1581 2256,1575 2345,1569 2435,1563 2524,1563 2614,1563 2703,1557 2793,1563 2883,1563 2972,1563 3062,1569 3151,1575 3241,1593"/>
                <TextEquiv>
                    <Unicode>Dr.... es mit verkant</Unicode>
                </TextEquiv>
            </TextLine>
            <TextLine id="tr_1_tl_11" custom="readingOrder {index:10;}">
                <Coords points="3860,1608 4414,1718 5331,1618 5952,1655 6092,1621 6095,1451 5705,1535 5355,1468 5165,1561 3863,1495"/>
                <Baseline points="3879,1605 3951,1611 4041,1617 4130,1623 4220,1623 4309,1629 4399,1629 4488,1629 4578,1635 4667,1635 4757,1641 4846,1635 4936,1635 5025,1635 5115,1635 5205,1629 5294,1617 5384,1611 5473,1605 5563,1605 5652,1599 5742,1593 5831,1593 5921,1587 6010,1581 6100,1575"/>
                <TextEquiv>
                    <Unicode>Nubt a tres with. Me ist de at</Unicode>
                </TextEquiv>
            </TextLine>
            <TextLine id="tr_1_tl_12" custom="readingOrder {index:11;}">
                <Coords points="3907,1938 6002,1862 6416,1772 6422,1641 6075,1605 5612,1752 3917,1748"/>
                <Baseline points="3927,1862 4005,1850 4094,1850 4184,1850 4273,1850 4363,1850 4452,1838 4542,1838 4632,1838 4721,1838 4811,1838 4900,1832 4990,1838 5079,1832 5169,1826 5258,1826 5348,1820 5437,1808 5527,1802 5616,1790 5706,1784 5795,1778 5885,1778 5975,1772 6064,1772 6154,1766 6243,1760 6333,1766 6422,1760"/>
                <TextEquiv>
                    <Unicode>Je ce Mwerd de de de et jure auffetet</Unicode>
                </TextEquiv>
            </TextLine>
            <TextLine id="tr_1_tl_13" custom="readingOrder {index:12;}">
                <Coords points="647,1998 2799,1855 3113,1938 3129,1701 2425,1615 2172,1732 1705,1688 1261,1852 657,1835"/>
                <Baseline points="668,1951 710,1951 799,1945 889,1945 978,1945 1068,1939 1158,1933 1247,1933 1337,1928 1426,1922 1516,1916 1605,1910 1695,1898 1784,1898 1874,1892 1963,1874 2053,1862 2142,1856 2232,1850 2321,1844 2411,1844 2501,1838 2590,1826 2680,1826 2769,1826 2859,1820 2948,1838 3038,1838 3127,1850"/>
                <TextEquiv>
                    <Unicode>-ut wer. hall d</Unicode>
                </TextEquiv>
            </TextLine>
            <TextLine id="tr_1_tl_14" custom="readingOrder {index:13;}">
                <Coords points="5662,2008 5875,1945 5995,1992 6139,1965 6362,2042 6376,1822 6265,1875 6142,1848 6005,1898 5855,1828 5795,1882 5715,1875 5655,1908"/>
                <Baseline points="5676,1939 5766,1928 5855,1933 5945,1933 6034,1939 6124,1945 6213,1945 6303,1951 6386,1963"/>
                <TextEquiv>
                    <Unicode>selb ab ui.</Unicode>
                </TextEquiv>
            </TextLine>
            <TextLine id="tr_1_tl_15" custom="readingOrder {index:14;}">
                <Coords points="4034,2119 4631,2189 5351,2092 5468,2162 5868,2078 6222,2125 6269,1975 5511,1945 5004,2032 4874,1945 4037,1955"/>
                <Baseline points="4053,2065 4142,2071 4232,2071 4321,2071 4411,2077 4500,2071 4590,2077 4679,2083 4769,2089 4858,2089 4948,2089 5037,2089 5127,2089 5216,2089 5306,2083 5396,2077 5485,2071 5575,2065 5664,2059 5754,2059 5843,2059 5933,2065 6022,2065 6112,2065 6201,2071 6273,2083"/>
                <TextEquiv>
                    <Unicode>Hilt about kaversee in the and rest in</Unicode>
                </TextEquiv>
            </TextLine>
            <TextLine id="tr_1_tl_16" custom="readingOrder {index:15;}">
                <Coords points="734,2242 1148,2185 1628,2262 2302,2129 3166,2382 3216,1928 2876,1872 1938,2075 1418,1995 737,2115"/>
                <Baseline points="752,2196 823,2190 913,2184 1002,2178 1092,2172 1181,2172 1271,2166 1360,2166 1450,2154 1540,2154 1629,2154 1719,2154 1808,2148 1832,2148 1922,2142 2011,2136 2101,2124 2190,2119 2280,2113 2369,2107 2459,2101 2548,2101 2638,2101 2727,2107 2817,2113 2906,2130 2996,2136 3086,2148 3175,2160 3217,2172"/>
                <TextEquiv>
                    <Unicode>inmitte... .    tien kand</Unicode>
                </TextEquiv>
            </TextLine>
            <TextLine id="tr_1_tl_17" custom="readingOrder {index:16;}">
                <Coords points="3790,2309 5568,2299 6152,2232 6192,2119 5868,2082 5348,2195 4788,2119 4494,2199 4160,2092 3793,2149"/>
                <Baseline points="3808,2256 3867,2262 3957,2262 4047,2268 4136,2256 4226,2256 4315,2256 4405,2262 4494,2256 4584,2256 4673,2250 4763,2250 4852,2250 4942,2256 5031,2256 5121,2256 5211,2256 5300,2244 5390,2238 5479,2232 5569,2226 5658,2220 5748,2220 5837,2220 5927,2214 6016,2208 6106,2208 6195,2214"/>
                <TextEquiv>
                    <Unicode>der Stadt. xxx de</Unicode>
                </TextEquiv>
            </TextLine>
            <TextLine id="tr_1_tl_18" custom="readingOrder {index:17;}">
                <Coords points="4370,2439 4591,2429 4694,2365 4754,2389 4898,2355 5058,2369 5058,2315 4861,2272 4627,2302 4547,2299 4511,2262 4367,2295"/>
                <Baseline points="4387,2345 4476,2339 4566,2351 4655,2351 4745,2357 4834,2357 4924,2351 5014,2351 5067,2357"/>
                <TextEquiv>
                    <Unicode>a  nor</Unicode>
                </TextEquiv>
            </TextLine>
            <TextLine id="tr_1_tl_19" custom="readingOrder {index:18;}">
                <Coords points="3773,2509 5128,2442 5925,2552 6215,2452 6219,2275 5822,2332 5702,2245 5351,2245 5081,2389 4441,2452 3777,2332"/>
                <Baseline points="3790,2471 3808,2465 3897,2471 3987,2471 4076,2477 4166,2477 4255,2477 4345,2483 4435,2483 4524,2483 4614,2489 4703,2483 4793,2465 4882,2453 4972,2453 5061,2447 5151,2411 5240,2417 5330,2423 5419,2423 5509,2423 5598,2423 5688,2423 5778,2429 5867,2429 5957,2429 6046,2435 6136,2435 6225,2441"/>
                <TextEquiv>
                    <Unicode>kann a Ew.  T. P.D.  de Hen.</Unicode>
                </TextEquiv>
            </TextLine>
            <TextLine id="tr_1_tl_20" custom="readingOrder {index:19;}">
                <Coords points="3740,2822 4707,2699 6342,2706 6342,2549 6052,2506 5425,2632 4958,2556 4477,2652 3743,2609"/>
                <Baseline points="3760,2715 3844,2715 3933,2721 4023,2721 4112,2721 4202,2721 4291,2721 4381,2721 4470,2721 4560,2721 4649,2703 4739,2698 4828,2692 4918,2692 5008,2692 5097,2692 5187,2692 5276,2692 5366,2692 5455,2692 5545,2692 5634,2686 5724,2692 5813,2692 5903,2698 5992,2692 6082,2698 6172,2698 6261,2698 6351,2698"/>
                <TextEquiv>
                    <Unicode>de nellent or reçu derlei</Unicode>
                </TextEquiv>
            </TextLine>
            <TextLine id="tr_1_tl_21" custom="readingOrder {index:20;}">
                <Coords points="3773,3039 4284,3033 4497,2936 4958,3029 5258,2933 5582,3049 6039,3009 6155,2973 6155,2786 5578,2716 5064,2852 4908,2762 3773,2812"/>
                <Baseline points="3790,2924 3879,2930 3969,2936 4058,2930 4148,2936 4238,2936 4327,2936 4417,2930 4506,2918 4596,2918 4685,2918 4775,2918 4864,2918 4954,2918 5043,2924 5133,2924 5222,2924 5312,2924 5402,2924 5491,2924 5581,2930 5670,2930 5760,2924 5849,2924 5939,2924 6028,2924 6118,2930 6160,2936"/>
                <TextEquiv>
                    <Unicode>enfol. Et nen - die Verwurz ist</Unicode>
                </TextEquiv>
            </TextLine>
            <TextLine id="tr_1_tl_22" custom="readingOrder {index:21;}">
                <Coords points="3767,3216 5338,3173 6129,3320 6262,3296 6272,2976 5445,3103 4841,3009 4647,3113 4257,3006 3770,3039"/>
                <Baseline points="3784,3169 3856,3175 3945,3175 4035,3169 4124,3169 4214,3163 4303,3157 4393,3157 4482,3157 4572,3157 4661,3157 4751,3151 4840,3157 4930,3157 5019,3157 5109,3157 5199,3151 5288,3139 5378,3139 5467,3139 5557,3139 5646,3133 5736,3127 5825,3121 5915,3103 6004,3103 6094,3097 6183,3097 6273,3109"/>
                <TextEquiv>
                    <Unicode>halben. “Nie er schnit</Unicode>
                </TextEquiv>
            </TextLine>
            <TextLine id="tr_1_tl_23" custom="readingOrder {index:22;}">
                <Coords points="3760,3446 4170,3526 4721,3456 4934,3536 5061,3453 5692,3410 5695,3276 5528,3320 5351,3243 4744,3373 3763,3313"/>
                <Baseline points="3778,3390 3867,3402 3957,3414 4047,3426 4136,3432 4226,3438 4315,3438 4405,3438 4494,3438 4584,3438 4673,3444 4763,3444 4852,3444 4942,3444 5031,3438 5121,3432 5211,3432 5300,3414 5390,3402 5479,3396 5569,3390 5658,3390 5700,3390"/>
                <TextEquiv>
                    <Unicode>d 'après bien le</Unicode>
                </TextEquiv>
            </TextLine>
            <TextLine id="tr_1_tl_24" custom="readingOrder {index:23;}">
                <Coords points="5188,3550 5275,3536 5318,3553 5361,3533 5585,3590 5762,3566 5758,3463 5688,3443 5628,3463 5511,3430 5455,3460 5291,3433 5188,3470"/>
                <Baseline points="5205,3539 5294,3533 5384,3533 5473,3539 5563,3539 5652,3539 5742,3545 5766,3551"/>
                <TextEquiv>
                    <Unicode>but was</Unicode>
                </TextEquiv>
            </TextLine>
            <TextLine id="tr_1_tl_25" custom="readingOrder {index:24;}">
                <Coords points="3970,3700 4774,3697 5004,3797 5128,3690 5301,3697 6002,3803 5999,3593 5842,3566 5361,3533 5108,3623 4834,3496 4370,3576 4257,3500 3967,3510"/>
                <Baseline points="3987,3653 4076,3665 4166,3670 4255,3676 4345,3688 4435,3694 4524,3694 4614,3694 4703,3688 4793,3694 4882,3688 4972,3688 5061,3688 5151,3688 5240,3676 5330,3676 5419,3682 5509,3688 5598,3694 5688,3694 5778,3700 5867,3700 5957,3706 6010,3700"/>
                <TextEquiv>
                    <Unicode>Ses cet être aux heures as. -</Unicode>
                </TextEquiv>
            </TextLine>
            <TextLine id="tr_1_tl_26" custom="readingOrder {index:25;}">
                <Coords points="3827,3993 4237,3903 4811,3973 5582,3903 6125,4017 6125,3837 5912,3733 5735,3813 5124,3693 4707,3857 4180,3743 3827,3803"/>
                <Baseline points="3844,3885 3933,3885 4023,3891 4112,3891 4202,3897 4291,3909 4381,3909 4470,3909 4560,3915 4649,3915 4739,3909 4828,3909 4918,3909 5008,3915 5097,3915 5187,3909 5276,3909 5366,3909 5455,3909 5545,3903 5634,3903 5724,3903 5813,3909 5903,3909 5992,3909 6082,3915 6130,3921"/>
                <TextEquiv>
                    <Unicode>Auf die in Amst... In - den 11.000</Unicode>
                </TextEquiv>
            </TextLine>
            <TextLine id="tr_1_tl_27" custom="readingOrder {index:26;}">
                <Coords points="4150,4060 4404,4074 4561,4020 4707,4047 4701,3933 4671,3923 4601,3923 4521,3967 4451,3967 4354,3920 4314,3943 4244,3903 4197,3930 4144,3923"/>
                <Baseline points="4166,4005 4255,3999 4345,4005 4435,4017 4524,4017 4614,4017 4703,4023 4715,4017"/>
                <TextEquiv>
                    <Unicode>sit in it.</Unicode>
                </TextEquiv>
            </TextLine>
            <TextLine id="tr_1_tl_28" custom="readingOrder {index:27;}">
                <Coords points="4991,4200 5088,4217 5255,4184 5391,4210 5542,4160 5595,4190 5682,4164 5758,4180 5768,4030 5725,4044 5642,4010 5518,4054 5388,3970 5265,3987 5195,3940 5134,3970 5008,3960"/>
                <Baseline points="5008,4160 5049,4160 5139,4154 5228,4148 5318,4142 5407,4142 5497,4130 5587,4124 5676,4112 5766,4112"/>
                <TextEquiv>
                    <Unicode>to me.</Unicode>
                </TextEquiv>
            </TextLine>
        </TextRegion>
    </Page>
</PcGts>
