7112 4312
3859 211 6420 477 Gewinnen des bei uns zu übergeben mit
3790 433 6209 709 den Deutent, bleiben “Trucenen“ die
3106 531 3299 687 50
1968 578 2386 735 Mlter
647 567 3146 935 wurde ich mit einer rechten Aufblick zu
3761 640 6126 953 die hätte wenn ein halte. D. Brufte
647 829 2030 1073 der Karls, sollte. -
3747 888 6329 1135 ...des a été de Croit Geverteill.
702 960 3176 1313 Min art, da werde in Treicestand
3681 1084 6460 1433 till.) in in plus in name, die,
615 1204 2859 1506 und die lindere Abendläft in den
5482 1299 6053 1488 soll so
3667 1339 6562 1666 from a al Rankvotenprs ud Briefle.
684 1415 2965 1630 so wich. - In u.g. Kuglau
4849 1517 5191 1619 and
3670 1564 6497 1892 dien des eltes même je le je meurs
666 1590 3023 1953 receu étant avec un écrit pleut
6096 1775 6453 1913 G.F.P.
3728 1753 6646 2132 F.. 4. mein liebe Ils. d haut et d le même
658 1804 3132 2168 verbesserte  u m Boyner gleich.
3856 1979 6347 2277 g. d. schort est
637 2070 3285 2393 Un et sebt blut i un ai ils so viel, daß
3736 2230 6267 2510 en tilbshbeur de..
637 2303 3063 2641 et de ne Criffeurnt bestell.
3779 2444 6235 2790 d la ou.. Bel il j'avoue... m'a
658 2506 3354 2819 Pestep in in to Reppe bestelle to
2182 2677 2845 2855 Ouest by of
3747 2597 6588 2943 jus jeu p.u. leur prof. rien...
618 2714 3212 2997 Und.. as it for eenig her twillen
4234 2885 6467 3248 traß es + cipul bin in
3754 2888 4252 3245 No. 5;
542 2983 3186 3237 in augenahme Befeid
3808 3034 6380 3427 rectituant wenn daß noch er
582 3125 3041 3470 dis uit mkal ot Stmerigkeit.
3801 3339 6526 3681 Beja-de er niemand erfahren...
604 3346 3306 3670 sich nur: blut auch eine übrigkeit
3939 3597 6464 3816 ...  Uhr uns von nach der Conz.. xxx
1706 3557 3085 3823 Ihr müßte,
1080 3597 1644 3830 der Als. b
615 3608 1095 3848 Aber
1084 3758 1917 3903 in die Hauptagste
5056 3798 6246 3958 serner ceci
4179 3758 5038 3998 wie sie in
673 3776 2928 4038 und wie schon wirde mir um
1248 3928 3157 4194 al Elmboreuse.. The elte
702 4001 1233 4245 h, &
