7144 4472
364 631 3244 1017 so binansgemittert - :  4. dort xxx
338 805 2802 1099 sibefleig in. We in a d Heer Oude
1336 1002 1752 1136 Bues &c
256 1035 2843 1347 dacht. H. Hen, den er gestern verst.
323 1221 2873 1566 sefs an eu Ant kongleilis ce terre
308 1481 2891 1752 wo wird uit flaubt nach ihm im¬
312 1659 2854 1948 H. hart and Sime begnds be at the
297 1863 2843 2141 Weil (his will 2 Hain). He Re just
434 2067 3040 2331 I have in me? Hall I will get it.. En the
293 2260 3036 2527 Pavie..  The said H belegt this was, you
226 2461 3214 2828 4. Mädchen kan beran, auch in Schreiben
219 2717 2847 3036 you; - de lief in with. by
249 2939 2950 3273 sofor. die zu abwelten, um u auch
245 3192 2672 3555 sichllh. Ritter s. d. gnad Frau
230 3511 2821 3789 u ich ick - mit seit drücken - u
197 3689 2683 4027 a m will be at in kiml
260 3930 2924 4246 oefhul... Hu Soll Schreiber avandt en
6550 241 6799 464 140
4142 315 4405 460 verte
4112 286 6647 642 meo es schriften wirft, daß er fisch
3978 612 6740 868 zwey Ostern... ein reich hedel.
5556 761 5942 891 de cet
4502 779 4862 920 belenen
3967 798 6536 1099 in Fra Kust man Ch ici ne die Beck
3975 1017 6647 1306 stellte, dessen d Ekler unter... ud
3986 1251 6625 1484 A leur souchert. Mais au je de Verhällen
5181 1358 5634 1499 dertrta
3908 1392 6591 1696 wil Dr. Leopolda tilse...    iurei weilefich
3949 1600 6454 1844 Zu irnend bis u de 11. nr fil. nelut
4554 1744 4754 1856 in
3919 1778 6628 2056 12 vor..... Je ayej et l.......,.. Umois
3908 1960 6725 2264 kereluit ut u mit nur. at hølle leid jegent
3852 2175 6658 2431 at here to Zevanken beleitet.
3889 2379 6658 2639 d. da a in de Hartber 1/2 10
5148 2564 5500 2691 here.
3915 2587 6424 2873 . Herr de Bünstände und zuerst T. durch
3901 2783 6547 3054 nicht, das bynu haben. Erlaub.
4279 2984 4505 3117 ail
3919 2969 6628 3277 Et février que de 2 thst tire - kluyelt : -
3860 3195 6406 3470 d has offell, sat d H L- chere ciel
3908 3362 6476 3589 he will went to & you to.. & L. - Bayd
3919 3548 6205 3819 - - Ma aiguille belle de nouve
3997 3919 4220 4123 7
