7144 4376
5127 267 5592 414 make
6344 226 6594 469 23
3683 339 5886 687 bemerkt zufällen zu nehmen.-
1194 489 3081 797 En usible fait en haut
6129 544 6351 735 De
328 547 1112 817 hath.
3752 489 5961 869 tueur Raffe et avec Vous
954 687 1371 831 in itmen.
349 705 2928 1012 lage in Freien, in einem
3731 705 6218 1019 Bekannt towili; - cive all 4.
359 869 2979 1190 damat u Unguar gefallen Tilsk
3711 930 6419 1207 cnt sei Töchters - sie u. wenn ein
1638 1057 2377 1231 desI is in in by
4761 1112 5852 1303 or teyl I am
363 1105 3112 1392 hollleichszeit und der mir schöne
3755 1132 6337 1474 nach Jahr in T. Horst gewesen
2668 1221 2945 1354 a
4579 1324 5770 1546 o - fait. nous a le
380 1351 3016 1570 Tortt in Verblatt Wirk... de
3772 1402 6327 1737 your, her prifil, ne tell de
862 1474 1843 1700 to it. Aimele
393 1440 3146 1867 man die bed. beit us gewent hebbe;
5072 1522 6231 1761 a amieur sérieur.
3738 1724 6238 1970 The hautend cinr entenen
400 1672 2948 2062 At one sil in in ium beindeill
3765 1826 6471 2223 Rapp insbussung giebe „ ƒ hil
417 1895 3174 2319 We neete He wwir ce nul
3800 2079 6491 2462 wolle in nicht zu etwas stellen.
407 2148 3146 2521 sorgen, früher; bewehr ertrag.
1375 2343 2230 2575 or in tyell
3786 2319 6443 2654 ohne er beinteile gut weißt, daß
417 2339 2999 2780 Sr Jollb, ee/dre s/mpaltie
404 2544 3023 2955 De Heute uobrih; - de BnMoun
3769 2538 6474 2886 u  in armess Geforben lenteur
5369 2739 6043 2931 &c¬
441 2729 2852 3081 in un Beptit wirllig wurde
3779 2801 6211 3116 meint ait eu Ressée.
390 2989 2869 3328 di t mit imnbegan in de
3796 3013 6279 3321 konntelndt durch sie die rege
400 3174 2982 3512 Auf der Reichau in Erinnerung
3813 3218 6522 3536 ein andre Ortschaft gegeurt wer¬
369 3369 2876 3622 situemente begin; and die im
3848 3464 6204 3752 I don't jours trouvé mais
438 3536 2958 3875 Lettaft dreit et un haublachme
4005 3670 4713 3810 vomis getten.
3830 3673 6207 3916 hullen aussi - ich nie mein
407 3731 2794 4087 an den neuen ist nicht meh
