7061 4392
585 440 3026 803 Es meinem Athebant die nicht dann
641 719 3022 1000 wie weil die Frage zugrücken oh u jen¬
690 926 3301 1233 (ucht untt and de trinpe seyl to trine
1694 1103 2117 1236 amich
740 1138 2807 1448 mit i wieder spöllich Hoedanken
750 1349 3139 1634 Munersch andet nichts og Tuchand
747 1515 3170 1849 rat klagern mit geschut Bible.
722 1740 3304 1994 Thigut legl i Doulast mit 100 fils
863 1959 2934 2314 We ist best inotled and
666 2159 3255 2483 sei weint “slaibte Sries” - und an
687 2371 3290 2755 libul uit unt veil zurück..... Die
736 2635 3019 3040 Thur 1berguel Cleif, en jeu
680 2874 3001 3156 Nem d an jeit Heim, by
680 3107 2980 3378 and ohne I and feat beri hund den
712 3311 3188 3663 in to beullongheit,  le telt être
743 3565 2924 3829 zahnt mit den neufs, ließ is
736 3783 3191 4114 in den Raules sehr;- errecht gerne
3751 257 4051 444 dans le
6432 292 6612 497 43
4618 373 4875 557 till
3709 384 6541 673 [illegible] und möchte von selber Augen. Die
3730 623 6340 976 Secrétaire précédé jutaille du Boubuste du
4766 831 5654 993 in rechtel erklär¬
3787 926 6520 1208 en utile jaars; un nombte avant i éloin Cussé.
3734 1043 6541 1402 The Secretaire valor in liet out on Cleif &c
3723 1268 6418 1575 Décembre au mondeur deu de
3759 1543 6245 1758 Cornil hall in wein hi wil nein Bn
3818 1744 6478 2004 vadoppilt - de Corol.  Le Conseil
3804 1948 6305 2261 wollte ein Copp acta auf bopp als den
3794 2117 6362 2406 le terreur de terelais terel in a vus
5404 2314 6066 2480 in Anleit
4276 2321 4699 2476 wch
3864 2339 6584 2600 we had out in Elislf jahr on; “Fleyman
3822 2540 6517 2843 or in Bihy f in nahm rine Geld
3818 2765 6407 3079 on a Breflande; – Greysing in himan con
3836 3040 6418 3322 reculist wurde geblieb,
3903 3216 6407 3480 Stegart wollt auf zurückriet, at l d
5280 3463 6129 3586 aber die zu sichl.
3875 3480 6221 3790 Comml de jour Betr.
3889 3642 6429 3973 rekt... Exculor;
