7144 4472
5542 181 5866 391 .1.
6379 241 6696 422 115.
6487 377 6658 621 17
3909 446 6591 767 Wils das Koseugler in ihr lass ihr selentlich
2699 607 3020 834 131-
3892 711 6584 973 schaub ich sie bierung an die Frau auf ein
3857 844 6424 1158 f. der Landkarte... die „Wa als den in
262 868 2919 1085 Esstüttell nich; welche heute, ehelte esche
1140 1036 1409 1161 meer
3899 1078 6539 1308 nicht ue - die andere Nachtheil flage ihm
244 1043 2856 1301 er ister selbst... Er stellte eine Sabel
3847 1235 6145 1496 druit die gevonken..  La Revue-
289 1256 2842 1531 fiele; - ei müsst fort.
5688 1423 6407 1569 iue rasch gesag
3871 1409 6647 1664 den u. Villeck lew Jethan./. Ein Sone beim
220 1451 2664 1709 en Eure westen.. A.D.C.
5144 1583 5953 1747 ma belle florite.
1245 1611 2417 1779 The lett. der der & the
3857 1583 6567 1897 O the Hop i. The one is here in seivelvige
296 1657 2842 1970 Comit. in this is tott had till
3822 1775 6501 2044 be kopb gewee -    "  .  Ohkenne
1064 1855 2005 2033 Minderple aa fait
352 1922 3041 2159 Wie hatt u. de den in Ernst gevankt.
3833 1950 6518 2183 die in seinen Ungleich in Spiel gehört
5001 2099 6560 2302 Vullen M de Flande hee tpechete get
3819 2145 6469 2396 hell - Nulivrungs.... O2 der Consul habe
310 2120 2881 2469 I - de telle c. Es we bien président
5692 2326 6086 2501 ties bien
3854 2403 6525 2668 en fait. (nous ceux) ouvrillet. De une
241 2434 2971 2703 ein und selbst zu neben; - im Schwart
3871 2574 6675 2891 sueux un de plus en bilst. Tis elle telle un
248 2654 2832 2957 he should not - we were of
3833 2762 6560 3034 a point in...  Dr abe is a fropolke
3843 2909 6654 3334 triben. Und nicht werde es mit aus. Leopold
310 2923 2999 3188 gle gllt. d a entillem ae  t udle
5144 3153 6462 3351 wittwetigt, - ehe weiß sie
1639 3114 2040 3278 sisten
3850 3195 6570 3501 die ik de ik Schecke, ehe fort mich chez uit
272 3195 2985 3488 entilen. Lxx. sist ist? Hell
3868 3327 6525 3637 Neugier im heile ich. - die schwirt zum
286 3453 2752 3763 und die ganz Zeit an.
3920 3540 5706 3787 daß die is woll gewesen läst.
3958 3686 6612 3997 21 bis dort xxx Mangel u. 6 wäre
262 3672 2947 4025 theurd vorgespelt, dat it in
