7096 4360
450 460 669 697 26
697 496 3267 828 in Sanitimt.. met Vulesse et an't
690 779 3090 1037 du leur se... Es lachte mieux auf
722 942 1788 1143 Otto 1 dines
779 1080 2634 1345 Also parti hilheln...
811 1235 3168 1512 Ich dank dir, titteten § Ja deine jeti
818 1409 3257 1692 Mr. H. J..    Hud.   du Geld
818 1621 3352 1880 moyen présent    is not
839 1805 3299 2078 Geld jecisierte........
839 1965 3352 2276 ist in d. A.  d Geld
839 2149 3352 2421 wie die nur unkleit, so viel gewinnst
889 2382 3282 2673 Ich sey und sey nahulich nicht
871 2616 3048 2889 nein. Univeri du
811 2800 1858 3030 drewhl....1..
903 2974 3200 3260 Ja, unterhant über Wilhel mit
832 3193 3328 3536 in bedenbe Lebtiflykeit   ja geb.
750 3409 3253 3721 the at whirly with. The
750 3667 2995 3947 und ich gein. respective... .  in
761 3936 3239 4089 den aus. A gerne, gehört, die jedoch
3791 336 6535 708 mercirten kann, und wie ich zuge¬
3738 630 6577 924 ein bessend Rinwart.
3774 796 6577 1101 - Varpent nicht zu viel,.sigt Olls liet
3738 1027 6517 1381 bekelnd...    2nd jeht soll ich
3742 1299 6524 1568 dent and until long and... Novey
3731 1561 6556 1943 such.. mer ik vu ulent.. abe. is we
3742 1777 6390 2082 die willenste nagende wieder
3759 2043 6400 2443 ner. berkan.. Ihr. wir werk
3752 2368 4786 2680 nir de
3809 2453 6662 2906 fil to ist with wesen... aber... in
3827 2715 6556 3037 Ei in dem Adresse geben willst
3795 2949 6400 3282 ke erfahret die nellend zertründe.
3784 3200 6634 3483 vor zweyler, ihr ich ihr teil Oberd.
3834 3423 6496 3752 Ein einreiche Mai hin; ich ließ auch
3908 3657 6386 3993 ufzusammen April die erfr.
