7240 4648
3752 379 4087 570 lt 2
3813 480 6450 898 was  sich lösterlich wochen.
2951 577 3236 732 1 5 5
339 646 2998 956 witt wel je Haus sie sollte, so get.
4066 689 6602 1097 Une überte. „Willeweil - wer
400 884 3218 1122 al très nyve, est de selb
3885 924 6595 1331 in der p e sibin. w de ce Chite
411 1126 3308 1328 Königl. Mitte, u ist ich mittelte sie u
3900 1100 6385 1638 nahe! Uir auf de letzhaft.
411 1313 3077 1595 & in from this, foref....dres. je d.
3892 1403 6677 1962 Te Bikel bei Teif in the J.C.
476 1501 3106 1771 The Obeliciteant.. Myn    J  .  J.
4019 1598 6468 2121 off - will be hold - we will
523 1670 3366 1970 settenebre cet un fut ouil. Sll, tillle
3961 1872 6425 2367 in the Ban-ganzvere.
592 1898 3084 2190 cœur. un un føgt nt ich fort,
657 2157 2994 2399 in naluele jeg bett geräd....
4340 2284 5184 2590 M. fort.
4257 2298 6746 2850 De seul un giby fort. Kaffee v'est
541 2377 3077 2623 Eshell und, darf Gespräch, et ci ind ce
4834 2486 6194 2821 (aber Papier zu sich) -
4170 2601 6447 3070 3rd in juin fere sevent com to
512 2536 3164 2886 Act war; - gett oockt a tien, wo
534 2821 3189 3059 du Bursch./. (weilnem nicht mehr schon)
4361 2799 6861 3279 as it, -  Wiese.. do not schreib -
620 2987 3149 3243 4. Mayt and in die Eiguett; -  -    in de Kamere
4365 3005 6526 3474 u des i (wa Stuen.) Revol.
740 3149 2875 3413 Sie wll nicht dreintheil. Da schul an
776 3315 3153 3561 en fillel dierf, - daet in uit b aiena¬
4499 3442 5483 3676 unlarichte.
2085 3452 2413 3575 will.
740 3488 2846 3788 to be sent had in the J. Orikel?... I
4473 3496 6230 3820 Titien & 12... April....
823 3676 2201 3878 Abe nä get un dielle en?
4509 3636 6483 4008 Euf war: defiert. de Le
4502 3795 6843 4177 re-- (hot:-) - than I am he has not not not
1086 3791 2767 4008 Oußen... Gericht ist leit es sehr
1014 3921 3077 4116 J. Wir alle entdien ist.....    4. Grund¬
5011 4001 5786 4221 ne pouvoir
1032 4033 3279 4282 alle in-Rer für alle wissen. Sie ganz suchsicht
