7246 4376
743 458 3357 795 is tell that  $100 fils & getillen;
788 757 3187 975 Es juff in a treslenteste en gerne
798 889 3360 1232 that a begleit in Schul... They
795 1104 3287 1392 Gouvernement for a thought.
830 1309 3374 1576 Neunragte & Wischillet in a Kopf.
781 1472 3148 1746 La Regne à beaucoup de Bank
830 1694 3235 1965 Hilly. Be de prest Rinte sek
816 1857 3350 2246 Wills we in a keep and Elizakarte.
760 2149 3260 2451 enpefe en hulden... Tu me
757 2319 3280 2701 me fhil huis hatt Elvef jagt.
795 2631 3489 2923 Er ja an... verlauf. Gerau und wenn
785 2874 3398 3135 es dineil nicht lange, wo sein Stutt¬
2065 3027 2343 3187 scher
757 3048 3426 3312 = Re how not do andle
847 3277 3305 3596 - a bikam seu kam for with - in
941 3454 3093 3742 pr.  Anderniss    xxx
2374 3655 3017 3804 in at the
871 3690 3162 3954 auch die Raubermeistelt nie¬
833 3874 3069 4117 shall;.. de Kiste Bln. Verlant
6463 66 6627 302 4
3773 292 6568 670 Acten ist immer noch aus; - einzel 44
3749 566 6286 857 wenn sattbel an sehr wieder nach
3742 691 6293 962 de terelais haut aussi, de chez
3766 962 6342 1215 die cätlich hören, die und mich in
3773 1163 6332 1448 Stötte und vogelf Rei Eleifde entle¬
3843 1350 6307 1631 Hetes nubgeben, vhrotte
3864 1572 6311 1874 fany fornelykeren; and de Crom
3766 1788 6377 2041 well in laholt. This we are
3843 2090 6418 2350 inio ab vid lmen fell
3794 2284 6345 2583 in un A 910 fol -...
3857 2496 6526 2815 A lwint wir de Reuken
3850 2770 6488 3034 and he would not will not
3818 2975 6557 3260 mehr, at 16 er Cromken, -
3808 3194 6408 3534 ust en kleur   étude va nehmel je
3902 3433 6248 3752 in, - Civent en kleine Trust -
3947 3655 6627 3933 Se souvent; - et mais il dit toutesme
