7224 4632
6462 426 6790 737 107
2556 487 3134 626 &  .
3872 487 6387 899 Faf et C. Verhalt. était du Romp.
639 612 3280 943 1666 in die — — — jedenfelt ist
3912 730 6451 1129 wehrt sie. Ich wirkl seit dann
798 896 3131 1116 je de temps et duife. vouloir
889 1092 3138 1373 selbt.- andre kommt bemerken.
3902 1018 6620 1342 aufweilen und dass alleine
5028 1261 6414 1464 ut inleuet wen woll.
967 1292 3358 1630 "    J... selbelouhr.  agte Greif  ..  nach
3929 1413 6627 1731 [...] wie nlewntake où
791 1474 3381 1795 I amm Alch. in letzt Seit.
3966 1566 6360 1863 In den - Interes geschikt...
997 1735 2749 2002 und nach der Nieenfäll
4122 1795 6475 2059 Herr Bln. Blnk.
906 1941 3124 2269 it that.. A Lord he ye f.
3986 2019 6391 2320 at alle d hund u überrochen
812 2164 2593 2421 in fakit gemelt? -
3963 2262 6664 2651 dif cil.. Cet till.. errethevnte..
1045 2394 3398 2685 I am beglaßt. beitet jedenfalls.
4003 2553 6465 2874 Herrn Kleind...  vgl. siegern.
879 2607 3239 2857 Bevre tab car ulbloirstends
781 2766 3442 3107 will - abredering that is had is
4058 2793 6485 3074 and sent upon him. It is
795 3006 3293 3351 with him... It was it is...
4034 3090 6421 3368 Aus i gut. Der Empf. d. Brief
903 3283 2174 3564 Hann kow is..
4000 3287 6397 3547 tat uil entillene... xxx
1031 3466 3287 3817 2nd darüber geschuldig, kund
4071 3523 6577 3922 einiger un andere.” M. durch
1025 3730 3195 4024 wie oder durch 1 u 2¬
1052 3939 3398 4230 Nunlie kend... ich kund oubel.
