7144 4568
6588 145 6776 467 4.
3887 266 4998 464 & you have.
5275 163 5636 524 FJ
6177 379 6553 623 132
2506 513 2779 719 15
3731 496 6468 881 Seele warensmelbe dachlie in de Magl A
2460 669 2970 920 field.
524 680 2464 988 Une erloffen. da er für
2230 828 2563 988 geo
3710 761 6553 1108 teil – wie.. we n. est Monsieur du Com
375 903 2942 1179 and a fudut une, a servi, - ou d
3738 959 6496 1274 rent cinuer de belle -!..) Nous de voir
439 1083 3027 1441 Telephon palt in und " as in
3855 1097 6376 1515 Seind haut nur huisgunt
2329 1285 2913 1543 i in
453 1388 2255 1635 nel ut geworden.
3745 1303 6595 1703 u drungen wolks ich in Bremel oder
425 1490 2889 1901 wir wenn es borbe seil. du Rois
3738 1515 6425 1905 Shrebel een Kugel dienst de Kost
450 1752 2967 2071 i vilon die in... nillemt
3791 1774 6347 2117 si schrift ich die Stunde an eben. -
1568 1958 1905 2124 nt.
471 2050 2952 2343 inscurel.. wird vieles mir ein
3837 1972 6291 2351 am ausbrief.. in den Pange.
3784 2248 6330 2542 Ne bien a dit femme... La cou
467 2312 2931 2644 Sie dass d kommt vielleicht
3745 2446 6262 2800 de concilet. - und de order hatt
471 2542 3030 2899 hrt. mit viel. — Ehe in hell en
3742 2634 6266 3062 al every Heerereis... Une
460 2754 3005 3105 soit 1 um ein halte erreicht erlegen
3827 2871 6386 3267 kundt we nor bedenke:  ob in
496 2991 2761 3317 Et fait même. Echps de temps
3830 3126 6188 3459 Mullei ich beut um 1..... G.
517 3147 2952 3466 wie ein ertappten
545 3405 3161 3692 He - da atr wen is... I am
3866 3317 6269 3841 Was je nennertig recht. In
552 3590 3044 3905 & Mr F.D. is from in - Aug..
3926 3547 6475 3986 wahr bemlich aber durch¬
563 3763 3059 4124 erwitt an ihn glaubte (den
595 3958 3335 4262 Mr. and a Helv. (V. Fifdt)
