6840 4328
330 372 599 688 22
461 523 3052 891 our de Sentors in theete - ucted
1955 740 3125 895 in ein. in die Schönspiele
430 864 3056 1132 de geb. but wollest and win
496 1001 3163 1342 neu de  in alle Herr, de Christ.
609 1232 3228 1586 Stnabel... het ein Verhalten dienst
461 1463 3073 1769 mit einen und operelleusangen
616 1724 3187 2027 beur Churcher erzielleit.
599 1869 3087 2230 in. de Hauptkirche - a Flugutte
602 2130 3138 2505 it in 14Tye.  wilt compe at
2006 2316 2282 2522 ail.
619 2364 2818 2774 ductonen fuld afunir
609 2564 3214 3004 his rest lit jut taba
1401 2825 2564 2935 auf de Riane
647 2870 2904 3259 in uynelt - die Vogel hab
2302 3035 3056 3238 in der stahr aussi
695 3149 3224 3479 & eben Class genagen; wel de erst
719 3376 3163 3765 My this at here, in the
881 3544 3310 3878 " die herrutnach de ist beantur
833 3930 2712 4171 tal. ou ant id i myen
3792 213 6514 568 were bei darauf uxrt was ut 25
3761 461 6349 771 ent jouy blant.... also - coup
3730 623 6311 977 is when dis him est fils. which is
3689 843 6328 1242 sent - for did - if had did just
3727 1153 6356 1428 de volést avait vint à la M.
3737 1311 6511 1686 Ott... dit rup. J. de Chame
3727 1511 6339 1927 ist mitt überalligen aber das
3796 1765 6397 2216 brynt bet neulut in
3844 2082 6428 2560 Ja nur mit 50 Einzelst -
3772 2350 6470 2763 in de huit noil etue dage - del
3830 2509 6418 3001 est voulus mieux peu tout
3861 2946 6404 3266 is about him
3889 3152 6315 3520 nicht die gerempte Chare bei.
3854 3417 6267 3717 de Weibes hab... Ihr vielleicht ist auch
