6840 4360
2162 365 2352 544 &
811 500 3137 895 ut kei et je Ait! Will
548 701 734 909 by
573 771 3360 1176 door rue waill J heer.
544 1059 3214 1373 cœur en Acht
515 1275 3053 1633 dit ni pa bel.    mais
614 1516 3357 1826 - so cinjntiend ce n'ébauai
530 1698 3349 2104 henl - no - rent of in John.
603 2005 3386 2400 will - in the best
522 2246 3455 2685 ein hartteris tienich en juraart
698 2597 3386 2875 Aber xxx Absicht
654 2805 3353 3178 Artio obl von einmal ist.
584 3061 3207 3342 Wenditional bel de Rogs
559 3295 3053 3572 sibouller. Il s'est je ami
493 3579 3105 3956 will. wie die jedel ist.
570 3846 2849 4116 nellant est crain.
6070 212 6406 449 1 2
5439 245 5789 478 I am
4430 270 4840 457 I am in
3766 336 6410 763 Ce huis je lui alle tout in
4544 679 4799 804 22
3729 683 6439 1037 dep ut in allmeit gans oud
3707 953 6436 1315 was - Ee ick j.
3737 1191 6370 1498 Il bei die oblänntt nicht sehen.
3726 1403 6388 1775 at it at 5/4 Jch enfors
3678 1614 6553 1914 Mr Hintnicht beleetheit
3678 1888 6271 2228 weil er noch u en locum. Ein
3649 2155 6202 2444 ciecull wen Ouhil. in all
3722 2422 6326 2772 Herman - Erichung u.
4715 2615 4894 2780 of
3850 2681 6231 3010 (do think it in leid... her will get
3948 2885 6279 3247 “nesert... Wohin... will .. The
4021 3123 6337 3411 it in a last of the last is
3981 3331 6005 3678 -ter flottig - auf. Idee.- -
