7160 4360
6340 209 6538 451 31
3686 280 6475 630 Wir vielleucht der Muslard, d. P. ihn diese Anarbeits
3131 410 3310 578 36
3709 503 6281 898 jeglent eine Hoffnung bedeutete, als beschauen
444 455 3295 887 durch die dift wollenchendes Teil
458 772 3239 1167 anlagen - - and the City. n de V.A.
3649 790 4216 1107 empfour.
3713 943 6650 1279 Ce n'ai recht du écuyge fast. - Havre de Staarden
458 995 3314 1327 nabus, in de de Rem tene Rem
4484 1141 6527 1443 me hette de Houthen etc
3698 1204 4354 1439 un Gropke f
5368 1308 5848 1443 and to the
492 1174 3247 1648 wotale und do toffentlich, im¬
3716 1409 6717 1640 intente halte einen Bekomte ausgeheucht, einen
499 1450 3239 1819 feilige en lse com. Je ne
3720 1491 6598 1808 jänge nicht auf ganz gingen Rektionnelt.
3709 1711 6456 2020 der Ficilereul & in a un willganz etwas
421 1730 3254 2069 beland beit day et du Hoffen.
3694 1912 6586 2203 überlege erwieder aber ergeüblich weit jehren
518 2020 3057 2374 at der beschreiben wesend.
3690 2177 5010 2475 at behondelté.
4753 2263 5446 2460 au Coop se pré
3810 2311 6512 2673 Jummlin waren u fort. Es ne mit erfüllt,
4525 2542 5010 2680 nicht von
3795 2520 6456 2911 aber wohl es ich wegen den vorhifflant
3761 2796 6583 3053 in wohlfeil Essen, unter weil Frühle
3813 2978 6478 3235 Emilie, die zu der Rechte rufs.
5450 3157 6340 3303 unfährlichkeit
3757 3209 6553 3522 die durch Blicke im allerlei Büchern
3746 3403 6564 3679 dit di stair at jufillig gela kannele -
