7160 4408
380 441 544 761 130
555 434 3210 757 die Stion, witte xxx viel nimmt.
515 683 3025 1052 in giving... Frithele sd effect.
636 871 3207 1180 de Toutes, -   avec weutet lui de
640 1098 3285 1468 all Terre int uschier; der ab
651 1383 3196 1678 wand A Blick wilt bewif
611 1621 3231 1937 is und nehmen mit zuentlern Haupt,
1706 1859 2208 2005 will up
1731 1841 3207 2172 F. W. F.D.
654 1852 1603 2193 a-
672 2062 3349 2449 in de Roemoflhauss Cingen p..
704 2403 3182 2631 hilt se tyt unwilltoit; - de
707 2552 3146 2912 - w de M rle, ne
693 2773 3448 3150 er nich für wypte fertig.
782 2990 3274 3256 hil d sich sein Aussi an u mit mehr
768 3086 3317 3487 Sein Waffrüssel uwe entelmen,
754 3306 3377 3651 sich in de get gegen jene feld.
757 3480 3459 3893 and in Maffern so bestellen
821 3722 3434 4095 I am auch nicht begreifenheit
3740 309 6566 718 wollte er zum Betschof in Fich haben?
3736 590 6523 978 das auf die jet führe Bemerklich¬
3761 899 4490 1159 in it -
3832 1141 6513 1607 Al cr in Ram de Insoulier, wenn es
3832 1525 6502 1738 alle man in    et   d bellegsti de
3822 1710 6673 2108 nah.  Er we in best
3850 1962 6570 2403 qui jurez Mä Peln. hallen.
3829 2183 6395 2595 Coupe n nalutrut ongebeht; - ce ne
3839 2432 6538 2812 fast frok, daß sie weiterfuhre  ein
4845 2730 5037 2915 1er
3793 2712 6545 3064 belliten das hohe Programmendung
3797 2961 6531 3288 Mein. Die Oberstleutwort Woritzken, hals
3847 3214 6417 3655 auf die Weitel
3868 3452 6449 3850 vragend war, hall
