7256 4536
6487 204 6780 518 1812
2847 486 3203 733 17 x
4183 423 6558 726 Ihr wollt es den Eine tiefer,
349 603 2992 997 Strape (en peu) - men den Concil,
4236 715 6759 962 als arent untwel beson...
352 874 3041 1177 teelen. Er that die weilte nicht je-
4211 920 6582 1170 und mit er kennte ciänst bei ich
359 1064 3193 1417 couvitue ab - notre de pouvoir gereons.
4211 1085 6656 1350 grönen.... Es falle, ich nicht mit
4236 1272 6632 1498 de Recht hatte,  in d Roit de Raise
366 1265 2791 1628 so de Scheeuk. Jos is cahie loo
4278 1487 6744 1713 sihler Er mir nicht Er kommt und all
409 1561 3133 1787 nicht getragen; und  leztebril
4306 1631 6554 1899 wer gestehen, und aller, we¬
374 1734 3111 2016 Kleis an...  El étulyt will de hvanneten.
4271 1836 6646 2174 beillen, - viel den Entz.
388 1966 3016 2259 l'heil, de ce qu'il est celle, avec
4299 2047 6674 2410 gefoist; - will wille in the form
4214 2104 4524 2231 de V.
324 2206 2974 2453 me [illegible] howeler, we go in
4221 2262 6512 2604 to use from and I
398 2428 3080 2727 Vergesehr begegnete,
4274 2449 6565 2830 werler trager...  Ob er amt we
5920 2653 6286 2823 with
395 2657 3115 2978 bez et plötzliet fern...
4278 2777 6572 2981 dens comme une ;- ob ne nulit vers
768 2889 1406 3052 <gap/>
465 2872 3217 3150 vilf nicht wie ewe d H Wilke
4327 2942 6720 3214 wir ob en ni enfant ja n: od ob es
493 3101 3316 3432 Naz wilt wehr - is in out to it.
4327 3161 6537 3404 und das Unsser einlärt nicht
4327 3351 6766 3626 mit sic vor, schort -; - es we¬
486 3355 3111 3665 Amal. W. Eines Spütigen; — er selbst
4391 3534 6537 3792 ibu wie ein. Cnt u Unverteill
444 3640 3087 3876 Mgr. " u de Mde Beschachtungen
4450 3693 6752 3971 erbienen; at heile auf de
465 3844 3178 4056 will get jalter. Deverer nich zu sagen
