7064 4376
3785 180 6417 541 toté lui doit il a
6421 382 6597 584 25
3760 449 6597 711 cette cin Idee... Aber die darfst weil nicht an
3725 686 4188 835 borten...
3704 803 6527 1026 Otto mondte sich zu den....... Bei dem besser. Wenns
3707 948 5073 1231 erfplegt zum leiten.
3686 1118 6375 1468 Ork h èr cinuel et fils veulent tout
3693 1358 6283 1652 tand... na rave, ūv de tabec ind
5950 1475 6534 1680 in Café than
3668 1553 6413 1871 moribral ac Soutes tordens ttoing. een
3661 1794 6360 2122 Rlea Rognerpach is his vateulist
3591 2073 6399 2324 Antilleitende dare betterligt indenj en
3647 2299 6435 2558 witt... komt die f.p. Icken...de
3647 2462 6378 2745 Reginembar tägst... ist gewöhnlich clach.
3658 2664 6463 3010 wil eine herrts. ertragen, in der Theilen
3679 2887 6212 3240 Wieus, in der.. Filsa Gep. abr. de
3697 3095 6353 3495 Receuil de wett ; - u. ist à Behandlé
3714 3371 6145 3746 alvipe.    wegen eine alt
3750 3601 6176 3934 gebückt – in noch ein Verlei zum
