7176 4360
665 449 3403 825 Herrn sel u gerne sollte.
651 727 3111 1009 Obe nicht de klagt wäre.
522 929 3108 1315 (mit je will enf du tout un
539 1100 3080 1514 bar in een halb Stund
915 1253 3299 1482 we I will abe très de kranken tia
560 1361 3365 1639 und bet wie u der to be¬
564 1531 3212 1945 sell Guil. & y de dre pape
581 1796 3142 2112 punkts bede - - is best was..
588 1956 3003 2415 de Juinamtavec de Clovis
1935 2137 2975 2339 dacht en le belle
578 2286 3104 2704 wenn oberthofen zwar.
672 2502 3083 2871 Geword in    seil der de hede
682 2742 3219 3076 mand de guerre tu.. so well..
651 2930 3101 3327 grs et mare.  Ütrigene
790 3216 3007 3570 & as it I will
668 3435 2784 3849 Nimmt er auch glieben,
699 3769 3163 4033 in tant 1 stin... die genden
5126 191 5297 459 1
3797 289 4256 525 1 1 - a
6365 292 6553 491 36
3731 411 6361 686 des beaibule laissers sil & ferme.
3748 606 6389 1030 so vielleicht aber mit, so ihr we
3797 811 6292 1211 jedocht und welgeme ich die
3762 1034 6344 1378 I have in the Vliches it
3744 1277 6400 1667 brug konnte.. Vn am Anall
3811 1528 6302 1879 i-rile darrt et en gros gelt
3776 1813 6365 2217 Reumplahet engep - en ses
3811 2022 6445 2533 John in St Winter... deese
5822 2272 6438 2537 and
3831 2307 5735 2787 I is it be cl Arbeut in.
3859 2575 6459 3042 nille ikt schon auf eigene Tann
3870 2815 6302 3233 die nöthig die wolberst
3960 3118 6515 3557 Seinem gegen sehr. Hier im
3946 3327 6549 3664 wie es unbliebten wäre – nie heut
3971 3609 6636 3967 dans cette vérité avec le
