6776 4344
141 253 339 503 11
1645 212 2107 465 Bieel.
339 342 3093 685 Tirilein Beill. Sich. ich nur
3395 436 6161 778 den sein jener Vermorgen beleich ist.
439 570 3082 845 mil out it. she wostd little...
3417 670 5777 1005 auf intenutnem Gilder¬
558 759 2524 916 die ertragen an il nicht het in¬
361 852 2948 1120 hand that the
3369 875 6358 1232 wird die die unt bis acht tagt & by
369 1053 3019 1362 Drt ich bed dir dort. xxx
3458 1150 6023 1489 rollle. So. nayt. de
380 1243 2941 1560 et rès  ais der Me Parter Bill.
3458 1411 6012 1705 verlassen ja wirkl. nie närlet ich
413 1519 2803 1817 in a kippl die gleichfalls
3451 1627 5855 1995 Àpe exclue seunier Ausia
428 1742 2930 2036 ent de tableille dans
3417 1876 6380 2241 ab, ob Olle nicht nicht aufheilen.
398 1995 2799 2312 Otto. Hinterstättel de Bopf....
1973 2170 2256 2319 une
3417 2126 6243 2494 auf wollte und noch einver¬
402 2286 3045 2557 nantenten; ce laut ait de Caff.
3376 2464 6276 2781 Pfleill ia...  Nov. (Stad) etc.
428 2461 3105 2762 Erdurve. The Gl. und
3406 2613 6049 3023 redite. Mr. I trinle Als.
432 2680 2799 2997 Wicheln in empfanglich
3484 2851 6343 3265 Mais si ceci est se dit-moi je
342 2978 2743 3265 sumler, dass er den alte kann
3592 3127 6384 3540 "di wuft zu allein"... deß ich.
398 3160 2784 3454 wohl einigerlauben könne.
3462 3387 6362 3749 in einer ganz Büro sie elek. Fodelt
428 3417 2807 3693 Marielhorst de    le
3440 3581 6265 3912 tion angestell in al kenne
458 3667 2274 4002 Nun det d 2 Kup
