7240 4632
3749 324 4064 555 112.
4154 366 6516 671 I am in the Cromil.
4048 559 6552 899 habe zu belassen und er Geletz
3069 639 3351 854 125
4022 812 6433 1098 is der... An hilss jy die hol
507 802 2773 1107 As frynes jegangen an, bliit im
4022 976 6532 1255 re acteurs... Cben. est reçu avait
597 1040 3117 1245 Hilly Tipper in tillas.. in Aulegne in
655 1197 3001 1509 zu fleut tittel Läckeln stehen...
4019 1239 6442 1554 & if he is it the bekend in
684 1441 3005 1624 ... Ich sie nicht weer. In Hance
4012 1396 6593 1733 al in wen kewere remenngs ar ln
700 1563 3155 1785 nun.. Mar es.  Einsicht. in
4093 1724 4876 1990 we take...
729 1769 3165 1971 wie aus Nots gewesen?... Verachtet u
4147 1887 6327 2192 but he was the power
754 1945 3037 2138 nicht in die andere -. -.
4077 2096 6555 2424 of Pera.. On der avoir tout
742 2141 3146 2417 J. J.C. Hath die Raub M
2205 2289 2802 2433 incadure.
4057 2276 6407 2658 wuft ich irrte... Iil. ich
745 2385 3268 2529 es willeit in edi is mors, -d.
1252 2501 1602 2639 wch
777 2510 3152 2789 by her.  I don't
4083 2552 6667 2867 in ueulut ulhrt je viele...
806 2728 3322 2982 auszuglich den v. angevorsten? Ode
4221 2838 5191 3101 Mrs. C.
854 2899 3175 3152 Hil Holl es is it wit der Cents
908 3104 3213 3370 tullteel Geweest) hilft. drc i,d
966 3303 3293 3499 rer Clschen weggch - ich
998 3489 3110 3791 gebrachte  2-  Stancen mitt
1034 3675 3406 3948 since un be it.. de Ethers
1050 3939 3143 4160 just cnquent and
4430 3923 5845 4179 bei n hau p venir
