3720 4232
555 332 3239 691 is hall sera joue Barschiftoulore.
521 538 3253 904 und wenn lieb ihn en Helle...  Hn
1246 758 3114 1171 Bofra tog Beite Vor de
619 873 1263 1185 Frieden
718 924 3412 1371 Cromit to in Haif Bambuoll
735 1178 3351 1598 he will I have herDie Will, and
741 1422 3422 1892 er four in well just might. -  wil in
1848 1642 3402 2041 Cigminer. The a half
779 1753 1835 2149 all the sat,
2058 1872 2620 2045 du Mihat
839 1848 3324 2356 is unt as birer is daft glaub get
836 2163 3507 2566 sel retelle; et je ne peut ici celle.
971 2386 3155 2810 Ad in kle beknt da en Fles
1686 2667 3277 2996 da Fiele bis, das ihr
900 2820 1716 3084 came:-d
897 2904 3344 3304 inrerd al flad oogwlel in
2986 3162 3311 3297 in
934 3148 2952 3453 ich habe ich in Ihr ein
2586 3270 3263 3483 is in the
961 3419 3107 3669 sul über wil lezten von denen
1043 3551 3270 3930 Sigon " Elrif liet bat it, et
