7128 4600
1179 492 1411 714 125
319 787 693 1005 155
433 853 2704 1165 well a keine wiederte sein
444 1026 2738 1376 dolg sive. Gel. bl wurde w
482 1189 2783 1560 I will. I am
510 1373 2991 1719 mend.. but i (wie nt to vin heren
506 1525 2797 1896 Kstellttik). in Ei
537 1705 2908 2049 all cr nicht gewußt.. Apräs er
537 1889 3050 2267 nu plubte deux cinq.
2045 2104 2319 2274 ein
579 2121 2908 2527 avec des cœur né il seul augustan
1248 2343 2104 2489 Seiten-
558 2357 2957 2683 will get you. The
648 2471 3026 2908 Sonnet beleidigt tat: - Rait Em¬
707 2659 2915 3123 respectit.
752 2815 3102 3314 Ce hat u et Vereinigt.. Er Ia Aige
752 3102 3047 3549 blut, de diei Eure kam.
2159 3307 2506 3449 Abrihen
738 3272 3272 3695 is - it that
752 3556 3019 3990 Tafs die Fürn, den aus¬
891 3761 2932 4142 d'aà la fois que le
835 4004 3414 4336 Mart bei ihr geworben werden blklare
2399 4201 3009 4381 in an
6572 222 6756 458 14.
3789 239 5005 548 on the have from
5352 201 5886 603 at 5:6:2
3757 423 6471 711 die ein' I hwurf ärgette mit ziel er 5
3841 582 6627 950 saadt hatt. Da nicht überblick seiln.
3775 825 6510 1189 compte un mois de même compl, de faire
3792 1026 6222 1376 the I get if you did to get jede
3775 1276 6413 1591 tell fos 1 R.O. Julit, etc - darum
3796 1463 5948 1889 unt auch: daßt sie sere Haupt
6038 1400 6534 1685 cette
5643 1615 6111 1823 erleb
3854 1716 6517 2035 ue mollande de Eurfra de Titürff
3796 1816 6402 2257 will sold jenall it it beken, and
3851 2055 6607 2444 in and ofible de petit de morts
3823 2295 6544 2707 de ainsi. de Ecrett de prellet
3837 2527 6510 2981 wleyjage war.. (ublibub) - in
3854 2825 6506 3151 sie ihm stattd 100r. die Herr
3893 2964 6437 3428 11 beiden, - Einzurich halte; und
3917 3355 6385 3692 Weise mit wildigleit kracht
4392 3945 5414 4215 if he we are if
