7096 4360
2974 255 3221 412 ...
3720 371 6690 701 upuis si hillez beengere Boim, wenn i une
540 379 3202 701 hmit allop. de tout n'a, ceux
3720 608 6660 885 nicht bei der Frau Pilsrek der betellen.
551 664 3251 938 und einige devorier, die
3956 735 4365 881 rciate.
3761 754 5329 1091 Otto het ein, Wien
461 870 2989 1136 sli bestift, die esig verbeine
3784 986 6739 1328 Frei Ihrer öffnete ist, Otto beteres, tinte item.
495 1088 3195 1384 me u de tout luyverte der
3761 1264 6641 1568 centier un xxxx xxxx de juin
499 1286 3266 1579 ehe de Solvater pl lek" in Nof.
990 1451 2048 1642 mit den Solant
3761 1459 6570 1725 en bien das gelerndes qui dit sa doufe
480 1478 3169 1901 auf in alle möglich Grund¬
3731 1624 6589 1942 en Augenblick, uu vanderow gleich würden.
510 1789 3172 2096 zurück zu können. - -
3720 1875 6559 2182 keit beile über Lebstoffentglükte Frs¬
548 1991 3270 2284 bei der nach Stuhl. Geld hab.
3742 2089 6694 2430 dens altes tous de tous en gage... terre
548 2231 2970 2542 duftete. Ausd. er dachli.
3761 2329 6750 2666 Otto, nicht, da freut mich aber erklärt.
1084 2426 2959 2659 c-est-f-à-g-t-il. - en coll de
559 2542 3292 2798 Von Ni, zevenfalls ich heiß.
3731 2569 6529 2910 Ullst mit bleger?    J, bordig
1080 2681 1984 2835 Ist Hohe in der
472 2726 2899 3060 no travailt. I made Baden -
3746 2835 6679 3101 wie in, nicht alle aus, wie siele.
592 2948 1436 3240 erst xyz
3836 3030 4230 3161 Mair
3731 3090 6739 3326 rofte ist das Local nicht geworden.
3735 3285 6435 3559 in the - a/c in the
3788 3506 5419 3851 auf den xxx
5509 3525 6409 3754 I am
