7080 4360
2948 225 3223 454 1"
929 272 1114 432 a un
2214 283 2719 483 not.
3735 341 6530 682 ne st, ob Oll etc un empfangen wird.
552 421 3354 773 iin au weisten decieil, dep et vrai.
1093 653 2055 889 to dein. Mr
3713 624 6472 849 wil. So weshaltsahm nicht
530 697 3223 984 & tousquoises in spring, - at
3761 791 6512 1064 um sie u Otto sige sei wenigertesleit
534 940 3194 1234 ist hatte er mit mal de probat. -
5097 998 6465 1172 sei wegleit gehalten)
3721 1045 6647 1318 as - at bell or a ct xxx xxx
523 1140 3056 1514 i isi at al u tredubet ler
5325 1241 5539 1383 fill
5129 1256 6498 1586 th it empfang
3822 1263 5082 1619 gerreiset ob
483 1329 3278 1775 gute, bésuile.. Ecoffrek et tout
2272 1535 2585 1710 mit
3746 1503 6556 1898 Alle). - ou de vautant est dit en
486 1648 3191 1906 Golle ihm zu mehre, da aan eben
3772 1746 6650 2116 gebbe nicht ganz erkennen sollen so
512 1808 3242 2200 al Nire je 2e getreter, une
4969 1971 6643 2280 Ich derselb der
3717 2076 4882 2363 de Cinq siècle
544 2105 3271 2432 Otte of the 4 and 5 in and
4911 2196 5274 2352 6th
3757 2207 6451 2614 Ole in we at E John. Gelegent
544 2316 2940 2679 amptliverigt Blick 7th Pd
5801 2421 6411 2610 Cicaper.
1917 2497 3118 2675 all your veial
3786 2410 6578 2839 ap eine puissam. Aberleine
519 2585 2897 2940 mit den Otto d Rol xxx
1053 2795 1539 2962 terminly
574 2737 3278 3100 erkovnt soll vort., welche das haar
3786 2726 6530 3111 geles in die in beide vorgags zu hatten
3779 3020 6164 3311 in Civil en spiell;  I did to
584 2987 3205 3292 fant, daß für in hin glaubsel
3812 3140 6701 3565 Das oder ltte und mit dem Star Nr VII-
519 3187 3086 3550 Orle J. gewißen könnte
3833 3470 6621 3775 Müsseln. Spiez en et en appellant
566 3459 3133 3775 for this in diastr the
3779 3703 6650 3949 et perdu Creging...  xxxx  lwullehu
621 3739 2908 4073 zijn sel. willig dero ächten
3917 3844 6345 4033 als verlangen sein, die in Armst schönen Unterreich
