7160 4392
565 434 2845 775 zu deilt, das Il kenne u
536 684 3030 985 de lutte, lu - a be de
565 905 3287 1234 Reven: - - me de posier met
601 1082 3120 1394 wahr : - went de Pertham
543 1332 3168 1701 is hilly - und es blau wird, in
583 1629 3073 1951 fromie - in mieds men as wil
2060 1763 2320 1926 dul
590 1843 3139 2172 or former, - wch is i bin and out
565 1991 3229 2382 de jonge les.. Grie merie Le dor.
1517 2291 3200 2559 to is... No Dr Leaue
612 2328 1510 2628 = A/ten
655 2548 3225 2834 werde ich in de hien her u in
565 2762 3171 3120 und mitt ihn mit den Tage ein
586 2990 3073 3377 leichs ein Sie man bloed und eben
561 3196 3334 3587 proper chez ; - und es einen xxx
539 3414 3084 3844 depere nils terreur, melleicht huur
532 3667 3316 4109 Von Feld-letzift bekommen kann.
6324 206 6581 442 34
3649 351 6563 746 Aber    his mes in weil nen - ui abrebnos
5086 586 5922 796 Monsieur deux
3638 659 6534 909 eux très liettent de n'ai, - de deux
3678 869 6465 1242 vont tous, lois, que du louren Risse
3638 1075 6389 1517 nimmt bei xyz morgen beschafft
3729 1358 6556 1701 rein... Wir nun nie is da. einfach
3815 1513 6201 1962 in den Herr Resse. ausberg
5969 1687 6371 1828 long by
4264 1734 5651 1937 &c in Uilbenhr Sorsch sul¬
3689 1759 6523 2194 Antwort ach verstössert die bet
3696 2020 6520 2393 gift. Adj. mit cold einer kann
3729 2266 6451 2624 war alle verdorben. (hir xxx)
3750 2494 6458 2834 de Res. S. holl et voulut Joseph.
3790 2675 6574 3139 vor 2.5. Ich dürf er nicht dem Sache
3758 2921 6502 3320 en oubort bed te pberilie.
3812 3215 6364 3486 Ober.... wie wenn... ne
3844 3359 6393 3692 I ist den schrieb nellt - ue
3834 3645 6469 4004 de.. Es verführt seiten mit den
