7144 4472
6561 254 6789 403 14 C
6042 319 6495 555 1—1
6506 446 6735 631 16.
3879 425 6452 729 cubote offy in Regiment.. In you in
2892 588 3113 755 1 & 1
345 595 2903 871 “Herr Leibwert”.  An ihr dann wir i
3843 631 6728 947 me avec jurel il... Aigenaerte
1800 784 2192 914 ieu
5937 824 6118 922 ou
337 860 3179 1078 de Berlin nitzst. den We in der Einweise
3890 875 6503 1129 ....  Ebe es lieg xxx nicht kein kommen
363 1027 3088 1328 joui si Tifd je jeta, de étoue¬
3846 1031 6557 1248 et cœur a hope offre je veux. Ils
363 1227 3204 1560 Prubler geretten.... .    This manîtent.. -.  R
3817 1237 6434 1502 we argent. I half Diaust  in
334 1441 3099 1764 - Helevenkel... Novem nenl Sintz war
3814 1444 6677 1658 au fort enfer: tarder auf die Holz, hinwni¬
3814 1647 6612 1891 F.a.c. v5 T.C. S.
2823 1655 3208 1833 .......
363 1640 2540 2018 & hoffullert mir, eben u. m.
2177 1778 3175 1949 au de Avril ou
3836 1800 6434 2094 o Fort..... That we tell the home in
345 1898 3092 2166 Uw... d. koffel schonl. je s'y fiel...
3748 1978 6300 2348 den x tel gegang om hin. def e
367 2039 3074 2446 so tnent in in voll. den von Beron
3756 2126 6543 2457 a loneuse.  A Hileiblibene & nyen
265 2243 3081 2656 uodere... &ca - hic alte? Ode de
3748 2409 6252 2722 ye A.M. hall. de it will -
239 2493 3084 2957 Jouy. On veit de Rest joujemsant
3788 2595 6477 2874 jeengel ougragen - ab i weiten, et tell
377 2740 3132 3168 Uornde Jong dran krigh. wa an
3770 2838 6289 3139 nd untimmen an Febe lernt
399 2979 3182 3393 [illegible] - a cnpl d Hee R
3759 3015 6681 3353 Même - il écrire, et en jours dans
388 3208 3026 3571 woll v ube    “  Ja  ikke de
3778 3291 6445 3596 pince. Als wir mit un Verhältnis zu sei
3785 3545 6430 3734 &uf dem wärzterem
388 3538 3204 3828 M-nout wie weg verlärt.
3778 3665 6557 4003 Ihr taufe Herr... Nutzeln verwirrt D.
515 3807 3219 4075 ckein wenn auch ja nicht bemalen
4003 3915 4169 4162 me
2435 4086 2957 4253 wast in
