7096 4408
640 504 3055 766 all and we in time to life.......
680 705 3245 1009 He, lebt Crice, de la, jus Hølle.
651 962 3112 1252 ist mit gut Versal gepflartet:
680 1170 3066 1435 de in Himmel and moetvel,
662 1374 3227 1628 bewerk de Lerchen... Gut jegel
751 1588 3163 1846 Sie begaben Neu Director... c'est
769 1764 3048 2107 Tribgab cirt alle.
766 2003 3091 2300 zuvie de Caféton. Tout ma
1270 2161 2333 2379 in de offu qui,
726 2214 3095 2501 [illegible] im Zeit ist es
744 2429 3195 2730 sul de terme de nope, die
755 2705 3191 2948 Hingel in Frie.. Idem ad
726 2876 3159 3163 spiel, erst er ist und
701 3134 3048 3374 Aucht Er nebst uit und dem
751 3270 3048 3617 fait en d tourte heare
801 3474 3023 3828 zurück... da in halb Hr. Am¬
751 3731 2973 4025 wede dort. sich ausz.
726 3935 3377 4153 d hin dreif sicr mit der ande
3671 129 6543 433 in eine halbstückliche Ecke inzahl des Fries,
5330 283 5871 454 im C et
3703 379 6500 673 wie er der Trahlichschaft will noch einen
3699 608 6400 898 Wirzene Zürcher wiegebe er hatt die
3724 876 6286 1088 Seuel zurückge leben,
3696 1048 6350 1381 er seullut zu erhemen gab, dass er
3696 1216 6479 1628 hielt uitzuspiel geracht. No bill
3721 1563 6500 1817 Die Nei. ich un fladly begreift; die
4221 1732 6647 1878 in kopei elegant beur h niet cie zuzl. zweit I
3738 1774 6393 2096 du Conseil qu'il était mal de, & si ceg
3764 2014 6411 2383 Grunde schät der Rech. die An. Dr
3767 2268 6468 2633 Fleger de Boubbulte zigewassen; -c
3767 2519 6518 2830 dubli vin Spiel auf: er hatt gernne
5373 2687 6490 2883 re beleefind out
3688 2762 6493 3066 te Klegnau schol, bei die Beschätige,
4751 2962 5280 3141 peut-il de
3785 2984 6214 3323 recht es nicht die verflaßte
3756 3195 6067 3499 heran und legte mir holen an¬
3832 3399 6522 3760 Kräfte de... 4 heures Le haut pas mil
3892 3774 6454 4043 rekt... Exculor;
