<?xml version="1.0" encoding="UTF-8" standalone="yes"?>
<PcGts xmlns="http://schema.primaresearch.org/PAGE/gts/pagecontent/2013-07-15" xmlns:xsi="http://www.w3.org/2001/XMLSchema-instance" xsi:schemaLocation="http://schema.primaresearch.org/PAGE/gts/pagecontent/2013-07-15 http://schema.primaresearch.org/PAGE/gts/pagecontent/2013-07-15/pagecontent.xsd">
    <Metadata>
        <Creator>prov=READ-COOP:name=TrHtr:version=2.1.0:model_id=51170:date=14_08_2023_21:43</Creator>
        <Created>2023-05-10T14:46:47.779+02:00</Created>
        <LastChange>2023-08-14T21:43:39.613+02:00</LastChange>
        <TranskribusMetadata docId="1428677" pageId="55425699" pageNr="82" tsid="132827091" status="IN_PROGRESS" userId="64420" imgUrl="https://files.transkribus.eu/Get?id=TDJHUETJLZKEVCVOOXPKVUJB&amp;fileType=view" xmlUrl="https://files.transkribus.eu/Get?id=GLXRWADHEAJQRTQLQMUHKAJE" imageId="44699776"/>
    </Metadata>
    <Page imageFilename="1428677_0082.jpg" imageWidth="7160" imageHeight="4376">
        <ReadingOrder>
            <OrderedGroup id="ro_1711811513365" caption="Regions reading order">
                <RegionRefIndexed index="0" regionRef="tr_1"/>
            </OrderedGroup>
        </ReadingOrder>
        <TextRegion id="tr_1" custom="readingOrder {index:0;}">
            <Coords points="388,314 6704,314 6704,3974 388,3974"/>
            <TextLine id="tr_1_tl_1" custom="readingOrder {index:0;}">
                <Coords points="5133,478 5307,405 5376,413 5430,387 5520,452 5636,431 5636,322 5578,308 5539,272 5452,322 5397,297 5361,319 5321,282 5177,315 5133,293"/>
                <Baseline points="5152,364 5241,364 5331,364 5420,364 5510,364 5599,364 5647,364"/>
                <TextEquiv>
                    <Unicode>unto</Unicode>
                </TextEquiv>
            </TextLine>
            <TextLine id="tr_1_tl_2" custom="readingOrder {index:1;}">
                <Coords points="6440,594 6476,597 6520,565 6578,590 6606,586 6588,253 6559,257 6530,243 6491,257 6469,246 6462,257 6454,250 6422,261"/>
                <Baseline points="6453,483 6543,495 6608,489"/>
                <TextEquiv>
                    <Unicode>32</Unicode>
                </TextEquiv>
            </TextLine>
            <TextLine id="tr_1_tl_3" custom="readingOrder {index:2;}">
                <Coords points="3747,706 4413,641 4576,746 4807,626 5589,666 5948,579 6404,666 6469,467 6074,362 5444,463 4793,387 3754,471"/>
                <Baseline points="3767,668 3784,662 3874,662 3964,656 4053,656 4143,650 4232,644 4322,638 4411,632 4501,626 4590,620 4680,620 4770,614 4859,614 4949,608 5038,602 5128,596 5217,596 5307,596 5396,596 5486,602 5575,591 5665,585 5755,585 5844,579 5934,573 6023,573 6113,567 6202,573 6292,579 6381,602 6471,608"/>
                <TextEquiv>
                    <Unicode>allgemeldigecerriven hätte, und ganz</Unicode>
                </TextEquiv>
            </TextLine>
            <TextLine id="tr_1_tl_4" custom="readingOrder {index:3;}">
                <Coords points="2197,688 2244,691 2288,666 2302,677 2313,673 2328,691 2335,684 2342,695 2364,684 2393,695 2415,576 2357,557 2310,586 2299,579 2262,597 2259,590 2241,597 2215,586"/>
                <Baseline points="2220,668 2232,662 2322,650 2411,632"/>
                <TextEquiv>
                    <Unicode>reh</Unicode>
                </TextEquiv>
            </TextLine>
            <TextLine id="tr_1_tl_5" custom="readingOrder {index:4;}">
                <Coords points="485,804 3269,836 3272,641 3091,547 2548,579 2342,695 2013,594 1368,710 489,576"/>
                <Baseline points="507,758 596,770 686,770 776,776 865,782 955,788 1044,782 1134,782 1223,776 1313,776 1402,776 1492,770 1582,776 1671,776 1761,776 1850,770 1940,764 2029,764 2119,764 2208,758 2298,764 2387,758 2477,758 2567,758 2656,752 2746,758 2835,752 2925,752 3014,752 3104,752 3193,752 3283,746"/>
                <TextEquiv>
                    <Unicode>was auch wieder eine abragenetme und</Unicode>
                </TextEquiv>
            </TextLine>
            <TextLine id="tr_1_tl_6" custom="readingOrder {index:5;}">
                <Coords points="3710,923 4250,1032 5220,822 6136,771 6411,851 6422,662 5209,641 4862,800 3721,713"/>
                <Baseline points="3731,889 3737,889 3826,883 3916,883 4005,883 4095,883 4184,871 4274,865 4364,859 4453,853 4543,847 4632,847 4722,847 4811,847 4901,841 4990,835 5080,829 5170,817 5259,817 5349,805 5438,799 5528,794 5617,788 5707,782 5796,776 5886,764 5975,758 6065,752 6155,752 6244,752 6334,752 6423,746"/>
                <TextEquiv>
                    <Unicode>entzäckt zi ein. Auf die Feinde</Unicode>
                </TextEquiv>
            </TextLine>
            <TextLine id="tr_1_tl_7" custom="readingOrder {index:6;}">
                <Coords points="431,1111 818,1122 1050,1010 2581,1086 3178,1006 3186,825 434,880"/>
                <Baseline points="453,967 501,973 591,979 680,985 770,985 859,985 949,985 1038,985 1128,985 1217,979 1307,979 1396,973 1486,973 1576,979 1665,979 1755,979 1844,973 1934,973 2023,961 2113,961 2202,961 2292,955 2382,955 2471,955 2561,943 2650,949 2740,943 2829,943 2919,937 3008,937 3098,931 3187,925"/>
                <TextEquiv>
                    <Unicode>Febuchbariumes. A no cont d</Unicode>
                </TextEquiv>
            </TextLine>
            <TextLine id="tr_1_tl_8" custom="readingOrder {index:7;}">
                <Coords points="3776,1097 6053,1053 6498,967 6509,825 5825,775 4941,985 4152,1032 3787,923"/>
                <Baseline points="3796,1068 3820,1068 3910,1074 3999,1074 4089,1080 4178,1080 4268,1074 4358,1068 4447,1068 4537,1068 4626,1062 4716,1056 4805,1050 4895,1044 4984,1044 5074,1032 5164,1026 5253,1026 5343,1014 5432,1014 5522,1008 5611,1002 5701,996 5790,991 5880,979 5969,967 6059,961 6149,949 6238,937 6328,937 6417,937 6507,931"/>
                <TextEquiv>
                    <Unicode>Havies i hier of the</Unicode>
                </TextEquiv>
            </TextLine>
            <TextLine id="tr_1_tl_9" custom="readingOrder {index:8;}">
                <Coords points="3776,1289 5307,1296 5781,1213 6237,1285 6292,1028 3779,1220"/>
                <Baseline points="3796,1277 3874,1283 3964,1283 4053,1283 4143,1283 4232,1283 4322,1277 4411,1277 4501,1271 4590,1265 4680,1259 4770,1253 4859,1247 4949,1247 5038,1241 5128,1235 5217,1229 5307,1223 5396,1217 5486,1205 5575,1205 5665,1199 5755,1193 5844,1193 5934,1188 6023,1188 6113,1182 6202,1182 6292,1170"/>
                <TextEquiv>
                    <Unicode>nost drie Benebru je bliefe, go</Unicode>
                </TextEquiv>
            </TextLine>
            <TextLine id="tr_1_tl_10" custom="readingOrder {index:9;}">
                <Coords points="391,1300 2089,1329 2480,1187 2943,1289 3186,1249 3189,1035 2234,1140 395,1097"/>
                <Baseline points="411,1217 417,1217 507,1223 596,1223 686,1223 776,1223 865,1217 955,1217 1044,1211 1134,1211 1223,1205 1313,1205 1402,1199 1492,1205 1582,1205 1671,1199 1761,1199 1850,1193 1940,1188 2029,1188 2119,1188 2208,1188 2298,1188 2387,1188 2477,1188 2567,1182 2656,1182 2746,1182 2835,1182 2925,1182 3014,1182 3104,1182 3193,1188"/>
                <TextEquiv>
                    <Unicode>ewig fast; out in jonger Rechts</Unicode>
                </TextEquiv>
            </TextLine>
            <TextLine id="tr_1_tl_11" custom="readingOrder {index:10;}">
                <Coords points="3765,1524 4025,1510 4395,1669 5075,1462 6549,1415 6559,1253 5426,1238 4851,1419 3776,1365"/>
                <Baseline points="3784,1504 3874,1504 3964,1504 4053,1504 4143,1504 4232,1504 4322,1504 4411,1504 4501,1498 4590,1492 4680,1492 4770,1480 4859,1474 4949,1468 5038,1456 5128,1444 5217,1438 5307,1438 5396,1432 5486,1420 5575,1414 5665,1408 5755,1402 5844,1402 5934,1402 6023,1396 6113,1391 6202,1385 6292,1385 6381,1379 6471,1367 6561,1367"/>
                <TextEquiv>
                    <Unicode>rolli vagenen zu haben, daß sie vor 14</Unicode>
                </TextEquiv>
            </TextLine>
            <TextLine id="tr_1_tl_12" custom="readingOrder {index:11;}">
                <Coords points="373,1502 789,1575 1238,1491 1792,1546 2172,1423 2878,1473 3124,1430 3128,1256 2784,1343 376,1339"/>
                <Baseline points="394,1450 441,1456 531,1456 620,1456 710,1456 799,1456 889,1456 979,1456 1068,1456 1158,1456 1247,1450 1337,1450 1426,1450 1516,1450 1605,1444 1695,1444 1785,1438 1874,1432 1964,1432 2053,1426 2143,1420 2232,1420 2322,1414 2411,1414 2501,1402 2590,1396 2680,1396 2770,1402 2859,1402 2949,1402 3038,1402 3128,1402"/>
                <TextEquiv>
                    <Unicode>om it ia de de de Heurten, oc</Unicode>
                </TextEquiv>
            </TextLine>
            <TextLine id="tr_1_tl_13" custom="readingOrder {index:12;}">
                <Coords points="2559,1510 2719,1531 2744,1506 2900,1546 2997,1502 3044,1549 3106,1549 3142,1510 3196,1535 3193,1455 3088,1426 3063,1444 2939,1415 2863,1470 2773,1401 2719,1434 2556,1459"/>
                <Baseline points="2579,1486 2668,1492 2758,1492 2847,1498 2937,1498 3026,1504 3116,1498 3205,1510"/>
                <TextEquiv>
                    <Unicode>de leur</Unicode>
                </TextEquiv>
            </TextLine>
            <TextLine id="tr_1_tl_14" custom="readingOrder {index:13;}">
                <Coords points="5017,1615 5075,1607 5090,1629 5111,1615 5195,1629 5278,1593 5358,1589 5368,1459 5296,1452 5271,1466 5242,1455 5173,1506 5144,1481 5086,1506 5028,1470"/>
                <Baseline points="5038,1599 5104,1599 5193,1588 5283,1582 5372,1576"/>
                <TextEquiv>
                    <Unicode>she</Unicode>
                </TextEquiv>
            </TextLine>
            <TextLine id="tr_1_tl_15" custom="readingOrder {index:14;}">
                <Coords points="366,1803 1093,1857 1705,1662 3269,1665 3276,1535 2664,1557 2313,1444 2016,1549 376,1596"/>
                <Baseline points="388,1719 417,1719 507,1713 596,1707 686,1707 776,1701 865,1701 955,1701 1044,1695 1134,1695 1223,1695 1313,1683 1402,1677 1492,1671 1582,1665 1671,1659 1761,1659 1850,1653 1940,1647 2029,1641 2119,1635 2208,1635 2298,1629 2387,1635 2477,1629 2567,1629 2656,1623 2746,1623 2835,1623 2925,1617 3014,1611 3104,1623 3193,1641 3283,1653"/>
                <TextEquiv>
                    <Unicode>trie wtgehodl hell in der de ae</Unicode>
                </TextEquiv>
            </TextLine>
            <TextLine id="tr_1_tl_16" custom="readingOrder {index:15;}">
                <Coords points="3750,1875 4923,1716 6270,1712 6386,1676 6393,1531 5868,1542 5756,1459 5046,1669 4297,1615 4065,1716 3888,1604 3761,1643"/>
                <Baseline points="3779,1731 3796,1737 3886,1743 3976,1743 4065,1743 4155,1743 4244,1737 4334,1731 4423,1725 4513,1719 4602,1713 4692,1713 4781,1713 4871,1713 4961,1707 5050,1707 5140,1707 5229,1707 5319,1701 5408,1695 5498,1689 5587,1671 5677,1665 5767,1659 5856,1647 5946,1641 6035,1635 6125,1623 6214,1617 6304,1623 6393,1629"/>
                <TextEquiv>
                    <Unicode>Tages auf einen krstbitt plegener</Unicode>
                </TextEquiv>
            </TextLine>
            <TextLine id="tr_1_tl_17" custom="readingOrder {index:16;}">
                <Coords points="1336,1843 1502,1788 1893,1835 2190,1752 2375,1828 2950,1767 3099,1817 3283,1781 3287,1665 2150,1640 1882,1738 1506,1683 1339,1741"/>
                <Baseline points="1361,1790 1367,1790 1456,1790 1546,1785 1635,1785 1725,1785 1814,1796 1904,1785 1970,1761 2041,1737 2131,1731 2220,1731 2310,1731 2399,1737 2489,1737 2579,1737 2668,1731 2758,1731 2847,1731 2937,1731 3026,1725 3116,1731 3205,1737 3295,1737"/>
                <TextEquiv>
                    <Unicode>untermit with the</Unicode>
                </TextEquiv>
            </TextLine>
            <TextLine id="tr_1_tl_18" custom="readingOrder {index:17;}">
                <Coords points="3797,2049 5206,2053 5571,1908 6433,1900 6502,1662 5872,1774 5691,1687 4731,1904 3808,1853"/>
                <Baseline points="3820,1976 3898,1988 3987,1988 4077,1982 4167,1976 4256,1982 4346,1970 4435,1964 4525,1964 4614,1958 4704,1952 4793,1946 4883,1934 4972,1928 5062,1928 5152,1922 5241,1922 5331,1916 5420,1904 5510,1904 5599,1898 5689,1886 5778,1880 5868,1874 5958,1862 6047,1856 6137,1850 6226,1844 6316,1844 6405,1844 6495,1844"/>
                <TextEquiv>
                    <Unicode>Tark in dem Gailite seit de Ville</Unicode>
                </TextEquiv>
            </TextLine>
            <TextLine id="tr_1_tl_19" custom="readingOrder {index:18;}">
                <Coords points="380,1973 919,1937 1205,2082 1701,2049 2049,1900 2335,2024 3106,2034 3146,1810 384,1846"/>
                <Baseline points="399,1952 465,1952 555,1946 644,1940 734,1934 823,1934 913,1934 1002,1934 1092,1934 1182,1928 1271,1928 1361,1928 1450,1916 1540,1922 1629,1916 1719,1910 1808,1904 1898,1898 1988,1904 2077,1904 2167,1898 2256,1898 2346,1898 2435,1886 2525,1892 2614,1892 2704,1892 2793,1886 2883,1886 2973,1886 3062,1886 3152,1886"/>
                <TextEquiv>
                    <Unicode>nent ici ceci offinbe heilen, leichler</Unicode>
                </TextEquiv>
            </TextLine>
            <TextLine id="tr_1_tl_20" custom="readingOrder {index:19;}">
                <Coords points="3768,2230 4786,2284 5539,2143 5875,2241 6176,2114 6654,2179 6657,2009 6422,1893 4822,2085 3772,2049"/>
                <Baseline points="3790,2208 3796,2208 3886,2202 3976,2202 4065,2202 4155,2196 4244,2196 4334,2196 4423,2196 4513,2196 4602,2190 4692,2185 4781,2179 4871,2179 4961,2179 5050,2173 5140,2167 5229,2161 5319,2155 5408,2149 5498,2143 5587,2143 5677,2143 5767,2143 5856,2143 5946,2131 6035,2125 6125,2119 6214,2113 6304,2119 6393,2125 6483,2131 6572,2137 6662,2143"/>
                <TextEquiv>
                    <Unicode>eine plötliche Freile Umwärung der Lieuten¬</Unicode>
                </TextEquiv>
            </TextLine>
            <TextLine id="tr_1_tl_21" custom="readingOrder {index:20;}">
                <Coords points="481,2212 724,2277 1730,2183 2027,2284 2509,2150 3175,2237 3211,2016 2212,2071 2078,1998 1510,2100 880,2002 673,2114 481,2045"/>
                <Baseline points="501,2167 591,2161 680,2161 770,2155 859,2161 949,2161 1038,2155 1128,2161 1217,2155 1307,2155 1396,2149 1486,2143 1576,2137 1665,2137 1755,2137 1844,2131 1934,2125 2023,2131 2113,2143 2202,2149 2292,2143 2382,2137 2471,2137 2561,2143 2650,2143 2740,2137 2829,2143 2919,2149 3008,2155 3098,2167 3187,2173 3217,2173"/>
                <TextEquiv>
                    <Unicode>in fella who ist I</Unicode>
                </TextEquiv>
            </TextLine>
            <TextLine id="tr_1_tl_22" custom="readingOrder {index:21;}">
                <Coords points="3783,2429 4590,2501 5738,2335 6422,2386 6473,2139 3790,2306"/>
                <Baseline points="3808,2405 3874,2399 3964,2393 4053,2399 4143,2393 4232,2393 4322,2393 4411,2393 4501,2393 4590,2387 4680,2393 4770,2382 4859,2382 4949,2376 5038,2376 5128,2376 5217,2370 5307,2358 5396,2352 5486,2352 5575,2346 5665,2334 5755,2334 5844,2334 5934,2328 6023,2316 6113,2316 6202,2310 6292,2310 6381,2310 6471,2316"/>
                <TextEquiv>
                    <Unicode>ich nicht entsge, als die Serviert unter</Unicode>
                </TextEquiv>
            </TextLine>
            <TextLine id="tr_1_tl_23" custom="readingOrder {index:22;}">
                <Coords points="452,2454 1897,2454 2863,2375 2867,2291 2686,2230 1987,2306 1651,2212 1484,2328 843,2335 460,2241"/>
                <Baseline points="477,2382 543,2393 632,2393 722,2399 811,2399 901,2399 991,2399 1080,2399 1170,2399 1259,2393 1349,2387 1438,2382 1528,2376 1617,2376 1707,2370 1796,2364 1886,2358 1976,2358 2065,2358 2155,2352 2244,2352 2334,2346 2423,2340 2513,2340 2602,2340 2692,2346 2782,2340 2871,2340"/>
                <TextEquiv>
                    <Unicode>tren gesucht u will rertt i</Unicode>
                </TextEquiv>
            </TextLine>
            <TextLine id="tr_1_tl_24" custom="readingOrder {index:23;}">
                <Coords points="3797,2704 6049,2567 6342,2509 6349,2371 3808,2491"/>
                <Baseline points="3826,2596 3838,2602 3928,2608 4017,2608 4107,2608 4196,2608 4286,2602 4376,2608 4465,2608 4555,2602 4644,2602 4734,2596 4823,2590 4913,2585 5002,2585 5092,2585 5181,2579 5271,2573 5361,2567 5450,2561 5540,2549 5629,2537 5719,2525 5808,2531 5898,2525 5987,2513 6077,2501 6166,2495 6256,2495 6346,2495"/>
                <TextEquiv>
                    <Unicode>shutte ait de Rre ouubouam</Unicode>
                </TextEquiv>
            </TextLine>
            <TextLine id="tr_1_tl_25" custom="readingOrder {index:24;}">
                <Coords points="438,2719 673,2624 1727,2653 2262,2541 3012,2592 3110,2454 2317,2367 1604,2541 1220,2444 1039,2545 449,2494"/>
                <Baseline points="465,2608 519,2614 608,2614 698,2620 788,2620 877,2620 967,2620 1056,2608 1146,2608 1235,2614 1325,2608 1414,2602 1504,2602 1593,2590 1683,2585 1773,2573 1862,2567 1952,2561 2041,2555 2131,2543 2220,2543 2310,2537 2399,2531 2489,2531 2579,2531 2668,2531 2758,2531 2847,2531 2937,2531 3026,2531 3116,2531"/>
                <TextEquiv>
                    <Unicode>force. George John belubt..</Unicode>
                </TextEquiv>
            </TextLine>
            <TextLine id="tr_1_tl_26" custom="readingOrder {index:25;}">
                <Coords points="5216,2708 5582,2719 5788,2635 6053,2668 6353,2628 6386,2527 5224,2592"/>
                <Baseline points="5241,2662 5313,2656 5402,2650 5492,2644 5581,2644 5671,2638 5761,2632 5850,2632 5940,2626 6029,2620 6119,2608 6208,2596 6298,2590 6387,2585"/>
                <TextEquiv>
                    <Unicode>in unterwunden etc.</Unicode>
                </TextEquiv>
            </TextLine>
            <TextLine id="tr_1_tl_27" custom="readingOrder {index:26;}">
                <Coords points="1499,2755 1759,2686 2237,2733 2516,2719 2624,2657 2845,2679 2950,2650 2954,2570 2266,2541 2053,2624 1922,2577 1727,2657 1502,2650"/>
                <Baseline points="1522,2692 1611,2686 1701,2680 1790,2674 1880,2674 1970,2674 2059,2674 2149,2674 2238,2668 2328,2662 2417,2656 2507,2644 2596,2644 2686,2644 2776,2638 2865,2632 2955,2626"/>
                <TextEquiv>
                    <Unicode>Inchdamell, lettreff in</Unicode>
                </TextEquiv>
            </TextLine>
            <TextLine id="tr_1_tl_28" custom="readingOrder {index:27;}">
                <Coords points="3819,2918 4134,2842 4478,2921 5133,2784 6310,2795 6429,2766 6433,2610 5340,2740 5169,2650 5010,2726 4398,2635 3826,2722"/>
                <Baseline points="3844,2829 3928,2817 4017,2817 4107,2811 4196,2811 4286,2811 4376,2811 4465,2811 4555,2811 4644,2805 4734,2799 4823,2793 4913,2787 5002,2787 5092,2782 5181,2782 5271,2782 5361,2776 5450,2770 5540,2770 5629,2764 5719,2764 5808,2758 5898,2758 5987,2758 6077,2752 6166,2746 6256,2740 6346,2740 6435,2728"/>
                <TextEquiv>
                    <Unicode>gewerken.  Mr Spiert, aber en</Unicode>
                </TextEquiv>
            </TextLine>
            <TextLine id="tr_1_tl_29" custom="readingOrder {index:28;}">
                <Coords points="489,2867 1314,2907 1600,2827 2440,2939 2588,2809 3222,2853 3225,2661 1770,2686 1538,2773 492,2711"/>
                <Baseline points="507,2841 543,2847 632,2847 722,2847 811,2841 901,2835 991,2835 1080,2835 1170,2829 1259,2835 1349,2829 1438,2823 1528,2823 1617,2823 1707,2817 1796,2811 1886,2805 1976,2805 2065,2805 2155,2799 2244,2805 2334,2793 2423,2787 2513,2787 2602,2787 2692,2782 2782,2782 2871,2782 2961,2782 3050,2787 3140,2787 3229,2787"/>
                <TextEquiv>
                    <Unicode>&amp;c Heichen) selbt war pnodlut</Unicode>
                </TextEquiv>
            </TextLine>
            <TextLine id="tr_1_tl_30" custom="readingOrder {index:29;}">
                <Coords points="3797,3135 4130,3182 4945,3012 5206,3113 5405,3001 6549,3015 6632,2834 6433,2766 5774,2918 5300,2820 4786,2943 3805,2932"/>
                <Baseline points="3820,3056 3862,3056 3952,3068 4041,3068 4131,3074 4220,3068 4310,3074 4399,3068 4489,3062 4578,3062 4668,3056 4758,3044 4847,3032 4937,3014 5026,3002 5116,2996 5205,2996 5295,2984 5384,2984 5474,2984 5564,2984 5653,2979 5743,2979 5832,2979 5922,2979 6011,2979 6101,2979 6190,2979 6280,2973 6369,2973 6459,2973 6549,2979 6638,2979"/>
                <TextEquiv>
                    <Unicode>Prozess. de de Rektoriell pour deux</Unicode>
                </TextEquiv>
            </TextLine>
            <TextLine id="tr_1_tl_31" custom="readingOrder {index:30;}">
                <Coords points="478,3128 2809,3084 3215,3023 3218,2871 2226,2950 1528,2838 485,2954"/>
                <Baseline points="501,3068 537,3068 626,3074 716,3068 805,3068 895,3068 985,3068 1074,3056 1164,3056 1253,3056 1343,3056 1432,3056 1522,3050 1611,3038 1701,3038 1790,3038 1880,3032 1970,3032 2059,3026 2149,3020 2238,3020 2328,3014 2417,3008 2507,3002 2596,2996 2686,2996 2776,2996 2865,2996 2955,2990 3044,2990 3134,2990 3223,3002"/>
                <TextEquiv>
                    <Unicode>I be the said; in your other or</Unicode>
                </TextEquiv>
            </TextLine>
            <TextLine id="tr_1_tl_32" custom="readingOrder {index:31;}">
                <Coords points="3812,3298 4768,3338 5010,3236 6263,3189 6273,3015 5763,3001 5600,3117 5448,3063 5140,3153 3823,3124"/>
                <Baseline points="3832,3265 3856,3271 3946,3277 4035,3277 4125,3283 4214,3283 4304,3277 4393,3271 4483,3265 4573,3253 4662,3241 4752,3229 4841,3223 4931,3217 5020,3217 5110,3211 5199,3205 5289,3205 5378,3193 5468,3187 5558,3182 5647,3182 5737,3176 5826,3170 5916,3164 6005,3146 6095,3128 6184,3128 6274,3122"/>
                <TextEquiv>
                    <Unicode>Heschers führte; - das aber über P. R.</Unicode>
                </TextEquiv>
            </TextLine>
            <TextLine id="tr_1_tl_33" custom="readingOrder {index:32;}">
                <Coords points="510,3320 3001,3294 3189,3269 3196,3099 2574,3135 2404,3055 1495,3157 1296,3073 1119,3164 518,3168"/>
                <Baseline points="531,3289 602,3301 692,3301 782,3295 871,3295 961,3289 1050,3283 1140,3277 1229,3271 1319,3265 1408,3259 1498,3259 1588,3259 1677,3259 1767,3253 1856,3247 1946,3241 2035,3235 2125,3229 2214,3223 2304,3217 2393,3217 2483,3211 2573,3205 2662,3199 2752,3205 2841,3199 2931,3193 3020,3193 3110,3199 3199,3211"/>
                <TextEquiv>
                    <Unicode>u de Subgiterich de Zeilewil,</Unicode>
                </TextEquiv>
            </TextLine>
            <TextLine id="tr_1_tl_34" custom="readingOrder {index:33;}">
                <Coords points="5387,3301 6114,3294 6212,3247 6502,3272 6657,3363 6697,3117 6574,3084 6349,3218 6201,3164 5390,3200"/>
                <Baseline points="5408,3289 5450,3295 5540,3289 5629,3289 5719,3283 5808,3277 5898,3271 5987,3271 6077,3259 6166,3247 6256,3253 6346,3253 6435,3253 6525,3259 6614,3259 6704,3271"/>
                <TextEquiv>
                    <Unicode>unto insomhilly</Unicode>
                </TextEquiv>
            </TextLine>
            <TextLine id="tr_1_tl_35" custom="readingOrder {index:34;}">
                <Coords points="438,3598 1643,3482 2994,3497 3135,3472 3142,3269 2248,3377 452,3338"/>
                <Baseline points="465,3504 549,3510 638,3510 728,3510 817,3510 907,3504 996,3498 1086,3492 1176,3492 1265,3480 1355,3474 1444,3474 1534,3474 1623,3468 1713,3468 1802,3462 1892,3456 1982,3450 2071,3444 2161,3438 2250,3432 2340,3426 2429,3420 2519,3426 2608,3420 2698,3414 2787,3408 2877,3408 2967,3408 3056,3402 3146,3390"/>
                <TextEquiv>
                    <Unicode>den seu Novem uit - corger to</Unicode>
                </TextEquiv>
            </TextLine>
            <TextLine id="tr_1_tl_36" custom="readingOrder {index:35;}">
                <Coords points="3830,3544 5093,3428 5452,3526 5962,3421 6549,3457 6556,3283 5488,3356 5314,3240 3837,3359"/>
                <Baseline points="3850,3480 3874,3480 3964,3480 4053,3480 4143,3480 4232,3474 4322,3474 4411,3468 4501,3462 4590,3450 4680,3444 4770,3438 4859,3438 4949,3432 5038,3426 5128,3426 5217,3420 5307,3426 5396,3420 5486,3420 5575,3420 5665,3414 5755,3414 5844,3414 5934,3408 6023,3402 6113,3402 6202,3396 6292,3390 6381,3390 6471,3390 6561,3396"/>
                <TextEquiv>
                    <Unicode>in erwärt sie besser</Unicode>
                </TextEquiv>
            </TextLine>
            <TextLine id="tr_1_tl_37" custom="readingOrder {index:36;}">
                <Coords points="3892,3685 6208,3714 6219,3439 5495,3526 5245,3475 5097,3555 4503,3472 3895,3616"/>
                <Baseline points="3916,3671 3987,3665 4077,3659 4167,3653 4256,3653 4346,3647 4435,3641 4525,3629 4614,3629 4704,3629 4793,3635 4883,3641 4972,3635 5062,3635 5152,3641 5241,3641 5331,3641 5420,3641 5510,3635 5599,3623 5689,3617 5778,3611 5868,3605 5958,3593 6047,3587 6137,3587 6226,3576"/>
                <TextEquiv>
                    <Unicode>int end trilly de ce n 2 feh</Unicode>
                </TextEquiv>
            </TextLine>
            <TextLine id="tr_1_tl_38" custom="readingOrder {index:37;}">
                <Coords points="489,3797 3146,3718 3178,3501 2596,3562 1919,3486 1738,3606 901,3645 500,3562"/>
                <Baseline points="513,3719 579,3725 668,3725 758,3719 847,3725 937,3725 1026,3725 1116,3719 1205,3713 1295,3707 1385,3701 1474,3701 1564,3695 1653,3695 1743,3689 1832,3683 1922,3677 2011,3677 2101,3671 2190,3665 2280,3653 2370,3647 2459,3647 2549,3647 2638,3641 2728,3641 2817,3641 2907,3641 2996,3641 3086,3641 3176,3635"/>
                <TextEquiv>
                    <Unicode>Ferting auf einer Fall inszustellt</Unicode>
                </TextEquiv>
            </TextLine>
            <TextLine id="tr_1_tl_39" custom="readingOrder {index:38;}">
                <Coords points="3870,3913 5390,3859 5615,3949 5955,3866 6183,3964 6462,3855 6465,3653 6371,3631 6092,3710 5224,3660 4981,3750 3877,3685"/>
                <Baseline points="3892,3862 3964,3850 4053,3850 4143,3844 4232,3838 4322,3832 4411,3826 4501,3826 4590,3826 4680,3826 4770,3826 4859,3832 4949,3832 5038,3826 5128,3826 5217,3826 5307,3826 5396,3832 5486,3832 5575,3826 5665,3826 5755,3820 5844,3820 5934,3814 6023,3808 6113,3802 6202,3790 6292,3790 6381,3784 6471,3773"/>
                <TextEquiv>
                    <Unicode>à ce dolouis de mouir coiſs avant</Unicode>
                </TextEquiv>
            </TextLine>
            <TextLine id="tr_1_tl_40" custom="readingOrder {index:39;}">
                <Coords points="413,4054 992,3978 1806,4062 1991,3978 3135,4058 3146,3776 2223,3710 1861,3830 1517,3743 424,3837"/>
                <Baseline points="435,3964 465,3964 555,3958 644,3952 734,3952 823,3952 913,3946 1002,3952 1092,3946 1182,3946 1271,3946 1361,3940 1450,3934 1540,3934 1629,3928 1719,3928 1808,3922 1898,3910 1988,3898 2077,3898 2167,3898 2256,3892 2346,3892 2435,3886 2525,3886 2614,3880 2704,3880 2793,3868 2883,3868 2973,3862 3062,3862 3152,3868"/>
                <TextEquiv>
                    <Unicode>wurde ich einen Aufsordung,</Unicode>
                </TextEquiv>
            </TextLine>
        </TextRegion>
    </Page>
</PcGts>
