7160 4376
477 401 2916 755 Nota quertes:- Après a cet J
1023 705 1301 856 you
426 672 3133 1052 der Zentrittelbeit nicht gestimmt.
535 871 3014 1236 en J. A. an auslof Taxirid
553 1059 2992 1438 ge oufilie. Le coleble telle avait
557 1294 3151 1637 Ihr alleilei mit achweiligen
484 1503 3101 1908 he dit cilebt aby dort, une
491 1865 3086 2175 on. As I enen gherines
481 2078 1561 2436 Paul,
875 2143 3198 2530 Es mußt fort sine zum Oblige.
719 2353 3046 2710 mehr asself.. Rendis...  Et work
672 2634 2244 2913 Yr. Paul K. jurinci
730 2779 3231 3111 Und so weßte mich entschließen, mit
676 2985 2895 3281 empfable at d Ui leitel
676 3195 3122 3520 but imn i in beocet
705 3419 3115 3769 alzu ein uive mit ein
763 3657 3285 4004 however... bespuh... wollen
3697 224 6613 596 musste eine Vermeid- in Teitel brüche 35
3657 473 6310 838 der in theamt  a Leider  an
3690 672 6382 1019 curiste.... obelui de l jour, haut
3661 893 6273 1294 will in App�nt not as
3729 1095 6263 1492 mide un couvent frin – avec
3704 1330 6234 1698 abkurzt kann ihm geben leben
3715 1568 6512 1969 recupreks..  Un coi nicht heil.
3809 1659 6324 2168 and with the
3823 2118 4947 2421 him went.
3932 2110 6342 2606 at a ce non oulep. filce
3845 2447 6624 2797 in wir elegant ganze Herren in Fich.
3813 2634 6371 3032 or, we is it in theung but berhils
6143 2811 6335 2978 me
3816 2862 6722 3270 did   a kind elle je chet.
3845 3043 6758 3466 wehren u auch in Kaffenheit  sie eine
3813 3256 6664 3722 als   nicht kommen.
