7080 4360
685 442 927 619 20
348 438 3228 840 wint dort wohtzweifel. Oh es
369 696 3097 1119 guter Eiller zweifel bln. Carler
359 877 3152 1210 wil i es auf j a ein and lesf¬
333 1181 3159 1521 Herl gebe... di bort hellerl in deur
388 1358 3166 1641 Erhegen.. mit alle beiligt.. ich
417 1561 3104 1887 wexgent, h.s. ernis. ces unter tr
427 1782 3076 2076 O’U der, A
475 1971 3152 2235 will be.  wil den Croi sind
572 2155 3213 2456 der...  bei Swilell de fit.
464 2365 2931 2720 ... Otto aufs.  unvollkericht la
840 2442 3278 2941 di kommt de denken, hill, cate
525 2782 3094 3108 Otto haben dieß es avit mit
478 2963 3228 3293 [illegible] wenn mir nicht in dem
493 3184 3242 3532 to buf de jaren weil Welt. Kein
406 3376 2967 3764 leendgibt u der ich mit de
456 3677 3021 4010 zweyel Aussicht auf Crfd. Ma-
362 3876 3242 4173 bet kann hi nicht wirtt, ia bles
3706 380 6426 724 herfl. niemandig mit befr.
3822 590 6528 942 -- auf eine Für uns in Kind
3717 844 6354 1228 - Er nebst denl, daß auch der
3594 1119 6502 1485 will - der as tent avions abriées
3684 1366 4325 1561 me it.
3938 1391 6347 1800 aber nieuteh ich dir da eben
3677 1674 6528 2021 Kapouil die auf meine
3728 1895 6321 2228 infällt. En trouvent heure
3760 2192 6372 2449 hunden weißt, der dir
3731 2318 6470 2655 toutent leur être cela - en bien
3735 2521 6531 2905 I. jai Verfigung stelle
3695 2847 4401 3097 war.
3789 2952 6365 3300 Mr    Will tob plogtere als
3883 3213 6463 3503 Frugueal letter ein he
3865 3405 6434 3746 – nun — freylt Otto der auch,
3887 3688 5162 3985 ere achapiell.
