7224 4632
6461 438 6844 753 1te
2986 463 3337 721 1611
5216 460 6297 882 Pust foi in
3967 492 5145 827 will obre cinze
3983 685 6554 946 recht - und - die:... bewirtt
859 701 3108 1071 une cr inqur du Cront. ou lors
3964 917 6477 1229 dut jean spiennal, mais une
689 959 1107 1232 at.
5351 1081 6451 1329 ... in der.. als
792 1075 2976 1371 Eu in Exil:... I in bed
4038 1277 6010 1554 n'epät. a état et leur
737 1342 2690 1651 Boyd - St. 4th
4106 1493 5714 1786 Ulier & apart.
840 1528 3057 1860 Ne je n'est pas elle
4028 1692 6197 1992 - 7 h...  ici Pomera un et
795 1837 3375 2095 Eud Dankbar zu rein — et -
4257 1895 5100 2088 - : -
4089 2027 6486 2342 me in the leuet wolle
811 2005 3156 2368 ne très, de trist abe grand
4083 2288 6219 2474 tilf will we.. it til. a
769 2304 3076 2558 da auf wenn ihr im -
1712 2432 2284 2555 I sent to him.
4012 2426 6284 2716 tive Etschre sch cuggel -
769 2461 3195 2767 Wir zumd. der Leconpreise
837 2696 3275 2944 rend der rek. a
4202 2658 6252 2995 - her - h. for but -g with - to
843 2867 3086 3198 al Power, erballe. d
3983 2893 6255 3176 mund gerich sofort nur zu rechte
837 3098 3320 3382 & all une. Court. un
4125 3172 5171 3385 - Wie ich nicht
4228 3295 5962 3616 Sei dit ouvrierf aagde! -
853 3346 3118 3678 prix, we dg ulbt
3958 3539 6245 3813 do fand... i. bestet
804 3610 3327 3999 wittgang i meestl vtrent
3983 3739 5994 4064 with me from me.
904 3851 3169 4208 noch, - mit ein Ruch
4511 4012 4752 4202 -
