<?xml version="1.0" encoding="UTF-8" standalone="yes"?>
<PcGts xmlns="http://schema.primaresearch.org/PAGE/gts/pagecontent/2013-07-15" xmlns:xsi="http://www.w3.org/2001/XMLSchema-instance" xsi:schemaLocation="http://schema.primaresearch.org/PAGE/gts/pagecontent/2013-07-15 http://schema.primaresearch.org/PAGE/gts/pagecontent/2013-07-15/pagecontent.xsd">
    <Metadata>
        <Creator>prov=READ-COOP:name=TrHtr:version=2.1.0:model_id=51170:date=14_08_2023_21:43</Creator>
        <Created>2023-05-10T14:46:48.888+02:00</Created>
        <LastChange>2023-08-14T21:43:41.971+02:00</LastChange>
        <TranskribusMetadata docId="1428677" pageId="55425770" pageNr="90" tsid="132827099" status="IN_PROGRESS" userId="64420" imgUrl="https://files.transkribus.eu/Get?id=YTCZHAZDCNADXECQFAJWHSCR&amp;fileType=view" xmlUrl="https://files.transkribus.eu/Get?id=QYIOAHVZXRJXREAATEGIWWKB" imageId="44699847"/>
    </Metadata>
    <Page imageFilename="1428677_0090.jpg" imageWidth="7128" imageHeight="4424">
        <ReadingOrder>
            <OrderedGroup id="ro_1711811584692" caption="Regions reading order">
                <RegionRefIndexed index="0" regionRef="tr_1"/>
            </OrderedGroup>
        </ReadingOrder>
        <TextRegion id="tr_1" custom="readingOrder {index:0;}">
            <Coords points="579,129 6513,129 6513,4135 579,4135"/>
            <TextLine id="tr_1_tl_1" custom="readingOrder {index:0;}">
                <Coords points="4924,243 5016,271 5126,233 5157,260 5228,223 5321,230 5324,130 5222,130 5191,103 5061,116 5009,79 4927,89"/>
                <Baseline points="4943,202 4973,197 5062,197 5152,197 5241,197 5331,179"/>
                <TextEquiv>
                    <Unicode>alls.</Unicode>
                </TextEquiv>
            </TextLine>
            <TextLine id="tr_1_tl_2" custom="readingOrder {index:1;}">
                <Coords points="4238,363 4262,363 4273,353 4293,367 4314,360 4351,377 4362,370 4375,377 4403,353 4434,353 4440,185 4403,192 4386,185 4372,199 4310,178 4297,188 4276,178 4245,185"/>
                <Baseline points="4262,262 4268,262 4358,256 4447,256"/>
                <TextEquiv>
                    <Unicode>re</Unicode>
                </TextEquiv>
            </TextLine>
            <TextLine id="tr_1_tl_3" custom="readingOrder {index:2;}">
                <Coords points="4728,442 5157,418 5410,480 5622,425 5790,493 6198,380 6359,428 6366,254 5883,315 5479,230 5256,295 4735,230"/>
                <Baseline points="4752,388 4758,394 4847,400 4937,400 5027,394 5116,388 5206,388 5295,388 5385,388 5474,388 5564,376 5653,370 5743,370 5832,358 5922,358 6012,352 6101,352 6191,352 6280,346 6370,346"/>
                <TextEquiv>
                    <Unicode>tum Regdt. Am erste¬</Unicode>
                </TextEquiv>
            </TextLine>
            <TextLine id="tr_1_tl_4" custom="readingOrder {index:3;}">
                <Coords points="3711,606 4050,487 4115,531 4262,473 4739,466 4742,363 4553,356 4406,432 4372,401 4255,432 4170,373 3947,397 3865,346 3721,391"/>
                <Baseline points="3737,489 3761,489 3850,489 3940,489 4029,483 4119,477 4209,477 4298,471 4388,465 4477,459 4567,453 4656,447 4746,435"/>
                <TextEquiv>
                    <Unicode>abplazen -</Unicode>
                </TextEquiv>
            </TextLine>
            <TextLine id="tr_1_tl_5" custom="readingOrder {index:4;}">
                <Coords points="3690,757 4259,658 4571,723 5119,586 5897,699 6373,596 6383,425 5787,493 5157,418 3700,603"/>
                <Baseline points="3713,710 3785,704 3874,698 3964,686 4053,680 4143,668 4232,656 4322,650 4412,638 4501,632 4591,626 4680,620 4770,620 4859,614 4949,603 5038,591 5128,585 5218,579 5307,573 5397,573 5486,573 5576,567 5665,573 5755,567 5844,567 5934,567 6024,561 6113,561 6203,573 6292,573 6382,567"/>
                <TextEquiv>
                    <Unicode>len Liebereut, den, tes es besondern nur auf</Unicode>
                </TextEquiv>
            </TextLine>
            <TextLine id="tr_1_tl_6" custom="readingOrder {index:5;}">
                <Coords points="4978,692 5016,709 5081,689 5098,699 5122,682 5191,709 5280,672 5328,696 5359,689 5359,634 5297,637 5225,593 5184,606 5157,589 5119,617 5088,606 5023,651 4978,651"/>
                <Baseline points="4997,674 5009,674 5098,674 5188,674 5277,668 5367,668"/>
                <TextEquiv>
                    <Unicode>ihm</Unicode>
                </TextEquiv>
            </TextLine>
            <TextLine id="tr_1_tl_7" custom="readingOrder {index:6;}">
                <Coords points="641,822 1614,740 2748,798 3114,730 3118,610 2875,514 2354,634 2049,565 648,630"/>
                <Baseline points="662,746 710,746 800,746 889,746 979,740 1068,734 1158,734 1247,728 1337,728 1426,728 1516,728 1606,728 1695,722 1785,722 1874,722 1964,722 2053,716 2143,722 2232,710 2322,710 2412,704 2501,704 2591,698 2680,698 2770,692 2859,692 2949,692 3038,698 3128,692"/>
                <TextEquiv>
                    <Unicode>hant layon in stimm sein Hiebe</Unicode>
                </TextEquiv>
            </TextLine>
            <TextLine id="tr_1_tl_8" custom="readingOrder {index:7;}">
                <Coords points="3690,911 4406,860 4948,963 6051,785 6380,922 6452,654 4218,678 3961,850 3697,833"/>
                <Baseline points="3713,895 3767,889 3856,889 3946,883 4035,871 4125,871 4215,859 4304,853 4394,853 4483,847 4573,847 4662,835 4752,823 4841,817 4931,811 5021,805 5110,788 5200,788 5289,782 5379,782 5468,770 5558,770 5647,770 5737,770 5827,770 5916,764 6006,770 6095,776 6185,788 6274,788 6364,788 6453,782"/>
                <TextEquiv>
                    <Unicode>in Lievitum,  ging de Reglementmal</Unicode>
                </TextEquiv>
            </TextLine>
            <TextLine id="tr_1_tl_9" custom="readingOrder {index:8;}">
                <Coords points="654,1052 1271,959 1785,1045 2011,963 2926,949 2971,805 2018,747 1532,874 1203,774 1090,850 654,826"/>
                <Baseline points="674,925 740,925 829,925 919,919 1008,907 1098,907 1188,907 1277,907 1367,907 1456,907 1546,901 1635,907 1725,907 1814,901 1904,901 1994,901 2083,901 2173,901 2262,901 2352,907 2441,913 2531,913 2620,907 2710,907 2800,907 2889,913 2979,907"/>
                <TextEquiv>
                    <Unicode>mit xx wenn ich ihnen, wo</Unicode>
                </TextEquiv>
            </TextLine>
            <TextLine id="tr_1_tl_10" custom="readingOrder {index:9;}">
                <Coords points="3693,1107 6284,1048 6291,874 3700,976"/>
                <Baseline points="3713,1098 3785,1104 3874,1098 3964,1092 4053,1092 4143,1086 4232,1080 4322,1074 4412,1068 4501,1068 4591,1062 4680,1062 4770,1056 4859,1044 4949,1032 5038,1026 5128,1020 5218,1020 5307,1020 5397,1008 5486,1003 5576,997 5665,991 5755,991 5844,985 5934,991 6024,991 6113,991 6203,991 6292,991"/>
                <TextEquiv>
                    <Unicode>salutirt hall. Aber. Wie stett dir</Unicode>
                </TextEquiv>
            </TextLine>
            <TextLine id="tr_1_tl_11" custom="readingOrder {index:10;}">
                <Coords points="661,1203 1347,1138 1480,1237 1586,1158 2138,1117 2765,1223 2919,1189 2919,1059 1271,959 661,1076"/>
                <Baseline points="680,1128 686,1134 776,1128 865,1122 955,1116 1044,1110 1134,1104 1223,1104 1313,1104 1403,1104 1492,1104 1582,1104 1671,1104 1761,1110 1850,1116 1940,1116 2029,1116 2119,1110 2209,1110 2298,1110 2388,1110 2477,1104 2567,1104 2656,1110 2746,1110 2835,1110 2925,1116"/>
                <TextEquiv>
                    <Unicode>Gegen rat bis i in</Unicode>
                </TextEquiv>
            </TextLine>
            <TextLine id="tr_1_tl_12" custom="readingOrder {index:11;}">
                <Coords points="3704,1374 4146,1439 4704,1288 4831,1357 5389,1230 6287,1251 6301,1028 5174,1192 4876,1090 3714,1240"/>
                <Baseline points="3725,1313 3791,1319 3880,1319 3970,1313 4059,1313 4149,1307 4238,1301 4328,1295 4418,1283 4507,1277 4597,1277 4686,1271 4776,1271 4865,1259 4955,1253 5044,1247 5134,1241 5224,1229 5313,1229 5403,1223 5492,1211 5582,1200 5671,1188 5761,1188 5850,1182 5940,1188 6030,1188 6119,1194 6209,1194 6298,1200"/>
                <TextEquiv>
                    <Unicode>I have in the last of Geyning in the</Unicode>
                </TextEquiv>
            </TextLine>
            <TextLine id="tr_1_tl_13" custom="readingOrder {index:12;}">
                <Coords points="672,1442 1059,1367 1257,1425 1511,1319 3036,1432 3032,1268 2648,1185 2155,1295 1230,1158 1069,1254 668,1264"/>
                <Baseline points="692,1349 782,1343 871,1337 961,1325 1050,1325 1140,1319 1229,1325 1319,1325 1408,1319 1498,1319 1588,1319 1677,1325 1767,1325 1856,1325 1946,1325 2035,1325 2125,1325 2214,1331 2304,1337 2394,1337 2483,1331 2573,1337 2662,1337 2752,1343 2841,1349 2931,1355 3020,1367 3044,1367"/>
                <TextEquiv>
                    <Unicode>Gedachte und mit meinem hohnit</Unicode>
                </TextEquiv>
            </TextLine>
            <TextLine id="tr_1_tl_14" custom="readingOrder {index:13;}">
                <Coords points="3769,1566 5215,1549 5592,1453 6047,1508 6188,1487 6198,1340 5910,1268 5126,1408 4941,1329 4207,1446 3779,1381"/>
                <Baseline points="3791,1528 3868,1528 3958,1528 4047,1528 4137,1522 4226,1522 4316,1516 4406,1516 4495,1510 4585,1498 4674,1498 4764,1486 4853,1486 4943,1480 5032,1474 5122,1474 5212,1468 5301,1462 5391,1456 5480,1450 5570,1444 5659,1438 5749,1432 5838,1432 5928,1426 6018,1426 6107,1438 6197,1432"/>
                <TextEquiv>
                    <Unicode>Neunible Anno  not ƒ</Unicode>
                </TextEquiv>
            </TextLine>
            <TextLine id="tr_1_tl_15" custom="readingOrder {index:14;}">
                <Coords points="692,1665 990,1597 1809,1703 1974,1638 2837,1675 2837,1432 1987,1394 1806,1487 692,1425"/>
                <Baseline points="710,1582 800,1576 889,1570 979,1564 1068,1564 1158,1558 1247,1558 1337,1552 1426,1558 1516,1558 1606,1552 1695,1552 1785,1552 1874,1546 1964,1546 2053,1546 2143,1546 2232,1546 2322,1552 2412,1558 2501,1564 2591,1576 2680,1582 2770,1588 2847,1606"/>
                <TextEquiv>
                    <Unicode>Gark for with ein hues biflast</Unicode>
                </TextEquiv>
            </TextLine>
            <TextLine id="tr_1_tl_16" custom="readingOrder {index:15;}">
                <Coords points="3741,1819 4978,1713 5790,1761 6407,1703 6414,1569 5643,1603 5509,1508 4975,1504 4530,1655 4207,1559 3995,1675 3748,1658"/>
                <Baseline points="3761,1797 3820,1785 3910,1779 4000,1767 4089,1755 4179,1749 4268,1749 4358,1737 4447,1719 4537,1713 4626,1695 4716,1689 4806,1683 4895,1677 4985,1683 5074,1683 5164,1677 5253,1677 5343,1677 5432,1677 5522,1671 5612,1671 5701,1671 5791,1671 5880,1671 5970,1671 6059,1671 6149,1671 6238,1665 6328,1671 6418,1671"/>
                <TextEquiv>
                    <Unicode>théreuse... de Crasil s'est aucun</Unicode>
                </TextEquiv>
            </TextLine>
            <TextLine id="tr_1_tl_17" custom="readingOrder {index:16;}">
                <Coords points="606,1833 891,1926 1662,1843 1881,1919 3073,1884 3022,1665 2559,1754 2035,1655 1741,1727 1562,1645 1398,1734 606,1689"/>
                <Baseline points="626,1779 716,1785 805,1779 895,1785 985,1785 1074,1785 1164,1785 1253,1785 1343,1779 1432,1785 1522,1779 1611,1779 1701,1773 1791,1773 1880,1773 1970,1773 2059,1773 2149,1779 2238,1779 2328,1791 2417,1797 2507,1803 2597,1809 2686,1809 2776,1814 2865,1820 2955,1820 3044,1826 3080,1826"/>
                <TextEquiv>
                    <Unicode>sgleer..    No  -  cotul jemblich</Unicode>
                </TextEquiv>
            </TextLine>
            <TextLine id="tr_1_tl_18" custom="readingOrder {index:17;}">
                <Coords points="3793,2124 5242,1895 6291,1980 6308,1741 4858,1723 4468,1768 4218,1912 3813,1823"/>
                <Baseline points="3820,2017 3892,2023 3982,2017 4071,2011 4161,2006 4250,2006 4340,1988 4429,1976 4519,1964 4609,1952 4698,1940 4788,1928 4877,1916 4967,1916 5056,1910 5146,1910 5235,1892 5325,1892 5415,1892 5504,1880 5594,1880 5683,1880 5773,1880 5862,1874 5952,1868 6041,1862 6131,1856 6221,1850 6310,1844"/>
                <TextEquiv>
                    <Unicode>fils un a Bracken; in der Repartie tat</Unicode>
                </TextEquiv>
            </TextLine>
            <TextLine id="tr_1_tl_19" custom="readingOrder {index:18;}">
                <Coords points="582,2073 1860,2111 2131,2011 2645,2080 2916,2049 2919,1891 2491,1936 1655,1847 582,1991"/>
                <Baseline points="603,2041 686,2035 776,2029 865,2023 955,2023 1044,2017 1134,2017 1223,2017 1313,2017 1403,2011 1492,2006 1582,2006 1671,2000 1761,1994 1850,2000 1940,1994 2029,1994 2119,1994 2209,1994 2298,2000 2388,1994 2477,1994 2567,2000 2656,1994 2746,2000 2835,2000 2925,2000"/>
                <TextEquiv>
                    <Unicode>exin. Qu d d jost</Unicode>
                </TextEquiv>
            </TextLine>
            <TextLine id="tr_1_tl_20" custom="readingOrder {index:19;}">
                <Coords points="3807,2320 5102,2189 5372,2272 5677,2114 6373,2121 6380,2015 6040,2045 5242,1895 4536,2083 3820,2117"/>
                <Baseline points="3832,2226 3874,2220 3964,2214 4053,2203 4143,2203 4232,2197 4322,2191 4412,2185 4501,2173 4591,2167 4680,2155 4770,2149 4859,2137 4949,2137 5038,2125 5128,2119 5218,2113 5307,2107 5397,2101 5486,2095 5576,2095 5665,2089 5755,2089 5844,2095 5934,2089 6024,2083 6113,2089 6203,2089 6292,2077 6382,2089"/>
                <TextEquiv>
                    <Unicode>she beve in de Hinta Regman</Unicode>
                </TextEquiv>
            </TextLine>
            <TextLine id="tr_1_tl_21" custom="readingOrder {index:20;}">
                <Coords points="678,2320 1292,2234 1586,2313 2162,2186 2929,2265 2933,2056 682,2169"/>
                <Baseline points="698,2268 788,2250 877,2244 967,2238 1056,2232 1146,2232 1235,2226 1325,2220 1414,2209 1504,2209 1594,2209 1683,2209 1773,2203 1862,2197 1952,2197 2041,2191 2131,2185 2220,2185 2310,2191 2400,2191 2489,2179 2579,2185 2668,2191 2758,2197 2847,2203 2937,2209"/>
                <TextEquiv>
                    <Unicode>slent in and ille Heiln</Unicode>
                </TextEquiv>
            </TextLine>
            <TextLine id="tr_1_tl_22" custom="readingOrder {index:21;}">
                <Coords points="3855,2505 5204,2337 6291,2354 6387,2340 6397,2196 5804,2117 5366,2272 5211,2200 3868,2306"/>
                <Baseline points="3880,2406 3886,2406 3976,2406 4065,2406 4155,2400 4244,2400 4334,2400 4424,2394 4513,2388 4603,2388 4692,2382 4782,2376 4871,2370 4961,2358 5050,2352 5140,2346 5229,2334 5319,2328 5409,2322 5498,2316 5588,2310 5677,2304 5767,2286 5856,2274 5946,2268 6035,2274 6125,2274 6215,2268 6304,2268 6394,2268"/>
                <TextEquiv>
                    <Unicode>auf wenn auch schon   . ...   The</Unicode>
                </TextEquiv>
            </TextLine>
            <TextLine id="tr_1_tl_23" custom="readingOrder {index:22;}">
                <Coords points="558,2443 877,2532 1237,2419 2066,2470 3036,2433 3214,2347 2597,2244 2460,2340 994,2268 562,2405"/>
                <Baseline points="579,2435 626,2435 716,2435 805,2429 895,2429 985,2423 1074,2417 1164,2417 1253,2417 1343,2417 1432,2412 1522,2412 1611,2406 1701,2406 1791,2406 1880,2400 1970,2394 2059,2394 2149,2394 2238,2388 2328,2388 2417,2382 2507,2382 2597,2382 2686,2382 2776,2388 2865,2388 2955,2388 3044,2394 3134,2400 3223,2400"/>
                <TextEquiv>
                    <Unicode>de bient ouest bils bien de</Unicode>
                </TextEquiv>
            </TextLine>
            <TextLine id="tr_1_tl_24" custom="readingOrder {index:23;}">
                <Coords points="3810,2683 5256,2549 5540,2625 5725,2525 6318,2583 6335,2350 5626,2344 4900,2505 4197,2450 3817,2549"/>
                <Baseline points="3832,2638 3916,2632 4006,2626 4095,2620 4185,2614 4274,2614 4364,2603 4453,2597 4543,2591 4632,2597 4722,2597 4812,2579 4901,2579 4991,2567 5080,2567 5170,2561 5259,2549 5349,2543 5438,2537 5528,2531 5618,2519 5707,2519 5797,2513 5886,2513 5976,2495 6065,2489 6155,2471 6244,2477 6334,2465"/>
                <TextEquiv>
                    <Unicode>von Richten sagte Willi.... Tit b</Unicode>
                </TextEquiv>
            </TextLine>
            <TextLine id="tr_1_tl_25" custom="readingOrder {index:24;}">
                <Coords points="2299,2686 2487,2696 2535,2672 2577,2696 2888,2645 2892,2474 2816,2484 2731,2426 2553,2511 2477,2518 2302,2470"/>
                <Baseline points="2322,2573 2412,2573 2501,2573 2591,2567 2680,2567 2770,2567 2859,2573 2901,2573"/>
                <TextEquiv>
                    <Unicode>auquel il</Unicode>
                </TextEquiv>
            </TextLine>
            <TextLine id="tr_1_tl_26" custom="readingOrder {index:25;}">
                <Coords points="613,2666 771,2672 877,2762 1062,2652 1703,2662 2052,2597 2213,2655 2220,2463 617,2563"/>
                <Baseline points="632,2644 704,2650 794,2644 883,2632 973,2632 1062,2626 1152,2620 1241,2620 1331,2620 1420,2620 1510,2614 1600,2609 1689,2614 1779,2609 1868,2603 1958,2597 2047,2591 2137,2597 2226,2609"/>
                <TextEquiv>
                    <Unicode>Ist leur bel ist keint</Unicode>
                </TextEquiv>
            </TextLine>
            <TextLine id="tr_1_tl_27" custom="readingOrder {index:26;}">
                <Coords points="3875,2899 6448,2748 6489,2566 5725,2525 4762,2686 4475,2607 3892,2672"/>
                <Baseline points="3898,2847 3982,2853 4071,2853 4161,2847 4250,2847 4340,2841 4429,2841 4519,2835 4609,2835 4698,2829 4788,2817 4877,2800 4967,2794 5056,2776 5146,2770 5235,2764 5325,2764 5415,2758 5504,2752 5594,2740 5683,2740 5773,2728 5862,2716 5952,2710 6041,2710 6131,2704 6221,2698 6310,2698 6400,2692 6489,2698"/>
                <TextEquiv>
                    <Unicode>une cinplaisir en bien bekant.</Unicode>
                </TextEquiv>
            </TextLine>
            <TextLine id="tr_1_tl_28" custom="readingOrder {index:27;}">
                <Coords points="2566,2789 2614,2799 2638,2820 2652,2806 2669,2816 2700,2806 2720,2786 2792,2806 2792,2683 2755,2683 2738,2669 2731,2676 2707,2666 2669,2693 2597,2672 2566,2679"/>
                <Baseline points="2585,2770 2674,2770 2764,2770 2800,2776"/>
                <TextEquiv>
                    <Unicode>-</Unicode>
                </TextEquiv>
            </TextLine>
            <TextLine id="tr_1_tl_29" custom="readingOrder {index:28;}">
                <Coords points="668,2864 1765,2806 2261,2834 2398,2933 2505,2837 3173,2899 3087,2744 2638,2820 2326,2686 668,2779"/>
                <Baseline points="686,2823 776,2835 865,2835 955,2829 1044,2829 1134,2829 1223,2823 1313,2823 1403,2817 1492,2812 1582,2812 1671,2812 1761,2806 1850,2800 1940,2794 2029,2794 2119,2788 2209,2800 2298,2806 2388,2812 2477,2829 2567,2841 2656,2847 2746,2853 2835,2859 2925,2865 3015,2871 3104,2871 3182,2877"/>
                <TextEquiv>
                    <Unicode>with me with out. The present</Unicode>
                </TextEquiv>
            </TextLine>
            <TextLine id="tr_1_tl_30" custom="readingOrder {index:29;}">
                <Coords points="3985,3101 5280,2964 5407,3039 6047,2960 6301,3053 6318,2762 3995,2905"/>
                <Baseline points="4006,3026 4077,3032 4167,3026 4256,3020 4346,3020 4435,3020 4525,3015 4615,3015 4704,3009 4794,2997 4883,2985 4973,2979 5062,2973 5152,2967 5241,2967 5331,2961 5421,2955 5510,2949 5600,2949 5689,2937 5779,2931 5868,2931 5958,2919 6047,2925 6137,2925 6227,2925 6316,2925"/>
                <TextEquiv>
                    <Unicode>Ach. auf. weil Königl. die Heur</Unicode>
                </TextEquiv>
            </TextLine>
            <TextLine id="tr_1_tl_31" custom="readingOrder {index:30;}">
                <Coords points="798,3056 2344,3005 2964,3094 3036,2892 2515,2837 2138,2953 1624,2871 802,2984"/>
                <Baseline points="817,3050 895,3050 985,3044 1074,3038 1164,3032 1253,3026 1343,3020 1432,3020 1522,3020 1611,3015 1701,3015 1791,3009 1880,2997 1970,2997 2059,2991 2149,2985 2238,2979 2328,2967 2417,2943 2507,2931 2597,2937 2686,2937 2776,2943 2865,2943 2955,2943 3044,2943"/>
                <TextEquiv>
                    <Unicode>von allis zwei ich zu seiten? Sollegende</Unicode>
                </TextEquiv>
            </TextLine>
            <TextLine id="tr_1_tl_32" custom="readingOrder {index:31;}">
                <Coords points="3944,3330 6136,3156 6383,3252 6414,3032 5071,2991 3957,3101"/>
                <Baseline points="3970,3235 4000,3241 4089,3235 4179,3235 4268,3235 4358,3235 4447,3235 4537,3229 4626,3223 4716,3217 4806,3206 4895,3188 4985,3188 5074,3188 5164,3182 5253,3182 5343,3182 5432,3176 5522,3176 5612,3170 5701,3170 5791,3164 5880,3152 5970,3146 6059,3146 6149,3146 6238,3140 6328,3140 6418,3134"/>
                <TextEquiv>
                    <Unicode>Tonen... Die and erbob ist.</Unicode>
                </TextEquiv>
            </TextLine>
            <TextLine id="tr_1_tl_33" custom="readingOrder {index:32;}">
                <Coords points="795,3252 1203,3204 1477,3289 1593,3234 2467,3238 2470,3097 2278,3121 2117,3053 1922,3145 1816,3094 1655,3142 1480,3066 1268,3125 1048,3049 802,3056"/>
                <Baseline points="817,3200 865,3206 955,3206 1044,3206 1134,3206 1223,3206 1313,3200 1403,3200 1492,3194 1582,3200 1671,3194 1761,3194 1850,3194 1940,3194 2029,3188 2119,3182 2209,3176 2298,3170 2388,3164 2477,3158"/>
                <TextEquiv>
                    <Unicode>mit dem glauben.</Unicode>
                </TextEquiv>
            </TextLine>
            <TextLine id="tr_1_tl_34" custom="readingOrder {index:33;}">
                <Coords points="853,3461 1244,3371 1487,3467 1816,3361 2957,3409 2957,3303 2515,3238 1449,3289 1079,3204 853,3279"/>
                <Baseline points="871,3349 961,3355 1050,3355 1140,3361 1229,3361 1319,3361 1408,3361 1498,3355 1588,3355 1677,3361 1767,3355 1856,3355 1946,3355 2035,3349 2125,3349 2214,3349 2304,3349 2394,3349 2483,3349 2573,3355 2662,3355 2752,3355 2841,3361 2931,3367 2961,3367"/>
                <TextEquiv>
                    <Unicode>Regleit  about obulient tri</Unicode>
                </TextEquiv>
            </TextLine>
            <TextLine id="tr_1_tl_35" custom="readingOrder {index:34;}">
                <Coords points="3916,3539 5585,3491 5869,3392 6058,3471 6506,3419 6510,3303 5424,3193 3923,3351"/>
                <Baseline points="3940,3468 4006,3480 4095,3474 4185,3474 4274,3474 4364,3474 4453,3474 4543,3468 4632,3462 4722,3456 4812,3444 4901,3444 4991,3438 5080,3432 5170,3432 5259,3426 5349,3420 5438,3415 5528,3409 5618,3403 5707,3409 5797,3397 5886,3391 5976,3391 6065,3385 6155,3391 6244,3385 6334,3385 6424,3379 6513,3385"/>
                <TextEquiv>
                    <Unicode>it inui cingeles   sagte hilly, met</Unicode>
                </TextEquiv>
            </TextLine>
            <TextLine id="tr_1_tl_36" custom="readingOrder {index:35;}">
                <Coords points="1967,3484 2039,3495 2066,3515 2090,3491 2114,3502 2176,3467 2272,3481 2265,3378 2241,3378 2196,3423 2165,3423 2141,3399 2117,3406 2073,3382 2056,3395 2035,3389 2018,3409 1963,3406"/>
                <Baseline points="1982,3450 2071,3450 2161,3456 2250,3462 2274,3462"/>
                <TextEquiv>
                    <Unicode>kind.</Unicode>
                </TextEquiv>
            </TextLine>
            <TextLine id="tr_1_tl_37" custom="readingOrder {index:36;}">
                <Coords points="857,3580 3303,3615 3303,3461 3118,3399 2700,3522 1257,3385 857,3484"/>
                <Baseline points="877,3546 967,3540 1056,3540 1146,3546 1235,3546 1325,3546 1414,3552 1504,3552 1594,3552 1683,3552 1773,3552 1862,3552 1952,3552 2041,3552 2131,3558 2220,3558 2310,3558 2400,3558 2489,3558 2579,3558 2668,3558 2758,3558 2847,3558 2937,3546 3026,3552 3116,3552 3206,3558 3295,3564 3307,3564"/>
                <TextEquiv>
                    <Unicode>sind obgleich neben, kann... M</Unicode>
                </TextEquiv>
            </TextLine>
            <TextLine id="tr_1_tl_38" custom="readingOrder {index:37;}">
                <Coords points="3947,3724 6184,3656 6249,3495 5938,3416 5766,3495 5177,3450 3954,3604"/>
                <Baseline points="3970,3683 4018,3683 4107,3683 4197,3683 4286,3677 4376,3677 4465,3677 4555,3671 4644,3665 4734,3659 4824,3653 4913,3647 5003,3647 5092,3641 5182,3641 5271,3641 5361,3635 5450,3635 5540,3629 5630,3629 5719,3623 5809,3618 5898,3618 5988,3618 6077,3612 6167,3612 6256,3612"/>
                <TextEquiv>
                    <Unicode>er ist umsch in Cijeust anzweite.</Unicode>
                </TextEquiv>
            </TextLine>
            <TextLine id="tr_1_tl_39" custom="readingOrder {index:38;}">
                <Coords points="915,3786 1312,3738 1706,3817 2059,3738 2505,3837 2905,3824 2834,3759 2487,3776 2186,3608 1939,3704 1460,3587 908,3628"/>
                <Baseline points="931,3713 1020,3725 1110,3731 1200,3731 1289,3731 1379,3731 1468,3737 1558,3737 1647,3737 1737,3737 1826,3737 1916,3737 2006,3737 2095,3737 2185,3737 2268,3744 2268,3744 2358,3791 2447,3797 2537,3809 2626,3809 2716,3815 2806,3815 2895,3815 2913,3815"/>
                <TextEquiv>
                    <Unicode>I-- was glaubt it de rien stens.</Unicode>
                </TextEquiv>
            </TextLine>
            <TextLine id="tr_1_tl_40" custom="readingOrder {index:39;}">
                <Coords points="2583,3752 2960,3762 3022,3796 3104,3759 3190,3796 3186,3642 3118,3615 2991,3604 2881,3656 2779,3608 2652,3646 2580,3618"/>
                <Baseline points="2603,3725 2692,3737 2782,3737 2871,3737 2961,3737 3050,3737 3140,3749 3194,3755"/>
                <TextEquiv>
                    <Unicode>ulles...</Unicode>
                </TextEquiv>
            </TextLine>
            <TextLine id="tr_1_tl_41" custom="readingOrder {index:40;}">
                <Coords points="949,3940 1329,4012 1878,3920 2436,3930 2621,4026 3334,3974 3279,3776 1401,3861 949,3779"/>
                <Baseline points="967,3898 1056,3910 1146,3916 1235,3922 1325,3922 1414,3928 1504,3928 1594,3928 1683,3922 1773,3922 1862,3922 1952,3916 2041,3916 2131,3916 2220,3916 2310,3916 2400,3922 2489,3922 2579,3928 2668,3934 2758,3934 2847,3928 2937,3928 3026,3934 3116,3934 3206,3934 3295,3934 3343,3940"/>
                <TextEquiv>
                    <Unicode>Solle mir uns allein die plagen.</Unicode>
                </TextEquiv>
            </TextLine>
            <TextLine id="tr_1_tl_42" custom="readingOrder {index:41;}">
                <Coords points="3992,4009 6455,3988 6476,3807 3992,3858"/>
                <Baseline points="4012,3940 4101,3946 4191,3940 4280,3934 4370,3934 4459,3934 4549,3934 4638,3940 4728,3946 4818,3946 4907,3952 4997,3952 5086,3940 5176,3946 5265,3952 5355,3952 5444,3946 5534,3946 5624,3940 5713,3940 5803,3940 5892,3940 5982,3934 6071,3940 6161,3934 6250,3934 6340,3934 6430,3934 6483,3940"/>
                <TextEquiv>
                    <Unicode>amour; nur selbst</Unicode>
                </TextEquiv>
            </TextLine>
            <TextLine id="tr_1_tl_43" custom="readingOrder {index:42;}">
                <Coords points="942,4132 3279,4146 3279,3978 2494,4043 2364,3940 1881,3916 1425,4022 942,4009"/>
                <Baseline points="961,4095 1050,4089 1140,4101 1229,4113 1319,4113 1408,4107 1498,4101 1588,4101 1677,4101 1767,4095 1856,4095 1946,4095 2035,4101 2125,4095 2214,4101 2304,4095 2394,4095 2483,4101 2573,4101 2662,4107 2752,4107 2841,4107 2931,4113 3020,4113 3110,4119 3200,4125 3289,4119"/>
                <TextEquiv>
                    <Unicode>in Greip des Gerta mit den Grün</Unicode>
                </TextEquiv>
            </TextLine>
        </TextRegion>
    </Page>
</PcGts>
