7096 4360
733 419 2951 744 Reare in in cen Stadt, -
587 730 3002 1063 Will whom be it for
622 987 3012 1306 nicht ihr u ein zu
665 1234 3048 1660 Gulcke...  in we de in nen
733 1467 3019 1817 verintreit hatt, im-a de
673 1803 3195 2093 u winte.   ...   def de
651 2039 3256 2465 ebéer Oble. On a trouvé...de chac
630 2368 2994 2762 for be, a serer Offiziere, de
626 2615 3055 3019 ne cier qui wilit. Carr
744 2905 3177 3241 wennl der als eine
676 3177 3066 3492 Mammeister besonders
737 3424 3252 3789 Une gewe is... et ci en
6429 186 6615 426 25
4497 236 4805 465 a
3692 365 6422 723 bemahl. wenn ich sie morgen früh. die paa¬
3703 690 6447 934 schätigen Gulden nicht zusammen, ich mit
3660 862 6361 1120 heb... xxx in dein klein Curate allein allein als
3667 1095 6253 1363 voir été un deuver dahélai pour
3610 1291 6490 1592 konnt, doch nie ein kleu Unannehule
3663 1531 4293 1817 perd.
3767 1660 6432 2014 To J. Genl.  sast hillet - p
3742 1889 6536 2136 = du meurt dont a été deput darfté
3806 2100 6404 2368 das an folles wille nicht so ein
3792 2225 6518 2558 ungefalligkeit halten, aber wir ich
3767 2386 6568 2640 dort öffniss. ci ut. Hotel-Aussi Alslo
3767 2583 6257 2790 Ich schon das, wenn ich heute zu ihm
3742 2719 6479 2984 but we had him, and ist any it. I
3789 2934 4468 3062 es schrieb ei
3767 2951 6583 3198 mit wer Erben steht auf den Spiel.
3767 3173 6518 3424 kam zur Geld in geht es her.
3821 3298 6232 3570 Oth, Anttell anglais de Kopf...
3814 3488 6160 3749 in currit doit with a  den prefet
3749 3649 6357 3964 Monsieur, Même, angelegt. M
