7112 4360
537 527 2958 891 Emeille werfviel Landworte
628 800 3032 1097 J’esprit glaise, c’est avec
571 1033 3116 1357 sterteur.  Bist    ai  eufy
598 1249 3207 1540 Mins her chei our jany builew. He is
641 1475 3174 1803 -cheth is not forloupting bin. - I
604 1692 3106 2002 He is her most tere next even
601 1908 3106 2208 Mlle Übereinbeine wird i ai
517 2137 3231 2468 dé un peu longue juge
1533 2333 2178 2519 =j=t=.=.
571 2340 3228 2718 in ime ab unillige woll den
574 2596 3140 2904 Saille kapilelhueft spiel met
1793 2823 2563 3015 been in &c.
604 2809 3272 3224 unville avec ma
679 3096 1830 3521 hilly kan. der
3768 213 6418 439 du Conseil selve; - ma hall aussi dagegen. Lessez
3805 392 6337 716 welgegen müdige supflegenheit erfahren an
4494 554 5591 702 nach vereil. Bm Kalvit
3798 591 6344 891 Staat, uns ein dritte auflegte. Gewinnen
3765 780 6246 1030 und alle annehmen Ubrigens genommen
4960 969 5375 1104 w alle
3744 993 6108 1293 and hilly on  st to be
3721 1155 6192 1425 Au de Hälfte als wenn nur es seit
5237 1350 6628 1475 l'unie lundi de toutes le
3731 1378 6219 1617 his rer tisndutpang fulden die
3768 1573 5929 1857 sollte wohl unter erlärtn¬
5989 1773 6155 2005 -1
3710 1746 5912 2063 et blos uit die Dank je halte
3738 1992 6168 2279 selt weit flich caartpell in;
3714 2215 6060 2502 sich es so zweit; – eine ao: m blieb ihm
3731 2387 5983 2650 mit kleur tereitutis de flad
3751 2596 5939 2914 our gegen die utrig Barthalt.
3734 2812 6057 3103 me étaillent sur l'abloute, très-m¬
4305 3015 5233 3194 in n heft. daß in
3792 3032 6057 3288 his letter in her's
3792 3245 5865 3538 die er nicht für in andern Ihnen
3815 3427 6246 3673 sollt, in obenhütte; - es konnte
5652 3616 6381 3866 nicht tragen.
