7096 4440
4879 116 5325 287 Cultivateur
4516 167 4687 392 G.F.P
6094 167 6530 392 in so
5162 214 5655 432 wimmern.
3675 276 6551 613 wissen, nicht mit zu können. - Regel, Conseil
3758 551 6457 911 seu est fait de Arbeit; - d. dempe
461 526 3072 925 un cie cet trank sur le des
3704 678 6236 1023 daib denn übri d Fich d Grund,
446 791 3018 1092 sudcen - Soo ein an
4730 943 5039 1099 Frau
3704 929 6627 1360 Gemän  in Eig heraufschreiß
508 1030 3239 1357 tlupe a eu klée tout. sup Guisius.
3740 1197 6428 1589 Beschr Jelergebant iny.
2057 1190 2278 1382 mid.
457 1262 3283 1589 de Salicul, sehr bloß wie einen ist dann
2398 1447 2793 1585 vollen
3747 1364 6584 1810 is   "  He Billver plong is in date the
410 1484 3192 1796 do Eenh the lei, eniue he be
3910 1596 6685 2071 a de Tie; - 1 lieber, - utraikt
943 1687 1248 1832 de lui.
533 1669 3218 1970 de Theale nenbar Weiss, ne benofter
3809 1850 6569 2245 de his leveil en bois. bictellt en notilem
559 1923 3359 2209 Tull  ik cndil, en dranck sich
631 2122 1288 2267 ent of bit.
3780 2017 6482 2521 selle ich gegangen konnte mich
570 2064 3283 2409 umtselig durch für I den habe Sie
4179 2423 4411 2532 in
588 2264 3134 2644 ^ terrels in dem durch - En kulle
3838 2332 6631 2695 in coileb Jyur as int sehr voorakistheil.
595 2492 3098 2822 A  Sollt kent tas etoffl giit
3813 2554 6352 2920 Has erzählt. in einemen Abenten¬
602 2764 2833 3033 will bee a man. I am
3794 2728 6591 3105 das er neulich mit ein der Erlaub eines
3918 2982 5441 3239 Monsieur en klein Bissenier
617 2927 3007 3276 wiedul gesaetheit, reste er; un
3744 2946 6584 3370 Derselbe sehr bl.... Er. mir in seine
631 3127 2953 3501 J'ai été à Erlembler si d'autres
3813 3294 6479 3595 Nesiger flaat tat er so viel
635 3432 2971 3725 chefs de Quelpoul nicht sich
3910 3493 5985 3805 Hochst des sehr inrede früher
667 3598 3355 3950 plume war.. Aber xxx. Geyn ertlärt
5822 3653 6548 3900 is in
3900 3707 5438 3976 brilly to bleet
5858 3874 6080 4016 1
736 3845 3069 4186 dafür in hu herauf
