7224 4648
6444 396 6756 577 155
2925 424 3238 698 7/1-4
3880 500 6173 827 =   ...  de jel gd du titul est n=
549 677 3248 941 Dies ist ein einmal Äglicher; wo
3901 789 4401 962 begleiten.
2602 827 2987 976 sein
4054 823 6388 1080 Or, it was [illegible]
580 900 3178 1181 no en trou - uort denit cme huys i
4009 1059 6242 1278 au. de Bed. il wat teil, de
591 1094 3168 1379 wenn sich in einer soll erweit
4019 1188 5690 1428 meure en hart avant.
2185 1240 2612 1376 " I have
615 1233 3387 1574 Jai Sie erholt nicht eheweil Weise.
4078 1303 6600 1608 Dr Cemit sbuttelld kopf. Gebon hi in
2838 1462 3300 1643 (Cuituer)
3991 1522 6503 1733 theire the he. I had it with me
677 1504 2463 1779 - lui.. Je d'euf cents serai.
2817 1636 3293 1792 he was in.
3991 1667 6791 1883 Aufwärz.
723 1730 2522 1977 Heute wilt... Vorbei
2873 1758 3321 1911 enathe.
2004 1820 3383 2067 Heil wil.. Kielle and wt.
4134 1803 6545 2109 Gesitti sie nicht zu nehmen.
882 1931 2612 2157 un avam... kozé. -
1945 2046 2692 2182 Tilleicht,
4050 1984 6826 2282 ohne daß ich die verwittlend hausf huijnnen
1021 2116 2397 2331 Wah-- and were the
837 2185 2786 2435 Be folgt in wis al.
4096 2171 6829 2421 werden, - wird de Krommel mit auf
4172 2341 6687 2668 erfüllt, sinte deux Sie des hommes afschr
789 2369 2546 2654 Vu un de..
1035 2529 2782 2821 Vor. Wm. Hr. L. Z. ullnau
4259 2525 6781 2855 wee in.; -   -  - so oh dreit ne étue une
834 2703 3036 3026 je suis... M, co rue hs
4307 2716 6131 3033 so tat hi u will upllt...
917 2918 2949 3137 the Becking; but deme at
4283 2887 6770 3178 Tit wf and  the Cooss.  wt frc arles
6277 3064 6562 3203 in any
962 3043 3238 3366 me claif ik thre will nemen...
4158 3081 6687 3404 vosträgt. Un en est sie nie ball... den
5874 3258 6218 3415 ent.
861 3304 1997 3512 Wex wurde.
4394 3349 6840 3550 F. edl. Hendr. w/d et specie ungethal
1188 3411 3390 3599 We ist wucht weiß - wie soll ich -
3060 3568 3272 3693 nnt.
4207 3508 6763 3832 Tuf cit die x die Rill weil annet
1000 3574 3349 3856 I don't be her "hinteramt". I es pu
4210 3703 6281 3967 was in well and [illegible] him -
980 3772 3085 4012 dazum - er Werken, ufülle.
5013 4023 5707 4217 avec encore
1007 3939 2553 4238 Es wäre mir möglich, dafür
