6968 4376
932 409 1817 605 Tillstondenreich
1783 376 2102 598 son sel.
740 532 2623 758 Dear.. in the that.. fils gupult....
737 595 3017 887 11 hab ou très - at u stigut jusqu'a liefs.
785 839 2412 1071 set se un colat très celaibe
875 998 2463 1182 theion gemnt he is the.
935 1086 3083 1365 Til de cent unis... Hui... de M. d. Uhrfah
821 1221 2842 1486 No i vloin Sie will me t, wer
935 1411 1702 1609 resublttet.
1077 1567 1859 1744 tract très dei ces
956 1606 3035 1895 1. Leld Staat upllt:- Sie tat 4
968 1847 2235 2021 lt h iis einzuricht.-
1122 1856 3098 2183 The Author - (Es is the gelesen Ebel in
1020 2051 2965 2310 in tnentul ougutellt... so die!...
1281 2259 2944 2547 1e bel et bezahlt. Unieur is
1113 2469 1964 2686 heute zurück. -
788 2743 2490 3119 Verschah. auf die Kostperk
4126 174 4728 400 1 00
3991 472 4797 698 une soitre! -
4078 650 4821 836 for a villes -
3985 761 5594 941 Bien - Su Schift. Testissielen! -
4048 926 5750 1059 Srömel - westlet.. Ist wirkl auch
4108 998 6337 1260 ab d Her habe geregst. Ill. 11 to 1st
4072 1200 5615 1368 ave nouel gesteut.. Elles...
4343 1314 6150 1495 Ae..... w. et eu si gens. Musse...
5050 1453 5323 1549 nicht.
4174 1456 6346 1651 No I bary wt intettel.
4505 1630 6183 1747 gène a été que, le Recht a. -)
3952 1708 6370 1895 to the 6th. (4 that that he is a not hand the Ch
4093 1811 6201 2057 enin te jusinige bissan, die weber
4084 1952 5651 2186 wol; - es seit nach Houtnissen
4406 2027 6304 2316 Mr sehöfte wth - puls in all Neu.
4400 2274 4983 2445 à 2 outels.
