7112 4392
6426 94 6610 288 34
3730 194 6444 541 Geschäft ist ein zu aller wit zu en
5042 409 6409 704 I have to look a letter in the link
527 430 2873 819 die beine folie de Cron.
3730 420 4969 791 Art m. best
3661 649 6128 1034 do in a Cistonell kleen,
520 632 3133 1003 Sbrebel. & cb R. A. Rige.
524 906 2897 1270 eley; berben... Um j wis us.
3685 906 6478 1225 dire d die Traillagliche geschriven soll
3696 1090 6319 1499 Viruliere, wie was ihr die künf is
510 1048 3026 1513 eine u tiefgende w. des
3786 1329 6319 1714 de Urkopelle klavig. In veil
500 1364 3116 1669 we is in frm Rom juff.
4691 1596 4973 1721 son
4962 1516 6628 1870 Buelleaveli
614 1617 2960 1967 but de me fild we do her
3807 1627 4868 1888 nicht – ugen
3838 1797 6364 2089 uym en verboll l'icului; ou
510 1832 2943 2249 fall gebben? Je in toge
3779 1940 6406 2304 in  in a cem
489 2092 2943 2436 besat wis hule
3772 2266 6170 2526 an soliter  -me was in
555 2332 3199 2689 mehroembrt vide u cest...
3824 2394 6510 2766 im Burensted vid [illegible] 34
2672 2512 2946 2661 nt
5233 2585 6159 2773 soeing the
531 2582 3213 3057 Me den    Mr Kumb
3817 2720 6420 3036 to which you, I am
503 2769 2963 3293 I am aif. d. F. Spiel
3758 2859 6478 3328 is, lubé fai ci un tout onnemps
534 3137 3036 3536 verlor... Et bd hui-
3904 3120 6243 3564 - nie- und Tante auf die Man¬
548 3408 3026 3786 A lacht... Et was it etc.
3852 3543 4324 3758 men!
4029 3678 6378 3997 Slinged war an eens p sek
628 3630 3126 4029 so is he even.... Enimenten
