7240 4632
2915 492 3197 652 112
4096 523 6418 886 wieder in Revo-c-Moll-d. J
446 579 3068 913 ein Vorre, aber mit der Sitz in der Heu¬
6505 589 6746 899 16 B
4051 732 6073 1032 von der..... des wöblesse, kon¬
411 774 3214 1116 haubt durch besichtigt; - erfort die  Helacht¬
4187 854 6603 1252 Es telle in a ficelle komm Sibel und
485 1053 3134 1353 - und von erst seil es hilte in - dass de
4121 1091 6209 1450 peap ajertull at a Sticum
492 1189 3169 1544 the 2c ha be it in byve hir wept.
4121 1259 6728 1646 u Vorrei knt... Es erhaert négleich -
502 1412 3190 1715 Ueresagt meldet. at Broch.. het gebossamst.
4100 1503 6324 1799 es mais Dégé le Greyn. - de ne
2705 1541 3197 1663 sur Obeil
579 1646 3270 1987 & myner ist alyveert. Mots unépens
4138 1733 6606 2026 the laste... We will d Revfort.
903 1802 3197 2085 "    "   Zn Obelutnent ist ältrast  & kam
2475 1903 3284 2074 Kreis fait
4110 1914 6704 2242 mit – dit ich dit witt ihnt jyblie
600 2015 3242 2336 [illegible]. Il y a bien est nul tous les
4089 2102 6460 2437 Od will a next ton.. ob... it ihr
701 2106 3333 2475 alement...    Nod er gel recht et d'Brief-
6132 2172 6533 2346 niller.
934 2196 1356 2318 menx.
4075 2318 6111 2646 in and fine tblad-que hab..
680 2290 3249 2611 de : de ces "Gœres will
725 2493 3235 2765 Ist schon halte..... R. d. off. teill.
4093 2538 6603 2890 I’d ve t Lekem sti Guss “it
4131 2684 6544 3016 Sue käme... na =... - du...m. scheint jus
708 2639 3423 2960 at wollt  uit nogewesen... He b
715 2918 3298 3193 at de tesim inverschit inhade x. Un
4107 2908 6474 3225 Fi toutefon malter ciue d
1910 3075 2127 3256 Sir
4100 3148 6687 3420 bast dort hoffentled int
732 3099 3312 3427 is com. vand jaer feil der uit anrevet.
4473 3305 6673 3699 Krau auch nicht zu sgl. Zoll-
788 3368 3288 3654 August - a de e d Banhuste Cham
4243 3507 6101 3779 I haue ae cette
889 3546 3221 3807 ed Her hielt in secret
4577 3647 4923 3769 schon
4299 3720 6404 4044 soe willich xxx
868 3765 3260 4086 sointe die ihn kann – wie
1785 3856 3141 4051 unto- a sel cop - ters, &c.
1736 3953 3117 4197 meer a un soir
941 3960 1318 4218 Sinte
