7240 4632
6371 401 6639 556 me
4075 345 6906 767 Wm Karl atfor his in weld said on 15th
2911 454 3249 654 11¾
5060 633 5447 749 in the
3084 619 3404 805 156
4149 636 6115 942 he sent very a trifft in ye
781 738 3217 999 - Il y avait tu veu de a facerte, de f de
4181 805 6027 1055 of time to self. Mein he mes
5925 823 6800 1069 gel abd 10.80
636 992 3351 1174 Ihr darauf ist er kann, - de A Bl.
4212 988 6568 1213 in as we do to his i think. Hotel
6051 1125 6825 1280 Com, helen
4181 1104 6832 1438 Citlaulis; is itt nd aif La Howillos
777 1122 3193 1371 I fueil  -c Heil ist, in ick nicht de
4174 1312 6681 1579 en; ind in his H Wulfje... Re
763 1329 3284 1551 desk.. it will with all to
1072 1480 2486 1586 -   -  u seulle.. et du mois.
4212 1449 6558 1769 d Jareu, ordre committ, - a u
883 1530 3428 1793 Seul sêbre a Capillet. Un avant de Bulin
4220 1656 6449 1997 Cukalte. Ee rue il jyl i Reill
784 1670 3224 2004 expills.... of relh 1 wess. as if we
4191 1811 6371 2152 al veu avec bistes ouvr très
756 1934 1677 2198 ufill seb...
4230 1994 6853 2402 I live the gevugent of mrre her ren
963 2078 2771 2366 Siène s'estre. Il timle «
4364 2205 5995 2525 i tout. n peintet   in
847 2250 3105 2577 Mr H. Croml.. a 'Sied be
5106 2444 5320 2549 him
4448 2468 6807 2718 will a Brief of a same...... Hee souvent
939 2482 3091 2781 Iben atrin;  un ir meine
4248 2577 6807 2943 It is about it de Hofenleger - in anveitant
907 2662 3291 2947 weitern. Ich über seiten ist.
4230 2785 6748 3154 freit woll unerstehen seiten – sehr
935 2809 3052 3101 me. kori de erfahre disfte
4244 3017 6667 3309 credi & indem En un en
978 2971 3446 3326 &. He that ld he wee Sorge rin.
4191 3115 6632 3527 Mrs Perimen up upirff at he
1037 3277 3161 3565 trouppet hils...  Elcier cau
4205 3326 6185 3622 de degel non in in
911 3471 2859 3678 und in Gewend be th
4392 3534 6516 3812 nen aus zweitende Äk.... hier.
1157 3643 3316 3973 He fellow & H Belieben...
4378 3713 6185 4009 und es nicht in endleitigkeit
1034 3836 1783 4089 H Leilen
4997 3984 5739 4202 vrai pourre
