7128 4440
6509 236 6757 398 14
3869 322 6459 656 will cette coche à être - at de
2730 441 2981 580 fen
3808 562 6406 917 gefüll der Eilig. an eine
186 591 1841 1035 Et verliefs du premier : -
387 863 2902 1197 Er seit ist ont einmal u de francs un¬
3812 885 6474 1275 zurückleibel gefahren und über die
215 1128 2999 1415 et se ruliefs —... ell des un eux à ceux;
3783 1035 6628 1569 mil de ceci ermeubte
193 1300 2934 1573 u nebst er gleichen wir. Weil, - das Ihr
3855 1347 6638 1734 een pristeln tost, ein Depes-
176 1562 2920 1781 A Mont, du Cigarell, de terre, - et
3762 1623 6477 1952 de tutile trascopium si bel
326 1734 849 1895 sumille.
208 1745 3009 2028 Nell,... do peutet.. ou je croillt in we. - -
276 1909 3045 2225 -ce...ah. die könte Cogner... I Blech den
3751 1863 6484 2289 et neplut chez i is de Crise
2107 2038 2544 2189 Wlybel
244 2089 3128 2397 had in a Kercenbof.. de Spiegl a if it was
3858 2121 6474 2601 Yr heb...  Mtr - in wie Artin
294 2304 3077 2701 - reci ope Bild, de été avis de Spie la
3919 2447 6413 2784 as well and that do and
229 2483 3099 2948 eulgegen leicht viel, cusige Bibl. -; und.
4048 2730 4958 2941 sondel ist.
297 2719 3099 3088 in fait ind. met de kein du d Haer; aller
4224 2705 6259 3042 St. Doms – Doyne  d. trot ocement. lui
322 2909 3045 3203 me. Abtteil jehren tussi en Cets tte il, sels
4098 3027 4973 3299 S.M. & Geld
290 3131 3102 3439 de Kippe ait. at...
301 3317 3002 3651 de femme. Tous les
337 3500 2626 3840 Theill, de Treppe souvent de Mr
297 3679 3167 4152 Muhl il vait eu beggue;-
4564 3722 6681 4181 Wm. I see me being in
3948 3790 4521 4159 dare
2486 3991 2999 4170 werk in
1666 4192 2042 4260 G.C.F.P.
