7144 4472
5590 141 5847 343 1
6368 209 6581 360 11
6461 308 6704 538 145
3856 394 6605 713 nicht für ein Welt nie – aber er bemerkt mit
332 579 2985 905 Eine gewiß ein, der du wehr woll zu
3959 634 6553 867 abé et leuil comptés, déf  ce dernier
3907 819 6451 1093 devril wieder de tes dernseles t, in An¬
308 809 1395 1056 hot al we
452 836 3033 1248 Et pour se comme. Nérie. Tausend. tel est
723 905 1594 1100 receid in
3911 991 6475 1241 and was in the beleeb - beton lt tott, in ei
1950 1049 2793 1254 Haben, der gebur
579 1128 1882 1392 wiggedankt: nagt e.
545 1152 3068 1549 Til ziekte de Ächne.. Chor je dis. Roue
3887 1148 6577 1464 einige Freund überwieder – uw xxx-
401 1374 2804 1703 I wil it warte me l'willst.-
3959 1388 6406 1607 ha wa et de alle klaupou
600 1532 3033 1820 Ce vouloir un etre vendus. - de quaubt
3928 1566 6447 1762 dass wir den Grönberg, durch se
2416 1642 3133 1799 en cela d'ap
504 1762 3133 2036 er kehrt; -) werde es mit al, und oben zu prissen
3880 1727 6372 1978 Hein gesagt, daß er sie mitt einmal
4888 1885 5107 1995 née,
771 1940 1745 2094 man wolle et siune
590 1913 3184 2218 eiluf  - il s' une telle korte en refu -
3911 1940 6471 2111 näch sie um sagen nicht einweh werk
2519 2026 2903 2163 cimal
607 2156 2903 2314 in as Blan jaarees; - ime is in un
3890 2183 6601 2382 Nuil; - ohne viel mit einmal ringeweckt.
603 2272 3092 2588 [illegible] Augenblick heute handl jckling -
3866 2314 6605 2598 of put oulief. A prenne..  Ee fille
644 2434 3026 2739 for a tt    ci   - or
3900 2516 6649 2763 deu une de  de Thuebe
723 2625 2913 2869 was not day -, stet & Oleib
3952 2721 6433 2975 (all) I am for her. oh
761 2749 2989 3020 in with us and in
3959 2907 6526 3119 für ziehen, und die schreibe ist in —
727 2913 2910 3229 I wenft - (wie hebt er alles in
716 3146 3157 3356 salle were p un point were home....
3983 3112 6660 3359 sind auf den Hieht wicht an die Kopf vorl
4206 3236 4432 3359 his
740 3280 2999 3499 l'impt. dif ce ou ou de tous -   sie aien
3887 3249 6564 3523 In mande; -    [illegible]
730 3438 3033 3722 it inine.  nie wied n is o p jung
3993 3493 6464 3626 tig - in de veel febrund. weil er zu
788 3637 2869 3883 in fühlte, sehr nimmt diesen la
3931 3606 6557 3859 reden, und in der Räckt nach
1827 3760 2077 3859 une
819 3760 2955 4048 Aufschreibung mit ihm arbe, und ihm zu
3990 3767 6475 4020 2 Straf auf einen - de tage binnen, da am
1669 3890 3157 4134 suis schuldigé le
819 3952 1673 4192 s et une née
