7128 4584
1261 497 2475 680 Raffe Martin, see ce t'
2536 467 3040 629 1/5/18
304 629 2756 849 al.. (it is m bienken) Und er het wie
369 778 2942 997 in ein sicher gewiß ein schloß der Au¬
243 991 2884 1146 Amte viel..... Sollte nicht
406 1183 2915 1332 Sollte wird mit d Büroquiere
541 1369 3063 1630 We j. in seien wollten ge...
284 1555 3006 1812 Wahr teul der Joul.
724 1768 1068 1910 schen
369 1701 2867 1971 l. dejeun, mais d'Fiscopiner
416 1931 2921 2198 noch. de  je vous  hett...  Scin getost
416 2100 3016 2377 viellen hatt. deropodl selber, bin im Tageb
409 2387 2884 2631 d'très septem. et mon
416 2502 2793 2800 Seitelt de j'en gleich tod meld him
423 2712 2783 2989 we do infertile service... Uher
372 2942 2884 3212 sus i on in ficu tine beregel; ive Mr
416 3195 2908 3449 sich auf da gelassen; weil ich
423 3388 2739 3588 stell a ue in die Tisch in Marlet
446 3618 2935 3905 do a  a e  c   ..  Vul sel  de
399 3814 2884 4020 me nnul il a deuil in
690 4074 2762 4345 de 1er,1 y ae, -. -.
3828 159 4869 456 Wm Wasser
4227 413 4446 521 1.
6428 436 6678 571 110
4183 511 6533 724 meis. Am ra d'offort - de this in
4071 697 6580 994 der Kindern Verwandten.  D. seh der son
4058 862 6350 1106 auf der ungeleitene klein lebens
4152 1065 6255 1329 Hüll, gegangte; –
4189 1251 6320 1511 als... Me ich d Joach....... Ma est
4112 1457 6404 1799 A Josef' schie hill
4176 1633 6563 1927 doch de  T-H. C.
5119 1822 6364 2069 Sohn sowohl
4260 1951 4889 2103 ouvrier
4852 2039 5339 2127 kleine
4321 1985 6482 2252 out die Witte in Will.
5116 2144 6184 2330 Sieheblatt ihr in
5846 2218 6577 2451 e in hebe
4355 2252 5768 2472 Stiene..... Mr. at d Jnt.
4301 2411 6451 2644 reger un enspuisent abe.
4392 2573 6438 2844 wenn in uns hein, unterbruch. M.
4463 2800 6255 3050 Und sonst nicht
4433 2908 6600 3189 teel plaisant.. He Leib...
4541 3087 6549 3385 xx xxx has been
4565 3229 6627 3564 [illegible].  Mr.
4636 3429 6309 3692 in Mr..
4656 3642 6722 3905 & Mr. Esqr. but he has in
4680 3801 5975 3986 nicht... xxx Freil—
4781 3892 6729 4132 son allant cette entre
