7160 4360
900 407 1114 563 1.
319 465 479 592 m
421 574 3122 933 "de tenasse juge aussi kunnen de
501 784 3187 1176 jenig zu binnen ausgekommen. Hann
490 976 3271 1358 hallen; - die ist zuart der Vater, der als
479 1220 3318 1568 1o Vusinz ubelten, yu wihr dien at Obuit
523 1427 3187 1822 in Tewerra jedorben, wis Onkel
1136 1695 1510 1851 in it.
599 1717 3365 2069 Robert whaltei; - No seil dir ewgel
759 1884 3278 2327 ganz unbezahlen einzustell war.
621 2084 3390 2632 belb er sich aber einreichend zeigt...
624 2494 3296 2879 halt d koffede bess it eigeschränkt... in
1815 2650 2418 2842 him in.
697 2606 3405 3100 in Neuenlassung.. ich erweichlige werde.
679 2897 3267 3252 drie weil durch ihn übersten
624 3129 3267 3532 nicht borten,
672 3376 3314 3761 Cette Eselve... So En Hebenlever,
762 3561 3282 3931 & in de hnt inlverpents
842 3895 3307 4167 déprouvés - un de gestert, le
6367 225 6578 472 No 10
6149 381 6578 595 given
3695 446 6592 824 en hirbstäblich,  avec witt u de Lappinai,
4734 653 5242 846 unt C
3710 711 6342 1056 a ein puisser Cöevr. in
3732 893 6538 1289 für ein gemeins zur Nachwerklaß
4185 1143 4694 1314 byall
3786 1165 6538 1481 Je xyz... Aber nur verwah war ich
3732 1408 6519 1782 der Lage ein Verhältnisse mit solche
3750 1644 6458 2029 Hollisbeit zu Beuglau gekommen.
3753 1902 6461 2200 Wie heute, in den 25. Februar
3750 2182 6480 2548 an dem schon Fridlioply, unheen
3761 2345 6683 2748 it is in land in which jany frinheber
3779 2704 6650 3064 Weffenent is in den kleide, die,... an
3797 2966 6436 3271 de France is opefelbaft en rien
3826 3158 6421 3543 zu Glanzen anfangen, in mit in Rappe,
3808 3430 6545 3750 die tot we at du ser Marte...
3880 3645 6193 3975 neben, — zwischen Seelig nicht
