7096 4360
2352 258 2897 523 for this
314 377 2797 694 12 soit, ce jour, meri-il, ait
3749 414 6612 728 will act 1st...  abe. der and
590 568 3226 877 de E. A. de klein til most $61.
3737 642 6665 1079 Noire... in... in der halut comptur
571 829 3125 1124 auf den einig u der am Ab. ein.
3696 960 6672 1325 in anneth him, def di and
556 1057 3088 1367 selève R.R.S. lijen... me dit
3719 1210 6433 1572 empfangen wist. ich heis. zit.
534 1288 2980 1620 dende konnte ich me heut
3689 1445 6590 1777 de handel mit fleßig, bill¬
485 1557 2797 1867 Beinde... in er würgerich
3696 1714 6538 2035 Es ist nicht sozuschäftig gefahlen
504 1796 3166 2125 Stad... die wicht, der entweil¬
3726 1942 6568 2349 me cil in der erbst wort... es to
489 1998 3166 2349 et je (e. ist auf d ik)... tel
2513 2188 2931 2382 eis
3771 2169 6777 2632 Sall est ball. un en paa s'il devait
530 2207 2886 2606 adh. ich auf dischleßt. Der
414 2487 2957 2826 avec July    die
3741 2505 6586 2938 en Bagatell. wie dass ich stell tes
470 2800 3200 3181 Dr. L. Valutin in Freih.... an
3760 2789 6766 3174 mirz seit " tiefe im p" weil.
508 3024 3256 3435 t ein reiveili. hat hilf.
3838 3125 6646 3413 we will not until it, bleib
1915 3248 2300 3383 unter
515 3334 3189 3629 ich hin an ander alle Truni
3838 3375 6284 3749 et de na vielle M ich
631 3562 3080 3853 schaft appelliger... in all
3797 3633 6579 4032 soo zu haben. das gehei¬
683 3816 2976 4059 power with dif. don't it of him
