3720 4232
558 323 3135 704 en hatt sera jour Paris de l'oulore
507 547 3254 915 and were lichitore an Helle. He
629 792 3118 1176 Tiedene Befra hin Beite, Vor de
724 942 3431 1387 Crunitley in Haif Bernbustes.
731 1149 3356 1588 he will j hviltei syl tlls; and
714 1435 3431 1884 er farr is well gut mogleit. wil in
2037 1595 3420 1996 thewo  the e tell
1717 1751 2064 2060 1 b
758 1785 1727 2169 all the tak
2057 1863 2645 2040 dit zuhnt
833 1965 3322 2363 ement is biren in dat i gleich jet
816 2145 3509 2598 fils retelle; et je ne mais que j'en cercle.
969 2400 3094 2795 Ad eie kle beknt da en Fle
908 2672 3312 3006 Cismoe:- da Fiste his, dans ihr
911 2880 3339 3271 im Concil al flost ergestelt un
2322 3125 2972 3380 fle -
949 3196 2329 3492 I think it in
2621 3274 3281 3482 évouement
986 3400 3087 3675 sich über wil lezten von denen
2465 3611 2975 3825 & but it is
1210 3556 2428 3900 I am Elrift.
