7224 4648
2926 479 3222 704 11-4
3919 452 6502 734 et de Beaubout d'un très seloflil si ceul.
2389 670 3304 890 gericht 160
3960 683 6634 975 gleichgift weg...  le crain de Cronsiléra, de
595 782 3025 1009 Ernest worden; - breil jeden in
2349 941 2661 1077 sant
3983 907 6410 1125 in lest Augenblick seit dat bemercie, ein
547 996 3134 1285 allst & amerty - in-
3997 1118 6587 1380 yours veut a Blatschut belevt -in on de
602 1179 3198 1533 is as a qlle du bient - a du hvier
3997 1295 6668 1625 Bnoryn Edelment spielte -; - we clad
663 1461 3100 1757 dué de terpintres -; - en Valon
4024 1540 6454 1825 à Lopoldin, die il qu'il ei de
714 1682 3093 1944 abs reglen. Cebobli, été ou ne
4007 1761 6736 1998 contertuel - - a compte keur Dans
646 1913 3181 2230 en plösseit wiede.. a hl Juferten
3980 1978 6699 2250 bakeit jegen neberde, die der
690 2158 3089 2434 seul a lâcherle fage...; de m me
3983 2182 4711 2410 die it. I
4707 2182 6781 2454 que lui n'en elegen belegen telle.
4136 2366 4721 2566 F.T.D.
741 2291 3137 2603 for a one. ewer Dienststin
4004 2410 6699 2716 sion des bêtres hattes; un deu ce est
2216 2501 2539 2688 Reh
724 2549 3089 2824 nicht.icht selbst halte, umhein, -
4048 2580 6736 2981 or a Gefich (wilde & in vekant jours
761 2787 3270 3035 aurait - - und aussi etc. in p
4028 2831 4612 3076 sette.
812 2984 3198 3256 & Jas Obulant. si un.. vnd zur
4184 3008 6740 3297 me. Es in jemar cest pl
843 3188 2899 3480 Jul. Jegenet.   ...   Erwärz
4146 3253 6614 3484 Asche die 4 Tappe in dem Gattin
1947 3348 2896 3491 in das järnerl Theile
4738 3416 6206 3582 muticium nicht späte ich
907 3416 3440 3694 laubt nicht " und dasweigsfielehren.
4150 3436 6804 3762 trenstes, war es erst, wolf Uhr.
965 3620 3195 3851 Waß die wohl zweck, wie er
4150 3667 6699 3963 bittage    -   Ja jorf den
989 3800 3297 4099 geaupt hille - we is "grette tall"
2019 3987 2484 4126 ¬
1122 4011 3015 4265 Ge Er sollte mit ein Verneid, d.f.
