6904 4360
2962 263 3196 429 111
786 253 1133 473 were in
2197 267 2673 465 sent me
833 400 3250 693 durch Zuschreiben, seul Herrnn
3723 386 6501 718 me boré sa elle t'elle, mais en
5649 592 6331 750 Wm St Alg
895 613 3276 916 Aus. 4 huis crim. bes ter
3759 617 6486 996 au de cude Herr sagt uit trüsch
967 797 3106 1021 ment.  He Lieut ..  is a the
3781 880 6295 1291 Julyfahre    Josef
978 988 3268 1389 Verlieut verlieben, gelangen:
5736 1082 6299 1313 satisfant,
3791 1162 6414 1537 A Withelin wird einen B uwer Stoo
859 1158 3135 1533 hilbele: sal doute si Arvée.
1854 1421 2652 1576 Ohne, in meinem
3900 1447 4856 1681 Blusson.
794 1432 3315 1728 inblo... u nuit er Hout en
3907 1494 6468 1815 tich ein Josef die Thüre bleich.
844 1656 3333 1984 Sibich von de Ohn Horen.
3824 1732 6598 2049 sidlots, fak Will sich inde Bluse.
1526 1861 1836 2024 [illegible]
960 1876 3236 2157 Re mamant, a isitier ce
3799 1952 6450 2240 an wahr es sich mit den kann. Pitten
3806 2146 6385 2442 al Hea inhete, but i je teinte.
790 2132 3178 2431 the of in der Sifferungs,
5768 2305 6512 2493 in at e.d.
4791 2348 5307 2529 in me,
869 2334 3167 2644 I sent you think. I
3802 2428 6703 2688 in it in des leer Rof 7 in altyp.
844 2540 3160 2879 wch lass. laß. d. Nr.
3838 2565 6598 2955 Koneur auf- et jetzt
884 2796 2962 3124 in j. A. y. teufel. es wi
3784 2944 6508 3218 ste, de Dorf gevicht, wie werden Sie
4953 3059 5278 3243 belle
913 3056 3319 3323 entitut wird noch nicht
3838 3124 6620 3445 d Herr, in in der Überziehen, d nieder
3784 3373 6602 3690 es mit einweis, dessen wirck u.
913 3301 3189 3618 forl bin; in de: we
3791 3543 6216 3810 beiden. onstweizt., nähm ein
942 3506 3120 3918 al laffe, sont,... in
3831 3748 6429 4076 ihr in Lauf den Jahr genau ingefallen
