7144 4488
6471 239 6759 446 11-5
3807 267 6334 756 (3) Tuch zog über wechnich die Rech¬
2773 510 3051 759 135
3789 622 6316 977 sagey.. 20. ferlyat. a pare uneth
246 643 2988 984 Siben in Fride - es in ein ach leige
214 875 2717 1220 Bluh wehr Schrech. abgesamten werde.
3859 844 6468 1216 -hus, in munt iug were alspite...
369 1058 3009 1346 accepient -et - vor trente
3842 1097 6355 1417 /: verst ne cl: - des ceci veill vorlent
278 1279 3019 1578 We ja vor Scheit; - die dass war zugleich
3831 1315 6415 1642 He gewigh him pn a gong leicht
246 1483 3037 1807 a t bliebe de Harf être stetes: I beda
3803 1550 6197 1916 Und zu bielle in Blatthegne -
246 1722 3065 2035 Amerr. L Erbalt.  E.  T.
3789 1722 6355 2053 das man sein in einer Welt.
2113 1888 2341 2018 e
264 1947 3040 2362 a de pchef enctjut, ist a p de
3807 1954 6099 2348 re plus den, en rep en le
352 2137 2932 2534 Seite für den; - das griffe  d
3866 2200 6176 2531 Hansluft.. Tit bekal & even
425 2387 3076 2777 Cyarellen toutt ind sibenbl d ei Ha
3838 2401 6341 2787 de Estall.  Guld 11 Louis - Act
380 2573 3216 2998 soll Cijarett.  Te seulifssten
3944 2636 6246 3030 eilflesi ge Äugleit in Reim
3944 2847 6190 3178 you.. I is has would the Rents in
373 2988 1638 3223 dankt und zum
4120 3097 6563 3410 geehnteit
576 3213 1223 3487 Eilfter
650 3272 3076 3627 will she will in former set, da
1139 3325 1357 3476 ble
4257 3304 6271 3613 u. Zeitgab. Filsbian. Feld.
4155 3490 6334 3743 En est juste. E précieuse pour vous
482 3526 2886 3909 Quits in d Han no
4137 3691 6633 3997 wegct -uss
573 3743 2823 4077 Das Ebenver ne sont... Je n'en a
4186 3909 6018 4204 11 febem Brief abgeben
612 3993 3086 4323 nicht sehen; — es wollt wirt viel
