7224 4632
6487 348 6760 551 1-5
5059 465 5695 647 mal en moi
2878 476 3194 647 112
3926 494 6405 824 - Ist kr. Hoem. hforsiche, daß er keine
735 586 2895 917 Theien ten is at alle a Osche
3993 760 4650 1041 tout en
607 817 2316 1112 Sie nie nur nicht und schul
4142 941 6288 1187 H. Croul.. 1 a seltit.. -. -
757 1009 2874 1286 Vere I. He Comit in
4355 1080 5378 1250 to lund 6 silt
4029 1052 6760 1417 Seit überstat und Herr Lüleramt.
650 1126 3023 1485 obvalle Uur le dl Ra un des
4057 1318 6181 1634 Neall fympithie die ist/.
597 1371 3016 1737 Cribun wilt gewis.. I.S.. wenn
4153 1467 6586 1830 - The Cromt - ist bevor lebbust... abe
647 1595 2959 2025 from Dr. and us J.C. do
4007 1687 6622 2021 ich taf in Recht darauf zu winen.
661 1862 2984 2242 Besubt. & son oupfled t. reis
3975 1929 6508 2249 en he wis nicht gleichzelf sein und ist
689 2114 3023 2419 + weest de Petres. Aujuget
3961 2142 6561 2508 part was gevolbigt. Sie zu hilten
4053 2352 6604 2693 de kleff Terrn... witen Mon.
2252 2352 2892 2593 my d'hieux
657 2394 1542 2732 habe...
853 2497 2892 2838 - It was ausdribent gebeten
4050 2544 6675 2927 in compté. Nombrecere. Schul a été
1677 2732 2021 2924 siderl
654 2782 2977 3172 and belief I am (with m¬
4018 2689 6881 3187 mit den Uurlaßen nicht ablegt ich
874 2956 2995 3336 Monsieur M. A. M. de Venant
4053 2931 6679 3354 gureten... die voll Curegue
785 3222 3229 3574 auf. Ich dort. Leopold. dass in
4156 3329 4494 3549 1st
4196 3233 6679 3712 He Crond, Hullel at Kopf, also bevener
742 3418 3080 3798 peu - où vingt erve sur de -
789 3645 3037 3993 doe the "Spill [illegible]
4132 3695 5233 3950 ehr aufgereibt
4334 3748 6693 4128 Heutur..  Sie abwurf nt recht
1101 3894 2604 4149 I have in part.
5030 4021 5741 4217 rung p
