7240 4632
347 759 657 1008 1 & 9
365 816 3081 1163 de terreur wiede; - or not is
390 983 3074 1333 sent in and impturat in what
412 1235 3114 1611 admul es on temot triliam. and
383 1416 3204 1817 berichtigte Josef, daß die R. in wahrz
430 1665 3031 1998 an exple bezutrcte a un Adieu
455 1925 3121 2218 de linge.. Ubod scharft ei stin an,-
459 2131 3201 2460 o ou ou
506 2312 3219 2626 eynen und dortunft repb. als daß
470 2540 3110 2832 et très tous le comte elle n, pu Erberts
495 2789 3146 3009 [illegible] d
480 3006 2771 3230 Abe wie zweit sein werde.
531 3197 3201 3533 Es lof nur I. Hof luferker Kower
488 3443 3392 3728 a Regiment; - ce pe ordre, confiné
491 3623 3110 3934 in in and trop, feel I went with
509 3836 2973 4104 auf. M. d. D. v. Kagd. heil¬
506 4057 3345 4317 in the a korn vulets i a clegle
6434 191 6651 394 12
4028 368 4404 643 Pt
4241 459 6878 831 auf einlaarfe hette... Man es mit
4223 715 6726 993 drei T zu erlebt - d escht erweisst -
4194 968 6669 1232 2de erlobttalt ; - es kund
4187 1131 6672 1431 inl hew Rertea tf hib gb
4230 1351 6658 1698 aber deeive et blas i e telle d
4259 1611 6813 1886 soe Keseigrecht ab sich gewonnen;
4241 1777 6672 2084 und selbst wei mit der ganzen
4263 1983 6647 2337 Vetterle, die von der Hei borbe
4306 2243 6752 2540 vulietr, - es was in fait has i -
4357 2525 5563 2760 jurin.
5000 2673 5195 2832 it
4443 2717 6521 2995 Jorf den mit weitersperist
4443 2908 6755 3175 Orig, at ce Herr upponen Cail
4483 3121 6849 3352 dung aussi unbei cheill. in ehe stand.
4508 3298 6640 3576 A- fait ilme en été un tet
4573 3482 6842 3735 enthaltene, dafür
4545 3674 6864 3995 bue viéger; n'est-t-il
6087 3916 6289 4180 P.
