7112 4376
771 444 3309 725 chrift duur de Scretaire beher, jeur
725 604 3038 913 in corrige Herbst or in benette
689 761 3131 1159 behen zuwen; ich sein Bericht
746 1016 3223 1361 nur d bewde ich dehe, daß
1301 1240 2374 1411 dui verbei-t-:
761 1333 3124 1628 er is in for d Enzeignent
739 1468 3241 1798 Churdin klei I doipielen zi inlver
839 1702 3241 2033 geinpt hatte, die mithin in ihm
839 1937 3365 2250 st, in dem Thory Cleif zu gereut hatt
785 2193 3255 2498 abgefallen war, in der Stenk ci in
1247 2392 1880 2566 aller bet
824 2370 3237 2697 nicht mit den 1 täusziel Elrif
810 2637 3070 2900 theill the wife. that is
871 2811 3348 3120 nacht tragende, und pflegte ihnen war
885 3085 3216 3373 in me we but went
867 3266 3383 3575 the half
1254 3447 3145 3660 in der Hoffe, daß er es trege unter in¬
906 3500 3348 3824 sich geen an eher sein ich die laut
896 3760 3337 4076 geben geben; — aber ich ich ist al belegen
1965 3970 2150 4158 P.
3817 270 6606 611 hebbab zu leist gewalt; - be et en
3813 512 6443 832 [illegible]à l'autreur aussi d'une
3778 807 6610 1016 en Elefem Rache uurtheille, au Clé
3799 970 6589 1283 de ch arche Rechte was die Frage entlet
3813 1208 6610 1567 “Was went to the kleine here but?  Du
6109 1457 6674 1635 all réjeune
3863 1471 6720 1759 Hier? - moneer hatt a rei Tintus guillet
3817 1709 6585 1965 in Clirif Monate in years we
4456 1876 5562 2072 the bridge in the
3806 1912 6361 2267 so went to einer darumile beviel
3824 2136 6478 2441 is auche... Mrs. Cinsbruit me
3806 2349 6592 2655 allgemein geworden und zubuhl dach
3902 2580 6599 2943 M'en Gujours, der einmal a quel haubt
3866 2815 6539 3124 Münche, und schon wieder
3874 3102 6521 3376 neb Copei zaleut innete waren,
3856 3348 6276 3632 wie aussiglich tämliche Stement,
3827 3511 6336 3806 des algemeurs sont alle heures, - is bei
