7048 4328
2811 72 3145 269 "
2981 239 3316 461 14
6471 280 6744 491 1o
454 396 3094 641 Dort et er nicht auf den brenwachte, — telle erwärt auch
3879 259 5110 669 I habe fat it gespielt.
4012 563 4957 761 Vor.. 211.. jehier
443 580 2988 877 in this: die von der klar, hatte ud all
3902 675 6007 870 Nein ich heb ovig tüt... falsch gespielt.
481 761 3111 1003 Brücke bornte ind einzelnde.. Er selter
3916 853 5148 1006 Her. Cromit.. somit..
488 1013 2910 1262 Er unterit Es entnef Excellenz a de
3974 938 6403 1208 nicht und ihnen aber...  + ich nur ReusR,
3926 1122 4462 1337 Sorgut..
478 1156 3166 1402 Tied meulle entwaf ein Cibetichzimt:-
4029 1255 5799 1518 Mr Thiger.. to that je je suivre -
1286 1324 2129 1504 erlegenisige.
495 1337 3063 1637 a ube die caupls him de ce dien puit
3933 1375 6413 1617 Ich habe ihr seinen lassen... Pstichlich
3981 1566 6509 1828 Herrn Hr. Rade. Ist kann sollte Steig¬
505 1549 3149 1839 zu geben hatte, wenn es isch will kle:- doch
3964 1781 4653 1948 Märter...
505 1716 3016 1972 we bevortil tromdier Aepublik -?
4063 1941 4851 2115 Uwerin.
1364 1944 1552 2071 her
566 1975 3261 2251 Ee schrieb (auf en Bag Papier)  dese ci frimils
4104 2054 6631 2371 Cai.. Èspééraient, ce su wollen.......... Ich habe  u.
495 2176 3046 2436 du Charge eblege au comté je s'est c
4001 2204 6434 2470 du ouvrage Brief, tous ces jeunes fait
2729 2299 3295 2497 cantere
4008 2364 6597 2688 resbuch. (Ebes (was but
559 2391 3067 2651 Eublan and Herewalar be; steht
2695 2514 3343 2746 gulverliek
812 2514 1139 2695 royal
4008 2575 6608 2879 restande betrachlet - so lange die
488 2599 2900 2872 da seint es i tem t'ud a deperte sie en
4025 2746 6601 3067 I do April. august for mr onlief... As
512 2732 3172 3063 Theater versit né wit de Aken
3974 2978 6550 3176 als die Herren und der Hage geben tiefs.
529 2988 3268 3244 an de Regiments in one and.. Dic. Brief
3995 3162 6475 3449 are in the joye at it wllkom
566 3149 2831 3476 sollte p alle t'ell til aif de Tins
962 3340 1139 3531 be
3978 3346 6461 3602 fehil I weelt - ind. zuvem... So
525 3387 2954 3643 liegen: - he ist. de Titich se
4353 3534 6509 3937 was a de feil; yt de avec
614 3558 3087 3834 it was a d Romonler bill.
2449 3933 2944 4111 wandt in
