7096 4376
2189 381 2369 509 a
3803 322 6266 710 Bene auf der 10 Kreis Platz
346 457 582 696 21
620 495 3121 769 up in Creis verburly.
3838 603 6335 932 - So it ced to be in the
589 724 3339 1029 Wer bring dir de Geld. presentis
3779 776 6411 1095 Wilhelm etc Hand zum Echtbied;
551 1015 3197 1282 Stte, Aullelt de Ropf..... I./.
3810 998 6519 1330 leat, - huiter; set ein xxx
4946 1198 5390 1379 =buse
537 1140 3322 1431 mute mss frit in 1/2 8 tihr.
3821 1275 6429 1524 m in und zu vergrönen, ich
759 1427 3242 1694 in de Alsertiret... wiknovem
3765 1469 6543 1760 elio mts fink θαινειαυν in Rois
1379 1635 1690 1791 and
3758 1749 6443 2051 hofriub sein:- da heiß wir an
610 1701 3336 2016 of us jyn falli begynet in.
748 1954 3249 2224 re tel.. Übrigens... la pr ick am 1.
3769 1950 6384 2283 er i/m schlie die Frage bock, durchl. A
693 2144 3169 2466 Ereichel in Eisder hilly der
3786 2189 6474 2522 Auf u der Flösse mit ein un selbst
544 2303 3124 2691 en Nordbewyis et...  Un -
3824 2487 6401 2802 seuerling wolle et bille saiten, und ging
599 2539 3097 2865 lon in Hon om nicht in Schep
3841 2705 6425 3055 twilcen Lord till to Jodele in
585 2778 2993 3131 liegen... u. leur esse.......
3855 2975 6335 3277 die Willen nicht wußt, ob a Knall etc
568 3003 2996 3346 has in Ouf ein freyend Blad
1441 3176 3183 3401 di tägl weit auf einigste so
3879 3180 6089 3505 und selbst w. geg. die Mal
2937 3291 3249 3446 relu
707 3318 3291 3675 Willy:- I don't work for only,
3966 3443 6294 3706 ründert will, allein die
724 3564 3010 3897 Gelder sondern sach, ich bei
3973 3647 6318 4001 hier best. drühlden Heil in
752 3855 3190 4136 Nubwrt out het pon the
