7128 4424
3831 223 6609 554 Et førk wil cen Ber it Homplegt... Iot plad
3792 507 6508 788 nicht le dort, xxx
1403 410 3195 817 re ce compte avait enché.
496 496 680 730 1 4
529 666 874 910 ject.
3835 644 6655 928 nun das nicht - viehnt woll: „ die u. zu danken¬
457 734 3000 1061 daß wenn l nicht ein breit gewisser mä
3842 881 6565 1144 F. P. A. Uberta    Sicatikan
374 961 2954 1392 etc Td Renner sin tr gepetre, die il
3817 1083 6346 1378 un cie, dernier à Vervallhalten et
410 1184 3043 1558 not get gehet inder Sif ce inde
3788 1281 6677 1622 we... Ich fand. D. dann ist überfl.
2238 1338 2576 1493 nle
464 1385 2997 1792 plegillit Herelganken
2738 1572 3076 1691 you
3785 1525 6594 1817 I ambr de...
518 1626 3083 1939 martuel and the intenu
3788 1687 6533 2051 né laissé lire a précie.. ou et tout ce de
547 1784 3065 2155 Person is done in de jeterke or
3806 1932 6432 2263 sich... Hof u Nam in... (Et bretl
568 2054 2878 2374 Gevere Heir uit eine reiche
3878 2184 6479 2479 -in nur fesl. Me 1002. huy d pon
612 2227 3274 2633 and habenden Geldo von Lame.
1489 2446 1903 2601 a cleu
687 2439 3119 2759 Um denn wir e jusführt sehr
3680 2428 6465 2698 (wch aus der Nächstet... ich jet
3792 2587 6483 2982 A allwollen ab die de 1er
626 2648 3238 3029 An untt der ganzen Sie mein gegen tat
1054 2849 1971 3029 ihn ernstlicht
568 2864 3155 3223 dieser geträn soll, in iuffüre Heil
3795 2820 6645 3220 let us but in in lord Comers......al
608 3061 3353 3421 in Wertesleb zu kam.
3857 3112 6454 3353 nellene brugt in den Früh nicht
608 3267 3144 3637 de telle ci sich weitlich verkauft.
3975 3356 6490 3691 Yours.... abe., il tout dont
622 3590 3029 3896 in mir ertrecht nicht unter
4191 3720 4954 4033 &c-
684 3749 2623 4126 gunn. Otto & bleib.
