<?xml version="1.0" encoding="UTF-8" standalone="yes"?>
<PcGts xmlns="http://schema.primaresearch.org/PAGE/gts/pagecontent/2013-07-15" xmlns:xsi="http://www.w3.org/2001/XMLSchema-instance" xsi:schemaLocation="http://schema.primaresearch.org/PAGE/gts/pagecontent/2013-07-15 http://schema.primaresearch.org/PAGE/gts/pagecontent/2013-07-15/pagecontent.xsd">
    <Metadata>
        <Creator>prov=READ-COOP:name=TrHtr:version=2.1.0:model_id=51170:date=14_08_2023_21:43</Creator>
        <Created>2023-05-10T14:46:41.071+02:00</Created>
        <LastChange>2023-08-14T21:43:24.214+02:00</LastChange>
        <TranskribusMetadata docId="1428677" pageId="55425227" pageNr="34" tsid="132827042" status="IN_PROGRESS" userId="64420" imgUrl="https://files.transkribus.eu/Get?id=ISLHCNWKSLBCYZQAAZIRZOOL&amp;fileType=view" xmlUrl="https://files.transkribus.eu/Get?id=VEDHOLWWIGWDXOIYGLGYFLCV" imageId="44699304"/>
    </Metadata>
    <Page imageFilename="1428677_0034.jpg" imageWidth="7224" imageHeight="4648">
        <ReadingOrder>
            <OrderedGroup id="ro_1711811221696" caption="Regions reading order">
                <RegionRefIndexed index="0" regionRef="tr_1"/>
            </OrderedGroup>
        </ReadingOrder>
        <TextRegion id="tr_1" custom="readingOrder {index:0;}">
            <Coords points="776,457 6798,457 6798,4221 776,4221"/>
            <TextLine id="tr_1_tl_1" custom="readingOrder {index:0;}">
                <Coords points="4023,549 4063,553 4096,589 4150,578 4245,607 4292,567 4354,582 4430,520 4460,531 4492,509 4591,549 4594,440 4394,360 4350,393 4194,389 4027,436"/>
                <Baseline points="4044,519 4062,525 4152,525 4241,525 4331,513 4420,513 4510,507 4600,507"/>
                <TextEquiv>
                    <Unicode>at 1 a</Unicode>
                </TextEquiv>
            </TextLine>
            <TextLine id="tr_1_tl_2" custom="readingOrder {index:1;}">
                <Coords points="6297,560 6337,546 6395,578 6424,571 6449,597 6482,589 6518,611 6548,582 6613,575 6602,440 6540,429 6493,458 6460,436 6358,466 6318,447 6289,455"/>
                <Baseline points="6314,513 6404,525 6494,531 6583,537 6619,543"/>
                <TextEquiv>
                    <Unicode>n-5</Unicode>
                </TextEquiv>
            </TextLine>
            <TextLine id="tr_1_tl_3" custom="readingOrder {index:2;}">
                <Coords points="2917,698 3015,673 3045,698 3099,687 3161,706 3186,680 3223,669 3216,502 3143,502 3132,491 3106,502 3077,484 3059,495 3030,469 2983,473 2943,495 2910,491"/>
                <Baseline points="2933,627 3022,627 3112,633 3202,633 3226,639"/>
                <TextEquiv>
                    <Unicode>11¾</Unicode>
                </TextEquiv>
            </TextLine>
            <TextLine id="tr_1_tl_4" custom="readingOrder {index:3;}">
                <Coords points="3870,724 4209,829 6184,724 6464,855 6788,760 6195,546 5096,658 4489,513 4245,607 3867,542"/>
                <Baseline points="3889,716 3978,716 4068,710 4158,716 4247,716 4337,710 4426,704 4516,704 4606,704 4695,698 4785,693 4875,693 4964,693 5054,693 5143,693 5233,698 5323,698 5412,698 5502,698 5591,698 5681,698 5771,698 5860,698 5950,704 6040,704 6129,710 6219,722 6308,728 6398,734 6488,740 6577,740 6667,746 6756,746 6798,746"/>
                <TextEquiv>
                    <Unicode>weer in müßt, die gegenbe den, wer er eyn</Unicode>
                </TextEquiv>
            </TextLine>
            <TextLine id="tr_1_tl_5" custom="readingOrder {index:4;}">
                <Coords points="3092,942 3121,946 3183,895 3252,913 3281,888 3346,873 3376,844 3397,848 3390,655 3317,698 3274,677 3230,702 3205,687 3161,702 3139,687 3081,709"/>
                <Baseline points="3106,818 3196,824 3285,830 3375,830 3405,824"/>
                <TextEquiv>
                    <Unicode>158</Unicode>
                </TextEquiv>
            </TextLine>
            <TextLine id="tr_1_tl_6" custom="readingOrder {index:5;}">
                <Coords points="753,989 1128,1091 1295,986 2459,1008 2634,913 3008,935 3015,808 2488,764 2313,844 2164,778 1695,906 757,917"/>
                <Baseline points="776,973 782,973 872,973 961,973 1051,973 1141,973 1230,979 1320,985 1409,979 1499,979 1589,973 1678,967 1768,967 1858,961 1947,961 2037,955 2126,955 2216,955 2306,943 2395,937 2485,926 2574,914 2664,908 2754,908 2843,902 2933,896 3022,896"/>
                <TextEquiv>
                    <Unicode>-  Es meer nenlid; I if he bee</Unicode>
                </TextEquiv>
            </TextLine>
            <TextLine id="tr_1_tl_7" custom="readingOrder {index:6;}">
                <Coords points="3827,1004 5129,1051 5831,938 6609,1015 6609,844 6224,877 5798,760 5296,898 4681,775 4390,884 3827,728"/>
                <Baseline points="3847,937 3937,931 4026,931 4116,931 4205,931 4295,931 4385,931 4474,926 4564,926 4653,920 4743,920 4833,914 4922,920 5012,926 5102,926 5191,931 5281,937 5370,937 5460,931 5550,926 5639,931 5729,926 5818,931 5908,937 5998,937 6087,943 6177,943 6267,949 6356,955 6446,955 6535,955 6619,949"/>
                <TextEquiv>
                    <Unicode>for inspeebt till so lächerlihi with</Unicode>
                </TextEquiv>
            </TextLine>
            <TextLine id="tr_1_tl_8" custom="readingOrder {index:7;}">
                <Coords points="2561,1066 2681,1073 2761,1037 2794,1059 2826,1037 2968,1055 3001,1026 3023,1051 3056,1044 3056,928 2961,935 2895,909 2834,949 2786,928 2750,949 2648,913 2561,931"/>
                <Baseline points="2580,1039 2616,1033 2706,1033 2795,1027 2885,1027 2975,1027 3064,1027"/>
                <TextEquiv>
                    <Unicode>T in all</Unicode>
                </TextEquiv>
            </TextLine>
            <TextLine id="tr_1_tl_9" custom="readingOrder {index:8;}">
                <Coords points="898,1160 1244,1146 1721,1259 2408,1139 3066,1164 3070,1066 2499,1008 2197,1102 1768,975 1488,1073 902,1055"/>
                <Baseline points="920,1141 926,1141 1015,1147 1105,1147 1194,1153 1284,1147 1374,1153 1463,1153 1553,1153 1642,1153 1732,1153 1822,1153 1911,1147 2001,1141 2091,1141 2180,1135 2270,1135 2359,1129 2449,1117 2539,1117 2628,1117 2718,1123 2807,1117 2897,1123 2987,1123 3076,1129"/>
                <TextEquiv>
                    <Unicode>vod er ue tes wei...</Unicode>
                </TextEquiv>
            </TextLine>
            <TextLine id="tr_1_tl_10" custom="readingOrder {index:9;}">
                <Coords points="3939,1142 4638,1266 5845,1168 6053,1233 6507,1179 6507,957 5995,1000 5780,1120 5580,1040 5096,1091 4947,1000 3939,1062"/>
                <Baseline points="3960,1135 4050,1135 4140,1141 4229,1135 4319,1135 4409,1141 4498,1135 4588,1135 4677,1129 4767,1135 4857,1135 4946,1129 5036,1135 5125,1135 5215,1135 5305,1141 5394,1141 5484,1141 5574,1141 5663,1147 5753,1153 5842,1153 5932,1147 6022,1153 6111,1153 6201,1153 6290,1153 6380,1159 6470,1159 6517,1164"/>
                <TextEquiv>
                    <Unicode>von erfüllt ist ein dritte etc</Unicode>
                </TextEquiv>
            </TextLine>
            <TextLine id="tr_1_tl_11" custom="readingOrder {index:10;}">
                <Coords points="902,1411 1357,1390 1637,1462 1946,1350 2070,1404 2317,1324 2794,1313 2786,1251 2648,1273 2470,1164 1721,1259 1488,1186 906,1193"/>
                <Baseline points="926,1320 1009,1320 1099,1320 1188,1326 1278,1326 1368,1332 1457,1332 1547,1332 1636,1332 1726,1332 1816,1326 1905,1326 1995,1320 2085,1320 2174,1320 2264,1314 2353,1302 2443,1302 2533,1296 2622,1302 2712,1296 2801,1302"/>
                <TextEquiv>
                    <Unicode>würde ich glücklich kein.</Unicode>
                </TextEquiv>
            </TextLine>
            <TextLine id="tr_1_tl_12" custom="readingOrder {index:11;}">
                <Coords points="3928,1375 5260,1470 5693,1368 5827,1444 6355,1364 6355,1233 5845,1168 5314,1273 3928,1240"/>
                <Baseline points="3949,1314 4038,1320 4128,1326 4217,1326 4307,1332 4397,1332 4486,1332 4576,1332 4665,1338 4755,1338 4845,1332 4934,1338 5024,1338 5113,1338 5203,1338 5293,1344 5382,1344 5472,1344 5562,1344 5651,1338 5741,1344 5830,1332 5920,1332 6010,1338 6099,1332 6189,1332 6278,1338 6362,1338"/>
                <TextEquiv>
                    <Unicode>wieder, wollte und. (erfüllte¬</Unicode>
                </TextEquiv>
            </TextLine>
            <TextLine id="tr_1_tl_13" custom="readingOrder {index:12;}">
                <Coords points="1153,1608 3361,1571 3368,1313 1942,1477 1284,1360 1157,1444"/>
                <Baseline points="1176,1535 1218,1535 1308,1535 1397,1541 1487,1547 1577,1553 1666,1553 1756,1547 1846,1553 1935,1547 2025,1541 2114,1535 2204,1529 2294,1529 2383,1523 2473,1517 2562,1511 2652,1505 2742,1499 2831,1493 2921,1487 3011,1481 3100,1487 3190,1493 3279,1505 3369,1511"/>
                <TextEquiv>
                    <Unicode>Konk.  M. woll auf Vriesenden.</Unicode>
                </TextEquiv>
            </TextLine>
            <TextLine id="tr_1_tl_14" custom="readingOrder {index:13;}">
                <Coords points="3965,1615 5209,1542 5420,1637 6038,1637 6628,1593 6628,1437 6238,1390 5758,1495 5522,1400 5303,1495 4198,1368 3965,1451"/>
                <Baseline points="3984,1517 4074,1529 4164,1535 4253,1535 4343,1541 4432,1541 4522,1547 4612,1547 4701,1547 4791,1547 4880,1547 4970,1547 5060,1547 5149,1547 5239,1541 5329,1535 5418,1529 5508,1529 5597,1529 5687,1529 5777,1529 5866,1529 5956,1529 6045,1529 6135,1529 6225,1535 6314,1535 6404,1547 6494,1553 6583,1553 6637,1559"/>
                <TextEquiv>
                    <Unicode>mit lrechteil xyz E.</Unicode>
                </TextEquiv>
            </TextLine>
            <TextLine id="tr_1_tl_15" custom="readingOrder {index:14;}">
                <Coords points="2557,1688 2590,1699 2626,1677 2663,1702 2692,1691 2717,1710 2743,1695 2779,1702 2772,1560 2724,1564 2703,1579 2674,1557 2655,1571 2630,1571 2597,1553 2575,1579 2550,1582"/>
                <Baseline points="2574,1666 2664,1672 2754,1678 2789,1672"/>
                <TextEquiv>
                    <Unicode>over</Unicode>
                </TextEquiv>
            </TextLine>
            <TextLine id="tr_1_tl_16" custom="readingOrder {index:15;}">
                <Coords points="4085,1815 4281,1742 6537,1782 6537,1626 5813,1655 5642,1579 5413,1702 4729,1706 4085,1571"/>
                <Baseline points="4104,1720 4193,1726 4283,1732 4373,1738 4462,1744 4552,1744 4642,1738 4731,1744 4821,1738 4910,1738 5000,1744 5090,1738 5179,1738 5269,1738 5358,1738 5448,1732 5538,1726 5627,1720 5717,1720 5807,1720 5896,1726 5986,1720 6075,1720 6165,1720 6255,1720 6344,1726 6434,1732 6523,1738 6547,1738"/>
                <TextEquiv>
                    <Unicode>tied en er noch ein Nängeven der</Unicode>
                </TextEquiv>
            </TextLine>
            <TextLine id="tr_1_tl_17" custom="readingOrder {index:16;}">
                <Coords points="978,1855 2499,1877 2815,1793 3456,1873 3459,1655 3299,1615 3056,1768 2419,1637 2244,1742 982,1648"/>
                <Baseline points="997,1822 1087,1822 1176,1828 1266,1828 1356,1834 1445,1834 1535,1834 1625,1834 1714,1834 1804,1834 1893,1822 1983,1816 2073,1816 2162,1810 2252,1810 2341,1804 2431,1804 2521,1798 2610,1792 2700,1792 2789,1792 2879,1792 2969,1798 3058,1798 3148,1804 3238,1810 3327,1828 3417,1840 3465,1840"/>
                <TextEquiv>
                    <Unicode>Ils un seltres forte de vuivers a leurent</Unicode>
                </TextEquiv>
            </TextLine>
            <TextLine id="tr_1_tl_18" custom="readingOrder {index:17;}">
                <Coords points="4070,1946 4969,2015 5354,1921 5798,2001 6206,1895 6526,1946 6526,1801 4070,1811"/>
                <Baseline points="4092,1887 4182,1893 4271,1899 4361,1905 4450,1911 4540,1917 4630,1917 4719,1917 4809,1911 4898,1905 4988,1905 5078,1905 5167,1911 5257,1911 5346,1911 5436,1899 5526,1899 5615,1899 5705,1899 5795,1899 5884,1899 5974,1893 6063,1893 6153,1893 6243,1899 6332,1899 6422,1899 6511,1905 6535,1905"/>
                <TextEquiv>
                    <Unicode>duist u.m. schriebst geecket, at den</Unicode>
                </TextEquiv>
            </TextLine>
            <TextLine id="tr_1_tl_19" custom="readingOrder {index:18;}">
                <Coords points="1928,1972 1990,1950 1997,1957 2022,1935 2055,1939 2073,1921 2095,1935 2106,1928 2153,1979 2186,1975 2190,1826 2153,1830 2121,1811 1997,1884 1968,1870 1932,1877"/>
                <Baseline points="1953,1923 2019,1917 2108,1917 2198,1917"/>
                <TextEquiv>
                    <Unicode>veile</Unicode>
                </TextEquiv>
            </TextLine>
            <TextLine id="tr_1_tl_20" custom="readingOrder {index:19;}">
                <Coords points="978,2030 1801,2033 1917,2110 2015,2037 2630,1993 2732,2073 3212,2001 3216,1910 2590,1851 2270,1972 1822,1902 1590,1990 982,1851"/>
                <Baseline points="997,2019 1069,2019 1159,2019 1248,2019 1338,2019 1427,2019 1517,2025 1607,2019 1696,2019 1786,2019 1875,2013 1965,2013 2055,2013 2144,2013 2234,2013 2324,2001 2413,1989 2503,1983 2592,1977 2682,1977 2772,1977 2861,1971 2951,1971 3040,1977 3130,1983 3220,1977"/>
                <TextEquiv>
                    <Unicode>de trof leget i of Stuk Baro.</Unicode>
                </TextEquiv>
            </TextLine>
            <TextLine id="tr_1_tl_21" custom="readingOrder {index:20;}">
                <Coords points="4056,2164 4209,2102 5358,2153 5682,2052 6442,2102 6446,2019 6144,1942 4958,2019 4445,1953 4056,2052"/>
                <Baseline points="4074,2091 4122,2091 4211,2091 4301,2091 4391,2091 4480,2091 4570,2085 4659,2085 4749,2085 4839,2079 4928,2079 5018,2079 5108,2079 5197,2079 5287,2073 5376,2067 5466,2067 5556,2061 5645,2055 5735,2049 5824,2049 5914,2049 6004,2049 6093,2049 6183,2055 6273,2061 6362,2073 6452,2067"/>
                <TextEquiv>
                    <Unicode>en T i cts si onge-ils et :- u lec</Unicode>
                </TextEquiv>
            </TextLine>
            <TextLine id="tr_1_tl_22" custom="readingOrder {index:21;}">
                <Coords points="1044,2241 1459,2259 1797,2164 3150,2212 3216,2081 1048,2066"/>
                <Baseline points="1063,2222 1069,2216 1159,2216 1248,2216 1338,2210 1427,2204 1517,2198 1607,2192 1696,2180 1786,2162 1875,2162 1965,2168 2055,2168 2144,2162 2234,2162 2324,2156 2413,2162 2503,2156 2592,2162 2682,2156 2772,2156 2861,2156 2951,2162 3040,2162 3130,2156 3220,2156"/>
                <TextEquiv>
                    <Unicode>de Ham. Es wer. très nouvelé avant</Unicode>
                </TextEquiv>
            </TextLine>
            <TextLine id="tr_1_tl_23" custom="readingOrder {index:22;}">
                <Coords points="4009,2277 4445,2357 5125,2277 5358,2361 6056,2248 6642,2335 6649,2095 5784,2081 5576,2201 5169,2124 4601,2226 4012,2168"/>
                <Baseline points="4032,2276 4056,2276 4146,2276 4235,2282 4325,2282 4415,2282 4504,2282 4594,2282 4683,2282 4773,2270 4863,2264 4952,2264 5042,2258 5131,2258 5221,2258 5311,2252 5400,2252 5490,2246 5579,2240 5669,2234 5759,2234 5848,2228 5938,2222 6028,2234 6117,2228 6207,2234 6296,2240 6386,2240 6476,2246 6565,2246 6655,2252"/>
                <TextEquiv>
                    <Unicode>de la voir Héocle.  ce hlea Vous y respé</Unicode>
                </TextEquiv>
            </TextLine>
            <TextLine id="tr_1_tl_24" custom="readingOrder {index:23;}">
                <Coords points="1026,2401 1684,2437 2263,2313 3186,2361 3245,2223 2925,2270 2768,2182 2055,2273 1811,2161 1288,2303 1026,2288"/>
                <Baseline points="1045,2371 1099,2371 1188,2371 1278,2365 1368,2353 1457,2353 1547,2347 1636,2341 1726,2324 1816,2318 1905,2318 1995,2312 2085,2312 2174,2306 2264,2306 2353,2300 2443,2300 2533,2300 2622,2294 2712,2300 2801,2306 2891,2306 2981,2318 3070,2324 3160,2329 3250,2335"/>
                <TextEquiv>
                    <Unicode>mir ein Ritter verclarenter</Unicode>
                </TextEquiv>
            </TextLine>
            <TextLine id="tr_1_tl_25" custom="readingOrder {index:24;}">
                <Coords points="4038,2528 5358,2415 5642,2503 6216,2426 6369,2499 6467,2466 6471,2339 5656,2299 5380,2372 5118,2281 4460,2397 4045,2317"/>
                <Baseline points="4062,2467 4146,2467 4235,2467 4325,2467 4415,2455 4504,2449 4594,2449 4683,2437 4773,2431 4863,2425 4952,2419 5042,2419 5131,2419 5221,2419 5311,2419 5400,2413 5490,2413 5579,2407 5669,2413 5759,2407 5848,2407 5938,2407 6028,2413 6117,2413 6207,2407 6296,2407 6386,2413 6476,2413"/>
                <TextEquiv>
                    <Unicode>tett, de le vif i Uns juge lut</Unicode>
                </TextEquiv>
            </TextLine>
            <TextLine id="tr_1_tl_26" custom="readingOrder {index:25;}">
                <Coords points="1015,2594 3172,2506 3285,2408 2575,2324 2492,2383 2182,2324 1742,2466 1026,2386"/>
                <Baseline points="1039,2556 1051,2551 1141,2545 1230,2545 1320,2539 1409,2539 1499,2539 1589,2533 1678,2527 1768,2521 1858,2521 1947,2515 2037,2509 2126,2509 2216,2503 2306,2491 2395,2485 2485,2479 2574,2473 2664,2467 2754,2473 2843,2473 2933,2473 3022,2473 3112,2473 3202,2473 3291,2479"/>
                <TextEquiv>
                    <Unicode>très avant juillet.... de lui couleur</Unicode>
                </TextEquiv>
            </TextLine>
            <TextLine id="tr_1_tl_27" custom="readingOrder {index:26;}">
                <Coords points="4056,2714 5176,2579 6344,2594 6413,2495 5384,2528 4936,2430 4067,2550"/>
                <Baseline points="4080,2652 4086,2652 4176,2652 4265,2652 4355,2652 4444,2652 4534,2646 4624,2640 4713,2622 4803,2610 4892,2604 4982,2598 5072,2586 5161,2574 5251,2568 5341,2568 5430,2568 5520,2568 5609,2562 5699,2568 5789,2562 5878,2556 5968,2556 6057,2551 6147,2556 6237,2562 6326,2562 6416,2556"/>
                <TextEquiv>
                    <Unicode>weil a de en kommend de en</Unicode>
                </TextEquiv>
            </TextLine>
            <TextLine id="tr_1_tl_28" custom="readingOrder {index:27;}">
                <Coords points="1000,2757 1371,2815 2877,2666 3350,2717 3437,2695 3441,2557 3241,2608 2826,2481 2452,2572 1997,2521 1739,2641 1008,2590"/>
                <Baseline points="1021,2712 1027,2724 1117,2718 1206,2718 1296,2718 1386,2718 1475,2718 1565,2706 1654,2706 1744,2706 1834,2700 1923,2694 2013,2688 2102,2682 2192,2682 2282,2682 2371,2676 2461,2676 2551,2670 2640,2664 2730,2664 2819,2658 2909,2658 2999,2652 3088,2652 3178,2652 3267,2646 3357,2646 3447,2646"/>
                <TextEquiv>
                    <Unicode>Seere by der Tij in A. - de no</Unicode>
                </TextEquiv>
            </TextLine>
            <TextLine id="tr_1_tl_29" custom="readingOrder {index:28;}">
                <Coords points="4194,2852 4842,2881 5303,2768 5569,2841 5911,2743 6246,2823 6471,2743 6475,2641 5722,2710 5082,2604 4983,2677 4201,2703"/>
                <Baseline points="4217,2813 4241,2813 4331,2813 4420,2813 4510,2813 4600,2807 4689,2795 4779,2795 4869,2789 4958,2784 5048,2778 5137,2772 5227,2766 5317,2760 5406,2754 5496,2754 5585,2748 5675,2748 5765,2742 5854,2742 5944,2742 6034,2736 6123,2736 6213,2736 6302,2736 6392,2730 6482,2730"/>
                <TextEquiv>
                    <Unicode>in de bestes Chiell. foi eine ander</Unicode>
                </TextEquiv>
            </TextLine>
            <TextLine id="tr_1_tl_30" custom="readingOrder {index:29;}">
                <Coords points="1091,2961 1811,2892 2208,2946 2979,2823 3270,2885 3350,2746 2437,2721 2081,2819 1604,2750 1302,2841 1099,2754"/>
                <Baseline points="1111,2891 1200,2903 1290,2903 1380,2897 1469,2897 1559,2897 1648,2891 1738,2879 1828,2879 1917,2873 2007,2873 2096,2867 2186,2861 2276,2861 2365,2855 2455,2849 2545,2843 2634,2837 2724,2837 2813,2831 2903,2831 2993,2825 3082,2825 3172,2825 3261,2837 3351,2837"/>
                <TextEquiv>
                    <Unicode>in com Kne jegäur es dank- un</Unicode>
                </TextEquiv>
            </TextLine>
            <TextLine id="tr_1_tl_31" custom="readingOrder {index:30;}">
                <Coords points="4107,3037 4325,3128 5343,2975 6384,3023 6395,2794 5936,2743 5624,2874 4914,2845 4110,2965"/>
                <Baseline points="4128,3022 4158,3028 4247,3022 4337,3017 4426,3011 4516,3011 4606,3005 4695,2999 4785,2993 4875,2993 4964,2987 5054,2987 5143,2981 5233,2981 5323,2975 5412,2975 5502,2963 5591,2963 5681,2957 5771,2957 5860,2957 5950,2951 6040,2957 6129,2951 6219,2951 6308,2951 6398,2957"/>
                <TextEquiv>
                    <Unicode>espellt sich a de Spiell</Unicode>
                </TextEquiv>
            </TextLine>
            <TextLine id="tr_1_tl_32" custom="readingOrder {index:31;}">
                <Coords points="997,3125 1560,3077 1764,3143 2466,3001 3277,3041 3285,2874 3005,2819 2390,2950 1808,2892 1502,3005 1008,2979"/>
                <Baseline points="1021,3082 1051,3082 1141,3082 1230,3076 1320,3070 1409,3070 1499,3064 1589,3058 1678,3052 1768,3046 1858,3034 1947,3034 2037,3022 2126,3017 2216,3011 2306,3005 2395,3005 2485,2999 2574,2999 2664,2993 2754,2993 2843,2981 2933,2975 3022,2975 3112,2969 3202,2963 3291,2969"/>
                <TextEquiv>
                    <Unicode>abduresch us treves mer - de F.</Unicode>
                </TextEquiv>
            </TextLine>
            <TextLine id="tr_1_tl_33" custom="readingOrder {index:32;}">
                <Coords points="1051,3310 1881,3306 2735,3179 3128,3230 3139,3041 1702,3121 1531,3197 1062,3121"/>
                <Baseline points="1075,3250 1081,3250 1170,3255 1260,3255 1350,3255 1439,3255 1529,3250 1619,3244 1708,3238 1798,3226 1887,3220 1977,3220 2067,3208 2156,3196 2246,3196 2335,3196 2425,3190 2515,3184 2604,3184 2694,3178 2784,3178 2873,3172 2963,3166 3052,3160 3142,3154"/>
                <TextEquiv>
                    <Unicode>a deux E. de... de l'etelleur une</Unicode>
                </TextEquiv>
            </TextLine>
            <TextLine id="tr_1_tl_34" custom="readingOrder {index:33;}">
                <Coords points="4165,3310 4787,3190 4922,3266 5092,3205 5758,3303 6122,3201 6384,3237 6387,3117 5609,3034 4172,3136"/>
                <Baseline points="4187,3220 4241,3220 4331,3220 4420,3214 4510,3214 4600,3202 4689,3202 4779,3190 4869,3190 4958,3190 5048,3190 5137,3184 5227,3184 5317,3178 5406,3178 5496,3184 5585,3184 5675,3178 5765,3178 5854,3172 5944,3172 6034,3166 6123,3172 6213,3172 6302,3172 6392,3178"/>
                <TextEquiv>
                    <Unicode>gent - ein einige Vorlaftung</Unicode>
                </TextEquiv>
            </TextLine>
            <TextLine id="tr_1_tl_35" custom="readingOrder {index:34;}">
                <Coords points="1088,3496 1277,3547 1622,3441 2052,3507 2543,3379 3216,3434 3223,3303 2412,3194 1582,3383 1404,3288 1095,3365"/>
                <Baseline points="1111,3447 1164,3447 1254,3447 1344,3447 1433,3441 1523,3441 1613,3435 1702,3429 1792,3423 1881,3417 1971,3411 2061,3405 2150,3399 2240,3393 2329,3387 2419,3381 2509,3375 2598,3375 2688,3375 2778,3375 2867,3369 2957,3363 3046,3369 3136,3369 3226,3375"/>
                <TextEquiv>
                    <Unicode>Havius gestenden wäre.</Unicode>
                </TextEquiv>
            </TextLine>
            <TextLine id="tr_1_tl_36" custom="readingOrder {index:35;}">
                <Coords points="4121,3419 4452,3492 5187,3401 5354,3481 5554,3416 6395,3448 6395,3332 6086,3230 5664,3372 5183,3234 4121,3328"/>
                <Baseline points="4140,3405 4229,3399 4319,3405 4409,3405 4498,3399 4588,3399 4677,3399 4767,3405 4857,3399 4946,3399 5036,3399 5125,3405 5215,3399 5305,3399 5394,3405 5484,3405 5574,3405 5663,3405 5753,3399 5842,3399 5932,3399 6022,3405 6111,3399 6201,3405 6290,3405 6380,3411 6404,3411"/>
                <TextEquiv>
                    <Unicode>in us Guelitut in m is tp. d toi</Unicode>
                </TextEquiv>
            </TextLine>
            <TextLine id="tr_1_tl_37" custom="readingOrder {index:36;}">
                <Coords points="1124,3714 1600,3605 2124,3714 2273,3605 3070,3648 3281,3590 3285,3474 2190,3536 1586,3441 1357,3539 1131,3517"/>
                <Baseline points="1147,3620 1230,3620 1320,3620 1409,3614 1499,3608 1589,3608 1678,3602 1768,3602 1858,3602 1947,3602 2037,3602 2126,3602 2216,3596 2306,3596 2395,3590 2485,3590 2574,3584 2664,3578 2754,3578 2843,3578 2933,3572 3022,3572 3112,3566 3202,3566 3291,3566"/>
                <TextEquiv>
                    <Unicode>we do mÿ juissement</Unicode>
                </TextEquiv>
            </TextLine>
            <TextLine id="tr_1_tl_38" custom="readingOrder {index:37;}">
                <Coords points="4179,3710 4412,3623 5314,3674 6526,3565 5554,3419 5293,3514 4183,3539"/>
                <Baseline points="4199,3644 4289,3626 4379,3626 4468,3620 4558,3620 4648,3620 4737,3626 4827,3620 4916,3614 5006,3614 5096,3614 5185,3602 5275,3608 5364,3602 5454,3608 5544,3602 5633,3602 5723,3602 5812,3602 5902,3596 5992,3596 6081,3596 6171,3596 6261,3596 6350,3596 6440,3596 6529,3602"/>
                <TextEquiv>
                    <Unicode>prælter; - seien Ritel...</Unicode>
                </TextEquiv>
            </TextLine>
            <TextLine id="tr_1_tl_39" custom="readingOrder {index:38;}">
                <Coords points="1131,3823 1328,3798 1539,3907 1808,3787 1924,3852 2648,3776 3237,3819 3299,3656 2524,3648 1979,3750 1415,3641 1135,3725"/>
                <Baseline points="1153,3799 1159,3799 1248,3793 1338,3787 1427,3787 1517,3781 1607,3787 1696,3787 1786,3781 1875,3787 1965,3787 2055,3781 2144,3781 2234,3781 2324,3781 2413,3781 2503,3781 2592,3781 2682,3775 2772,3769 2861,3763 2951,3763 3040,3757 3130,3757 3220,3751 3309,3745"/>
                <TextEquiv>
                    <Unicode>unbegien, argulich, daß ich</Unicode>
                </TextEquiv>
            </TextLine>
            <TextLine id="tr_1_tl_40" custom="readingOrder {index:39;}">
                <Coords points="4201,3874 6086,3805 6136,3601 4201,3739"/>
                <Baseline points="4223,3799 4259,3793 4349,3793 4438,3799 4528,3799 4618,3805 4707,3805 4797,3805 4886,3805 4976,3805 5066,3805 5155,3799 5245,3793 5335,3787 5424,3787 5514,3793 5603,3793 5693,3787 5783,3787 5872,3787 5962,3781 6051,3775 6141,3763"/>
                <TextEquiv>
                    <Unicode>nicht - gerett, - mit mich.</Unicode>
                </TextEquiv>
            </TextLine>
            <TextLine id="tr_1_tl_41" custom="readingOrder {index:40;}">
                <Coords points="4318,4121 5165,4023 5525,4081 5780,3987 6689,4001 6693,3801 6311,3739 4816,3958 4325,3918"/>
                <Baseline points="4343,4044 4367,4044 4456,4038 4546,4026 4636,4020 4725,4020 4815,4014 4904,4008 4994,4008 5084,4002 5173,4002 5263,4002 5352,3996 5442,3996 5532,3996 5621,3990 5711,3990 5801,3984 5890,3984 5980,3984 6069,3984 6159,3984 6249,3984 6338,3978 6428,3966 6517,3960 6607,3954 6697,3949"/>
                <TextEquiv>
                    <Unicode>Grull empotten zu sehil verkauf s.</Unicode>
                </TextEquiv>
            </TextLine>
            <TextLine id="tr_1_tl_42" custom="readingOrder {index:41;}">
                <Coords points="1160,3987 1531,4074 2001,3998 2252,4078 2543,3969 3139,4016 3139,3878 2892,3827 2430,3914 1797,3787 1564,3903 1160,3888"/>
                <Baseline points="1182,3960 1272,3960 1362,3966 1451,3966 1541,3966 1630,3972 1720,3978 1810,3978 1899,3978 1989,3972 2079,3966 2168,3966 2258,3960 2347,3960 2437,3960 2527,3960 2616,3960 2706,3960 2795,3960 2885,3960 2975,3960 3064,3966 3148,3966"/>
                <TextEquiv>
                    <Unicode>von plosse uns aller</Unicode>
                </TextEquiv>
            </TextLine>
            <TextLine id="tr_1_tl_43" custom="readingOrder {index:42;}">
                <Coords points="5023,4190 5169,4212 5311,4194 5369,4220 5587,4139 5638,4183 5769,4201 5776,4059 5678,4038 5525,4081 5493,4056 5362,4052 5336,4078 5260,4056 5183,4110 5031,4096"/>
                <Baseline points="5048,4170 5060,4170 5149,4164 5239,4164 5329,4158 5418,4146 5508,4140 5597,4134 5687,4128 5777,4134"/>
                <TextEquiv>
                    <Unicode>une poésie</Unicode>
                </TextEquiv>
            </TextLine>
            <TextLine id="tr_1_tl_44" custom="readingOrder {index:43;}">
                <Coords points="1160,4238 1742,4314 2037,4176 2255,4179 2495,4252 3052,4201 3314,4285 3310,4063 2557,4012 2226,4070 2030,3998 1724,4096 1160,3987"/>
                <Baseline points="1182,4164 1272,4170 1362,4176 1451,4176 1541,4182 1630,4182 1720,4182 1810,4176 1899,4176 1989,4170 2079,4170 2168,4170 2258,4170 2347,4170 2437,4176 2527,4176 2616,4176 2706,4176 2795,4182 2885,4187 2975,4193 3064,4199 3154,4205 3244,4205 3321,4211"/>
                <TextEquiv>
                    <Unicode>bey brünstende - die erleichs</Unicode>
                </TextEquiv>
            </TextLine>
        </TextRegion>
    </Page>
</PcGts>
