7160 4504
5584 143 5878 365 .1.
6389 225 6708 430 115.
4181 212 4692 475 ..
2843 446 3106 606 in
6571 472 6858 664 117
469 528 2699 768 nédit, l'exempler-ci,
4087 466 6539 755 hat er in Reite in rothen Jagdfr —
462 684 2921 1006 P.M.    "   Hein, wd Civind wobst
4087 710 6311 889 vieb, de uber u Nierenst.
1062 869 2195 1009 in die Ein Ficeloffen
5936 801 6734 990 proque, luteur,
4129 869 6457 1136 Neu tientem.. Her ticule i bege der
655 935 2745 1221 of us to in
4057 1022 6399 1361 Lisnil, al wie u. ein Tres beginne
498 1162 2833 1368 Lovial I hirbel cebot out was but.
547 1338 2719 1543 al Schreiblich, als e kam, bezeugt is
4106 1286 6242 1583 wollt. in was the it was in
511 1504 2735 1778 Fraud - ohne indeilen Eerlage - aan ich
4103 1491 5998 1752 un Handfew jut.
1052 1680 2839 1970 "    "   The rat   [illegible]
4103 1710 6301 1970 the Croml. regt kon.. I
511 1732 957 2006 Sidels
544 1889 3162 2133 go in i.e tive, - ciw in elegen, alluen
4044 1872 6232 2130 de sud il in beglichene I fil
622 2058 3012 2338 Herrnogieren, mit derholptem Hiebel -
4067 2091 5809 2351 & jein..  Le Cromlmitt
635 2247 3067 2520 Spertht in A Chasr. en eerste guln
4122 2289 6096 2494 siturf to leid in bifhlan
628 2416 2895 2657 nordlern verhär uitler tritte,- u
4002 2478 6392 2771 brister.....  to Corubtell dea
795 2615 1677 2765 Ihr samt breive
628 2686 3064 2866 in Ach Iustière, die at at hall jours
4083 2778 6265 3006 rewundi. Ich hei weiß nenle
700 2771 2992 3093 perhoben m in Thure ind Rckme
664 2983 2810 3260 terehent... Soude Rmeul met -
4298 2937 6223 3220 J. Berlient, Taf ist... de
4442 3116 4728 3279 Nibe
713 3201 2836 3474 va eu souke; - mie ce qui se
4214 3181 6324 3458 Sinn mit etzem tol.
4243 3360 6464 3627 if a in begreiflichen bestr.
814 3377 3038 3663 Sr. Oveart; - Art, wie ne namill
772 3611 2449 3904 Nurbr décourent hatt.
4256 3572 6327 3911 He Comt shall it do Re. I
