7112 4296
585 528 788 806 "  T
899 514 3399 859 um den Namen kleine mitgetrungen.
792 770 3281 1070 Ibe konnte es sich jetzt entfern! Ein
674 970 3274 1266 witt. Er hatt zu gleich, Beginn zuerst
710 1116 3195 1387 andere bemerkt, dass er nie Nesich
731 1330 3160 1601 si wurde halb ou leur eschent
720 1519 3270 1912 de Jilegabeil, d'Elrif ntuhol;
710 1730 3110 1979 um sich in theil z begeben, und er
738 1901 3174 2215 in ein Polle blick seyt war, einen so glück
745 2125 3245 2414 Stellgast si quel hatt, - en bewis t-il
738 2354 3088 2621 de Jilegendert in bevindel
706 2571 3249 2814 mit zu Schule, u heil, die, entrei
756 2775 3128 3028 Om ich nicht -  Entschuldig tille -
781 2964 3135 3220 2nd wollte aufstets.
749 3202 2974 3456 triven ich aber aufforderte, der
781 3402 3106 3659 Alchleiss in Bart zugeben
749 3602 2974 3891 auft en et, al deux. en
827 3755 2849 4076 erbleten; - er haben gehört,
856 3930 1619 4190 ricv. Plat
1701 3998 3038 4187 -  -   oulos,  en Bélès
3784 282 6662 706 He is due Cemblent might from it bevented.
3770 524 6330 774 ad ech übel mit untermal, mit beim
3741 681 6437 1020 Noft heil, ja, nicht an, als theilen is
3762 881 6362 1280 sous bessere leid, will ve d Fait.
3777 1120 6401 1455 the but of him, so liep de troôté
3741 1316 6483 1648 keit offen, daß er xyz in später leben
3737 1505 6038 1872 werde wir hin würde; -
3741 1690 6487 2118 -ieds en jours, folgte et un de Blucks de
3737 1961 6366 2300 sondern die möchte mit wehren, —
4037 2011 4461 2158 Rang
3787 2158 6473 2482 nie de Bli d Cromt de in Kait,
3823 2379 6359 2700 avec de onde selver étre très
3848 2603 6184 2803 Hi es & wenn schon schreiben so ich
5374 2735 5642 2871 was
3887 2760 6309 3096 de theil betieft, daß sämlich auch
3852 2992 6245 3281 sonst geben, ilt mir;  -  nieder Blick
5417 3156 5874 3334 merham.
3905 3185 6123 3520 und in damit zu erkennen.
3855 3427 6166 3716 sich, ehe, daß ihn, weil
3934 3591 6252 3905 Umbelung einsfand, in der Flich der
