3736 4232
578 241 766 479 18
1400 248 3233 588 "    "  Da til had been
631 358 1411 709 supfleille
482 610 3183 900 medi in, - set anbefoyen, ue haller
2421 723 3361 939 gegene et Mili
2145 776 2361 936 7
521 815 3371 1138 in wittel isk vor den Spiegel die Trin
1071 1010 2747 1266 I know it in a lyarill to
471 1110 3074 1418 Wt t he lwnt kunnenis ant i
571 1390 3222 1670 percepl un vie... ai il ait né
525 1528 3088 1904 Naller.  and if Plaly wiber it
620 1914 3215 2269 einwaten, wie ein Eigelbe xxx...
2244 2067 2673 2265 teil je
617 2141 3350 2513 Branper, wo er is ich lag will jenenr
588 2425 2946 2705 in - kla plokint on en
2730 2598 3020 2900 dire
1110 2659 2684 2953 Th'unter lord -
599 2694 1042 2882 Cher
588 2886 3024 3166 me haut du cnt un trèse f oglé un
638 3098 2879 3506 Wils - in Ode gi. to fiel it
1726 3417 2971 3690 yours a vertu
695 3393 1712 3701 derp is je on e
748 3598 3375 3889 a [illegible].  Mrs. Espill.. Teit
