7128 4440
3818 349 4188 623 142
3857 430 6245 867 kleur lep sie qui en
2677 514 2966 708 141
102 546 2603 1011 <gap/> the con
3850 602 6393 1110 Spef, der auch eer recht üble
113 849 2941 1240 will day si etc. et hall.
3829 870 6235 1423 Gewiennen. Weil is it
88 1029 2860 1455 not je gefelle louer... Ge;-
3797 1191 6393 1649 Weg i c. jede telle... ik
113 1286 2674 1684 it avd jong ou rdmittler at
3843 1479 6499 1877 sante de ceci ine mon ne
127 1532 2903 1927 Sterlung gesellt hatt: - et vous a
3875 1733 6608 2149 -ne tell it prettet
137 1751 2846 2177 de sebivaller Haal cotje
3780 1994 6555 2423 in the corrne jette bell
166 1997 2874 2427 do to dorbe havnt with
173 2230 2906 2663 heni Toutz tügeb............ Novid
3801 2202 6513 2589 so wäre er ebeicht weis; u zwar
240 2476 2853 2959 stleied.. die Stmerk. trouv
3762 2490 6601 2917 in Jusambourg wil ihr spefs.
215 2681 2917 3315 Mr de ce gerellet me - de
3780 2719 6474 3213 tent bez. avec une Marer,
180 2969 2952 3449 "dis 11. 1/2  Juli Will Sheil
3878 2977 6559 3385 weil. u i. h. ik ouliett en   Sille.
268 3258 2977 3766 sword over  -    non-havenl in
3977 3230 6693 3611 die. 11. können die als Kippel
296 3565 2927 4012 nil wel de   onl ikwend af
4016 3544 6295 3847 est certe fiebema est  gelt
557 3794 2917 4350 the let was with
4738 3727 6679 4037 Von nie beisst so
3970 3861 4502 4160 dare
