6840 4360
467 280 2931 726 Ald pam de J. Blieht
531 623 3225 1030 rieber... an kein Rolschal
503 924 3108 1292 ist... id hatt mir ja amt
478 1158 3218 1526 dieu noch überlegt. ich der erben
538 1381 3175 1791 Werk. batt uit auch u etre deuil
552 1671 3190 2064 de luyl theilget eva oud
566 1943 3264 2301 hort gehöre abe de halber
566 2152 3161 2602 not, if a linte...
531 2457 3083 2910 Jan Hlf in Bfeck geb. a
513 2758 3186 3122 tel... A Ra be in ressitt
545 2995 3402 3455 nicht. nie im neh in Trinde.
669 3331 3338 3806 you as no goingeme fuye
651 3650 3317 3986 si ceux de bien en an
6418 209 6591 442 25
4538 244 4821 485 a
3685 450 6248 789 Dieu, mais il y a un
3671 694 6489 1126 en jouy l'artulade Bagatell.
6050 966 6446 1154 but
3660 1044 6482 1366 du cet cœur... ausplut tab.... ver
3671 1274 6400 1639 tum cil scolj Gutel. it humities
3710 1501 6404 1869 be kam. An est
3745 1788 6308 2145 ein heraas - is nu ab.
3795 2071 6337 2411 eben.. Ueantureit rechge.
3731 2347 6542 2740 in die uus wagen for in ½
3724 2630 6436 2998 de rès avait... Il me fait
3713 2913 6319 3228 Ist die Theil von ab eine ent¬
3742 3168 6106 3547 Fraudschaftend. All.
3759 3462 6468 3922 ver de juir... die... 8,60 Guld
4262 3788 5986 4032 to be here and will not
