6856 4296
270 384 2994 746 bei ihr nur ein die, wieder einmal
1769 636 2131 774 in
316 621 3171 895 -- um dort bei und: es beim Rück¬
337 856 3093 1211 Hofstèr. J. 1 m. de sel. ce tils de
465 1016 3036 1417 Gewerl in 21 bis 6 fl —
465 1190 2884 1516 Gerechnung und unterhält und
447 1364 2948 1712 we doin in my.. In durfled it
412 1563 2969 1868 nulcubil wilt rager. Leip
440 1772 3122 2067 est ceci-ci est veuille deux
447 1932 2979 2283 Stelle ou indemkonde
447 2152 3033 2482 kon red in  uift &   def d
497 2394 3281 2805 Jn du bois-je de Apolle.
536 2582 2905 3011 Ole bel beschene de Rend.
479 2901 2862 3288 nosell du Huis. A. Hagel
462 3029 3090 3477 belid...    wies creinge slanger
465 3306 2983 3732 wo u. 5 weit zuhrüb
572 3601 2887 3999 A talicair [illegible]
1080 3935 2919 4159 recep wll, I am
384 3935 991 4159 to be
479 4144 671 4240 M.
5394 234 6392 575 weit der Art.
3729 263 5338 632 geanlevitet... Er
3704 462 6364 824 vertheilt. Aufmögte wenn
3697 742 6527 1001 bin.  A redutlede
3729 998 6552 1286 arbeilye but at alles - And
3686 1168 6463 1499 Bette huweit ja he
3793 1381 6612 1701 une d.. Dort.. un es aai je nellers
3732 1591 6499 1978 reblut semble, d'est est lis et
4549 1811 5171 2006 (à peu pr
3690 1843 6200 2216 my Obecr. suiter sd sil
3732 2056 6438 2390 membraill - aber sich ist auch
3750 2294 6584 2571 de vidt. un  byneft nellent
3743 2528 6477 2809 Ihr ist einen neu dar liegt.
3793 2777 5963 3065 auch mit eine, sich
3828 2955 6172 3271 es las un plavit du sujet
3810 3193 6566 3519 être ence aigle. Au d. blad
3810 3399 6087 3761 ik dabe - de bylal Robe
