7144 4568
4010 154 4780 472 recevoir
4204 426 4465 608 128
1277 497 3091 708 Raffe, Winter, see a Raffe 1.6
4057 533 6897 923 que du Tez a deu rien Repetier
948 630 2640 837 fittl mit in der Nächl. at offen
622 597 887 859 1
2787 644 3055 891 125
1971 737 2318 866 hills.
1417 787 1703 941 her
4021 705 6858 1034 Nellfra l cauw. ...   Abt mit nordruck
204 801 2794 1080 Nun über recht u in ich schon soe ciel klun
258 973 2740 1270 it isinmedy feige j feng je anken
3964 937 6844 1249 3.3 d'est de Jugektion, ete aussi
315 1130 2676 1435 with him here¬
4046 1173 6880 1452 .... .   Eci : inderlant prtoutes   était un
308 1334 2690 1631 within + case. Eitler feet com
3928 1395 6636 1624 er nimmt mit ein wei, weil wohl Rut. c.
4483 1542 4862 1728 leur
304 1538 2776 1760 is je vous tell. “Novembre”.... Aber and
4064 1585 6776 1817 as does beyschus dachte -; will
333 1710 2930 2003 Dies nquade in haue on de    u ƒ
4093 1764 6397 2028 dert in the der Rühe
336 1907 2869 2172 are to be the with.  Ork in mark...
4111 1978 6704 2243 multive son reçu. I amihtit...
340 2068 2622 2333 wie in der auszulich aufseren. H.
4118 2197 6822 2490 sondern in linturamt dem defs
318 2250 2787 2565 receu duft.   J. d. : R. wolll. ont
4164 2311 6736 2644 "emurtert uort ganz in den altenis"
347 2497 2504 2748 Auf das Zänner sollte kein
4093 2533 6654 2808 -il in it. Dermerits.. beg b cau
343 2662 2640 2912 and will do lund tp in I
2604 2798 3023 2991 for Kea
4089 2762 6704 3095 it will.. (Zum alles rechte er sich)
308 2876 2801 3173 erzogen Nacht gezicht bekalte, bien
4071 3052 6475 3313 (A. Wynawelt, wann all der Gerenke.
297 3062 2697 3316 voll wiss daf ein Frünnen
4300 3213 6515 3417 - -  -    ue feuil-
322 3230 2994 3563 bei sich gehabt hall in der letzten Welt.
4046 3359 6579 3595 in the bin heives, I am ye ball in the
318 3477 2783 3803 Welcher de Bisschamt Erfangen
4397 3510 6547 3814 le f huies - abe ougillent, et n'en
4282 3685 6436 3985 rent schwastrolle, je... etc. feil - soo
390 3653 2844 3971 3 Et de m mais n'est, je bissais
4282 3867 6236 4100 I have: And consider - again
311 3842 2780 4204 wien — es baill it j in der lehren werk
4293 3967 4890 4143 de St. le
