7160 4408
904 410 1089 650 1.
319 461 490 603 am
1274 479 1452 668 1
3761 407 6298 741 Sie ist eine weil die sich de Offi
316 577 679 777 12-
465 472 3361 878 de Batubssutrier in paa et pinds
3764 668 6451 987 ne Carriere, rêve Eeillez veutet
465 770 3220 1202 Went &c A jupenten; -
3721 904 6545 1187 ball. Schlieplich nenft aus der
450 1002 3292 1452 cive in de Lullestad vachis upllt..
2447 1223 3311 1448 r7-
3815 1147 6686 1470 winen, his not in me jehe duift.-
508 1321 3107 1644 in bevouel in wea, daß er ein
3775 1405 6509 1695 die mit welche Magi hatte F. W.
548 1543 3263 1840 so erheblichen Theil an seinem
3772 1601 6610 1967 recht. in leal in S### erboben.
2773 1728 3154 1913 xx
679 1884 3321 2073 Oll alleib algetreten; wie er
5518 1869 6519 2193 is in the
2131 2026 2581 2196 doch
3815 2000 5467 2330 et ce mil a
566 2073 3452 2454 peuvelu lège d. v. Burtin pr M
3826 2174 6632 2483 & Coon Scheabel, den ihm zur soviellt.
577 2276 3321 2679 Your Aber or Mount my Lord witt out
3775 2389 6705 2813 you have your Messrs jedelt hall....
537 2577 3107 2893 halten den fort Rovens im weg
3826 2646 6599 3049 libertent: wie telle-ci, je me belle et
548 2752 3376 3180 me de elle jours Vorwurf je weil.
5107 2926 5641 3086 vleitour
3899 2991 6483 3271 Mr L.d. of C.M.
621 3031 3147 3459 nicht orsch wegen... de Ewynfl
3978 3209 6585 3525 Verückungen zu meleertehen, die ihnen
643 3285 3372 3710 d Rome, der ja die die iegleicht
3920 3365 6378 3739 in re Partyee - pfat trom
5587 3597 5917 3782 yours
603 3623 3078 3920 herst verbillier ehe, entschuldig
3924 3637 6443 4033 Moulez; me avec es étry geliegen, um
632 3859 3463 4204 ren, ob wegen der zum Spregerseits¬
