3640 4200
671 306 3099 542 so in Traher dient die he-
635 571 3157 755 si raison; -   degler un ce toi nt
693 703 3115 1006 sond solilci tehet fu einde
2522 871 3199 1048 seuls sept
603 932 2786 1267 nicht innebend., mit i
680 1184 3119 1464 ein Tilsche Nadel, und
2825 1367 3448 1545 Eodem
674 1354 2741 1667 fru Wald..  nd Levin rd
2058 1603 3364 1841 rum.. Geld zu heute.
664 1619 1964 1903 st. was for ever I
671 1751 3270 2187 nicht zu bringen und ich in weissen,
690 2041 3025 2377 we the ongel. and in
697 2261 3212 2661 du Jufhout aul ilubite.
809 2528 3070 2841 wie nicht sonst so wirken. Er
1877 2796 3351 3093 in aber „ es war je suis
780 2783 1812 3073 me die to in
1945 3015 3073 3267 a veite jein
3222 3135 3309 3280 e
755 3032 1919 3277 bin wegleit. Ihr
748 3235 3296 3499 an nicht ein möglich, wie wochesche
813 3444 3054 3773 Dein, er halte mit im Geben am
1725 3673 3193 3854 l'amolle H. Gote aucun de du
1864 3796 2674 3941 n'étaient not l'ause.
