7112 4456
424 596 2813 927 so ich der Zeit hof; wie die neue
201 841 2852 1139 lui c'est-à-t-il de cette juillet
216 1096 1175 1354 barl.....
395 1283 2967 1530 Sie ist ihr in weil es cahal an, daß er
172 1473 3064 1800 selbt cluz uno...  An ietr
234 1671 2996 1983 in par Lebun les un Aig - bis sich:
370 1857 2946 2238 Mr nc- fr 11. W.. gal.. ed d do.
492 2116 2777 2443 V is deu 11. R. du ch. de Cion
370 2360 2385 2712 schaft. -men hem -
334 2493 3061 2957 Sir, Dittels mit Nellyker d Kone.
230 2831 2784 3222 We list ourest or not went with.
251 2978 2939 3445 h wewil dort will nicht dit in
284 3215 2824 3618 zu dit: Dieu Meist der
629 3478 2860 3783 I had well. In mirn, which
388 3697 2188 4088 Er batt der Herr lorgeb.
1541 3912 2091 4121 1 Hertke.
6510 241 6750 503 160
5899 237 6136 463 112
4670 334 4911 542 my
4254 327 6653 726 Ein: - Das pfllen durch jahr
4218 625 6682 873 to be sche mn nembyn - in en bort
4135 787 6409 1153 keit immer der Stimme Serz.
3905 1067 6657 1380 I    [illegible]  that I have wok vorlent.
3876 1221 6531 1566 & talk just. In us a present
3866 1430 6542 1793 Je c.  N.K. übertrag wil je sperck.
3830 1631 6657 2005 Houhe   a p elle veut
4009 1857 6456 2163 Nr vielfen eben will längere -
4756 2030 6445 2285 f 1 heill, i stør in this
3826 2206 5439 2493 -et en 1e de Mr leur ou
3769 2292 6398 2637 in the i, i but de Snebinte is it
3772 2651 4121 2860 zu
3941 2716 6319 3039 Leopolde ach den empört an die
3887 2985 6384 3273 of Theibliu gerem me - de
3934 3190 6362 3478 einrest auf... Sie in wohl und
3988 3427 6366 3672 be would, Her Lieut, in cel/on
4034 3571 6204 3898 he ist. Hal hi will get
4203 3779 5888 4135 if he shl leue jann...
