2872 3416
222 551 546 692 13/843.
661 305 2582 523 simen. In SteibsStengel hwit
654 537 2560 659 Es ist nicht einzusehen, was den Autor an diesem
671 682 1678 790 Stiick selbst interessiert.
649 778 2463 909 Dem alten Sujet keinerlei neue Seiten abgewon-
659 952 833 1064 nen.
654 1036 2405 1198 Die äusserliche lösung des Kanflipktes durch
651 1186 1608 1315 Belauschung unstatthaft.
651 1289 2522 1451 Dass die Eltern ihre Tochter im letzten Akt mit
649 1415 2510 1596 Klüus uLlsin lassen absolute Unmüglichkeit. Je-
651 1563 2470 1680 der Versuch der Motivierung verschlechtert die
663 1692 1453 1816 Sache Fir den Autor.
654 1821 2436 1961 Klaus ein ziemlich unerträglicher phrasendre-
640 1933 2343 2059 scher. Die Dienstbotenszenen recht trivial.
649 2095 2472 2231 Der Diclog. im ersten Akt zuweilen klug, später
654 2200 2541 2319 verliert er sich beinahe ausschliesslich ins Ge-
647 2341 2024 2484 schiwätzige,; Hohle und Bombistische.
649 2486 2238 2603 Die Figuren der Eltern vellkommen blass.
651 2572 2541 2735 In der Charakterigierung der ochter leise Spu-
659 2725 1241 2840 ren von Talent.
647 2966 966 3114 2317.03.
