6152 3960
268 445 2345 682 undweihs und von einen alten Buch von
241 594 2379 845 vesthen, die sie noch dazu wisfutet
231 743 2501 994 ader für ihre Zwecke ausniht? Lahs
224 882 2494 1100 es um zu Stante, daß man eine Volk
231 1022 2963 1249 weitervertitut, läßt dieBücher um confiscion,
210 1157 2562 1405 in denen die Anwahrheit mit der Waffen de
214 1286 2562 1571 Wissenschaft bekänft wird, beählt den
248 1442 2589 1670 faffe, auf daß sie wieder wnd errecht
285 1578 2440 1805 was große Mäner mit den Kreise ihies
187 1693 2420 1972 Lebens aufgerichtet; laßt die herrlich
217 1846 2348 2114 Einrichtigen fortbestehen, die Beichte z. Lo¬
197 1982 2406 2186 Sein Verlißets Sunk frei, wenn es einen
190 2118 2552 2382 Drmkeshats Schurken, der sich anmaßt die ewige
221 2270 2651 2525 Wahrheit zuvertrete, sie enttheilt) urbeitet
238 2413 2494 2613 auch vielleicht noch mit diesem dende Leute
183 2542 2508 2807 die entweiten unter die Baue der Anwissenheit
173 2681 2593 2949 oder das elenkste Exoisanstehen - aber
190 2837 2596 3102 redket dann nicht von Fortschritt von Cultun
176 2970 2861 3248 So lag einer, der sich Mensch neut, sich nicht zu
153 3129 2868 3346 wiedze laubt, wenn es den Fuss eines alten
149 3268 2769 3540 Schucken zu kom kusst, solag darf die Welt sich
217 3390 1649 3679 nicht frei neuen¬
1975 3557 2491 3770 tolt
3523 482 4873 767 13 des 80. Dinganrich
3468 747 4836 967 Es ist am schrnerwiesen (s. über diese
3387 903 4765 1130 Gegenst: Bühne es 6 Vorlase
3336 1079 4789 1290 über danoin, 1. Vorls.) daß
3356 1252 4823 1500 orpenisches ans unorg aufscham
3367 1402 4812 1615 sich entwickelte. Alles was ge¬
3394 1571 4741 1836 schieht, ist nichts als Wecssel¬
3394 1724 4772 2023 wirkig zwischen Materie &
3370 1934 4765 2165 Materin. Die Äußerungen
3339 2080 4744 2359 dieses Wechselwirkung sind
3346 2287 4744 2545 natürlich verschinte. Unser
3339 2474 4884 2708 denken ist auch nichts anders
3360 2678 4897 2942 Als ai Wechselw. zw. Materi¬
3339 2813 4656 3088 und Materin. De Enth
3275 3037 4612 3319 unhres Vorstelleg, Begriffe,
