2920 3592
315 766 530 919 1700
1134 788 1418 881 Renate.
666 774 1043 888 Wasserman
862 876 2118 996 heit, von Blitzen durchleuchtet.
1239 991 2271 1125 bleibt vielfach verborgen.
678 1129 2481 1282 Leben der Repate in Wien. Irgend was muss doch
683 1244 2526 1401 in ihr vorgegangen sein, wenn sie mit den Kerls
664 1413 1487 1538 zusaumen gewesen ist.
664 1538 2442 1664 Der Autor stellt sich gescheiter, als er ist.
671 1669 1934 1800 Besondere, Kunst der Beleuchtung.
676 1750 2590 1900 Zuweilen ein Ausblick, aber doch nicht ins Echte,
664 1893 2490 2025 Ferne, sondern in vortrefflich gemalte Dekora-
676 2051 2285 2189 tion, die mit Raffinement beleuchtet wird.
676 2158 2590 2330 Besonderer Zauber geht von dem Ganzen aus, später
685 2311 1466 2435 versagt er zuweilen.
683 2442 2559 2559 Griinde, warum uns der Autor so viel verschweigt.
673 2569 2536 2698 Er muss es doch wissen, wenn auch Renate selbst
683 2731 943 2824 nicht.
678 2820 2588 2963 Die zum Teil ausgezeichneten Figuren nicht stets
671 2958 2185 3077 mit Oekonomie oder Weisheit angewandt.
683 3087 1986 3235 Gudst ikker besonders vorzüglich,
