2904 3528
283 476 414 625 1891
651 371 1909 525 über Falk Schupp (:Mondrausch:
663 518 2320 651 Se ite 1: Glasend, Schweissspur, Dachsbau-
670 659 991 773 gesucht.
654 735 2354 915 Einige prachtvolle Bilder. Die Spräche wird
668 880 2473 1025 manchmal jambisch, wäre durch Umstellung einig
661 999 2506 1158 Fürwörter zu indern. Raimundische Halbversspra-
668 1151 1702 1296 che aus dem "Verschwender"
666 1281 1310 1441 Zu grosse Worte.
673 1407 2523 1529 Seite 12: Das Gaumensegel flattert - geschmack-
661 1581 854 1707 I05.
675 1655 2584 1797 Der plützliche Uebergang in die bänale Gesprächs-
675 1807 2537 1940 form tut weh, insbesondere da zuweilen noch der
678 1950 1802 2057 alle Rhythunus hineinklingt.
682 2018 2587 2202 Seite 20: Am Baggerschiff der Weiberbrust. Hypus
682 2197 1707 2332 für gezwungenen Vergleich.
682 2316 2561 2451 So schön die Schilderung seiner Tondschwirmerei,
687 2456 1873 2587 so verfehlt und hart die ihre.
