3448 4232
474 288 3224 607 Papotu. Keig oder Manfred d. Nohenelante Krauesspul in 5 Ref. v. Ot. maa¬
388 636 3252 898 Der Achter nahm sich den Kampf zwischen Kirche u. Staat zum Vorwurf
385 798 3274 1046 u. zeg aus diesem reichfaltigen Soffe die Geschichte monfreds heraus. Wir kommen
381 934 3256 1204 in die Handlung hinein erst sehr spät hinein. Da vergehen 3 Akte, Persorn
388 1089 3195 1337 treten auf und ab; eine abgeschmackte Eisersüchtelei entspinnt
395 1222 3177 1481 sich; – aber der eigentliche, historische Stoff tritt noch sehr in
359 1373 3080 1610 den Hintergrund; erst in den 2 letzten Akten sehen wer
370 1513 3127 1754 das bild der eigentlichen Handlung vor uns. Jedermann
385 1671 3152 1898 kennt wohl die Geschichte jener Zeit. Kurz gesagt ist das
406 1808 2997 2038 Thema folgendes: Manfred wird vom Papste, der sich
399 1944 3040 2203 mit dem IntriguantenKarl d. Anzou verbündet, bedrängt
356 2102 3091 2347 der Kampf entspant sich, u. Manfred wird sein Opfir¬
352 2275 3098 2498 Marbach nimmt manchmal hübsche Anläufe in seinem Stück
392 2397 3048 2641 jedoch er vermag sich verfelten zu jeuer pöütischen Höhe
302 2552 3065 2789 auf zu schwingen, welche uns unwillkürlich bei jeder Trapäcie
356 2695 3130 2929 hiereißt. Oft schreivt auch te. Marbach ab. Zuerst sagt Manfrei
363 2818 2961 3073 (im 1. Akt., 6. Auftr.), der Träger einer Krone sein, ist groß
783 2990 2516 3224 Doch einer Krone zu entsagen, wenn
561 3127 2857 3371 das Recht es fordert, währlich das ist größer¬
417 3278 3109 3490 Das wäre gewiß ein wunderbarer Gedanke; wenn ihn
377 3428 3145 3687 nicht Schiller schon in Fiebeo, 2. Aufz. letzter Auftr. viel schöner
