3240 4344
910 1459 2683 1562 Man hat den Eindruck: jedes Koköttchen könnte
915 1571 2624 1712 das selbe aus Andrea machen, und so ist uns
931 1719 1576 1831 nichts bewiesen.
922 1824 2802 1951 Auch Lionardo wird nicht klar. Warum so schlecht
966 1972 1597 2094 und dann so gutz
919 2082 2741 2214 Die Intrigue etwas wirr und doch an sich nicht
931 2207 2807 2359 uilgewöhnlich. Die handelnden Personen dürfen zu-
933 2336 2767 2469 weilen unsicher sein, der Zuschauer nie, beson-
931 2509 2033 2596 ders gegen die Auflösung zu.
933 2587 2779 2758 Ueber diese versinkende Welt wird zuweilen sehr
926 2727 2676 2868 Geistreich dialogisiert, aber man riecht den
919 2884 1421 3020 Moder nicht.
