2904 3608
344 570 518 721 993
203 725 430 833 1910
625 520 2260 649 Der klare quell, Lustspiel in drei’Akten.
644 666 2069 756 Preiskonkurrenz. Motto: Heimatkunst.
642 768 2446 892 Recht amiisantes Stick, im Aufbau wohlgelungen,
637 909 2534 1021 der dritte Akt etwas gedehnt; vielleicht bei der
647 1036 2496 1138 Auffüihrung zu teilen. Im Dialog meist von ange-
656 1164 2558 1267 nehmer Frische. Die Charakteristik beinahe durch
647 1277 2532 1396 aus ansprechend, besonders der Dichter mit wirk-
661 1434 2503 1534 lichem Humor und ohne Uebertreibung gezeichnet.
778 1549 2389 1668 seyen geht die Naivstät Pepi's ins Unwahr-
654 1709 1689 1792 scheinliche und Siissliche.
649 1806 2498 1938 Die Geschichte vom klaren Quell in ihrer Anwen-
654 1928 2444 2088 dung auf die Haupthandlung etwas absichtlich.
659 2064 2472 2183 ohne diese aufgenötigte Grundidee verlöre die-
661 2195 2575 2303 ses Iustspiel alles Prätentiöse und ein anmutige
654 2353 1692 2439 Bichnenstiick bliebe zurück.
