2920 3496
195 599 378 732 1900
1303 392 1774 621 V. Ludettz
566 537 980 649 Decadence.
573 606 2420 789 In diesem Stiick ist viel Geist, manchmal Geist,
578 751 2385 918 der sich in Wortspielereien und Witzleien ver-
578 918 2480 1022 irrt, aber kaum etwas vom Geist der Zeit. Es ist
568 1008 2477 1165 der Geist der pointe,.Die Atmosphäre, in der das
587 1148 2385 1270 Ganlze schweben sollte, die Atmosphäre des Ver-
575 1265 2387 1400 falls, schwebt nicht um die Menschen, ihr Ein-
582 1431 2430 1564 fluss drückt sich nicht in dem Wesen der Perso-
585 1557 2328 1700 nen aus, sondern es wird versucht, den Geist
585 1645 2325 1816 durch Rede und Gegenrede zu exemplifizieren.
587 1800 2397 1931 Die C. ist das "dämonische Weib“ aller Zeiten.
578 1907 2432 2045 Andrea der Schwächling aller zeiten, ohne indi-
594 2061 2430 2216 viduelle züige, ohne Züge, die der Zeit und dem
597 2202 1179 2330 Ort aihjehören.
592 2294 2423 2465 Die italienischen Rufe der Fondoliere sind un-
597 2437 2468 2599 logisch. Da hätte der Verfasser das ganze Stiick
611 2599 1752 2698 italienisch schreiben miissen.
602 2694 2494 2846 Die wichtige- Szene Andrea-C. im II.Akte ist mis-
611 2815 2465 2981 lungen, ke in Mensch, der uns als bedeutend dar-
606 2962 2397 3091 gestellt werden soll, darf sich durch diese P
611 3093 2273 3267 banalen Verführungskünste gewinnen lassen.
