2952 3592
291 486 466 687 1899
649 438 1578 540 Lorenza von Wassermann.
661 570 2432 705 Für den phantastischen Stoff hätten Verse ge-
659 712 2437 831 hört, wol auch kostiim. Unverhaltnismässigkeit
663 829 2502 940 der Handlung und der oft dierren Sprache. Manch-
647 933 2437 1110 wid wirktsie wie berauscht, aber nicht wie von
649 1089 1115 1215 edlein Weih.
649 1215 2418 1364 Die Erilwicklung Lorenzas durchaus nicht klar.
647 1348 2502 1494 Dass Merving und seine Fragen sie erobern, macht
647 1485 2500 1629 sich nicht. Auch die plötzliche Aenderung Nata-
649 1620 1520 1748 liens nicht motiviert.
647 1739 2428 1867 Häufung, resp. Konkurrenz der Motive. Lorenza-
652 1871 2458 2004 sowol verwitwet und nachträglich verkauft. Das
649 1985 2516 2118 letzte Hotiv stört umsomehr, als von einem wirk-
642 2134 2346 2248 lichen Verkauf durchaus nicht die Rede ist.
638 2241 2418 2404 Die plötzlichefreundschaft Thildens und Nata-
640 2388 1008 2509 liens - 2
640 2502 2458 2665 So wie es ist, wirkt es befremdlich, ohne dass
638 2625 2486 2793 die Befremdlichkeit des Stoffs durch die Schön-
638 2772 2488 2893 heit der Durchführung (: und die kongruente Form
642 2902 2444 3079 ist das Schöne:/ eindringlich und zu kunst ge-
633 3058 1085 3210 worden ist.
