6280 4248
207 358 3022 657 zeisert würde. Im Lianen erkämpfen ist groß. Es wegwerfen
334 576 2983 805 st gottücf. Man erkennt erst das nistsorer jetzigen
309 706 2829 959 Schrietstücler, wenn sie iit den Dichterherren vergleicht.
295 882 2558 1110 Im 5. Akt, S. Unte. segt wenn, des Mantred Gemahin:
759 1008 2379 1237 "d iebt ein Gott im Himmel der gereist,
780 1167 2368 1363 Er wire um Coren retter . tn.
253 1290 2959 1539 2 Vie ein fels, aft wer sell in dem berühmten Monclog
685 1437 2597 1666 er in Getl zu strafen und zu rachen.
274 1581 2941 1824 Wer vnriessen u am, erge Tellen einem Vergench¬
316 1778 1160 1915 Mntrozjsa.
278 1880 2066 2108 Im 5. Rkt. 7. Ame. axt Carl v. Anjou!
1694 2031 2263 2203 Mit Reen
548 2126 2460 2375 rat Manfrei es gepeißelt; doch vergebens
534 2294 2639 2554 r georchen, demn im korgionen
534 2439 2628 2677 Willicg er zam Ge ersam ois ihre lassen.
274 2488 2997 2811 Ara ir Läniz etn ede, – weler Rechobeam, warum
295 2741 2815 2955 man eine Warte uusbraucht, um sie in rgeversi
274 2878 2959 3110 1 wregen; - di Götter u. dswale Morbach mögen
327 3004 2980 3250 es wössen.- Was die Wirkung der einzelnen Akte betrifft
608 3166 2976 3398 in verschieden. der 1. Akt ist nicht besonders; aer
285 3299 3008 3549 der letzte Austrift, etwas leher. dar u. ikt ist besser Als
253 3468 2997 3725 der 1. Ak. uu. Auftritt neht der Fester zwar ummerfort einer
3275 590 5952 892 und denselben Gedanken „das reben ist durft durch;
3250 801 5977 1026 aber ganz erscsickt; ich habe die Meinung, daß Marbac¬
3328 966 5928 1177 ein Lustspiel besser gelingen würde als eine eünfactige Trage
3317 1096 5935 1314 der 4. Auctritt enthält eine hürsche Romanze. Der G. Act ist
3292 1230 5977 1483 mit unter Neaenhandung ausgefüllt; erst zuletzt tritt ws gehte
3496 1384 5801 1634 hervor. Der 6. Auftritt ist sehr gungen; besond
3317 1518 3897 1725 des Enie.
3320 1627 4185 1908 Maufred. Siesst
3591 1781 5580 2045 den Stern du, belena, hiesße die die Mc 2.
3552 1957 4912 2143 Sie werden ihn verdunkeln!
4617 2087 5197 2323 doch siid sie
3317 2098 4171 2361 Helena. Norüter
3496 2235 5137 2463 Vorüber; wird es an s heller glanzen,
3433 2382 5538 2635 der schöne Stern ist meines Manfreds tern
3317 2530 5784 2807 May. Erisisf - Mankt ins nicht, Gelene! Er bebt¬
3387 2692 5854 2916 -Bei Gott, er surzt erob! Herab als Nechts.
3243 2832 6058 3043 der 4. Akt beandelt zu erst den Wohnsam Violorkes. Wenn
3261 2973 5910 3226 das nur originell wäre, Da jedoch ein gewisser Chote quar
3233 3145 5893 3363 den Wahnsinn Opelia sehr erprecfend und vielschöner
3233 3233 6051 3500 als Hr. Marbach Fidert, können wir unk nicht loben Di
3243 3412 5914 3644 wrt darüber ausprechen. Wir haben ja in der Oxalia
3275 3559 5836 3823 nine bei weilem mehr inderessantes u. mnnintihes Gestäl¬
