3208 4264
2361 1264 2872 1422 in erst quitt!
1353 1264 1511 1403 wern
1364 1440 1748 1540 re muss:
2156 1419 2972 1556 Und diesen Einen, Bel
1648 1451 1793 1561 Ich
940 1445 1353 1558 ur den pier
916 1551 2880 1687 laera, wird mir doch der Vater nicht verweigernk...
890 1680 2812 1795 — Würde die Szenz mit Belvid.se geführt, so wirde
911 1816 2956 1935 Taffiar weder ein Dummkopf scheinen, nach ein Verrä-
877 1932 2922 2103 ter aus Feigneit. Es ist gefährlicher, starke motive
916 2040 2983 2203 nicht auszunützen, als eine Mativierung überhaupt zu
877 2232 1369 2346 unt erlassen.
892 2327 2822 2472 Veredig und die Senatoren... Sind diese Mächtigen
885 2438 2898 2632 wirklich solche Schufte2 Die beiden, die wir sehen,
871 2569 2554 2733 durchaus nicht - weder Priuli nach Dolfin.
885 2719 2467 2875 Ueberhitztheit in einzelnen Vergleichen.
892 2838 2991 3001 Die Handlung geht einen schönen epischen, aber keinen
927 2954 3009 3141 schönen dranatiscien Weg. Hin- und Herflackern des R
892 3167 1261 3270 teresses.
903 3196 3014 3404 Ein erster Akt zu einem andern Stück: Jaffiar und Rel-
900 3401 1214 3533 vidsra.
898 3441 3017 3672 Der 5.Akt Schluss zu einem Stücke: Piarre's Enttäusch
871 3628 1045 3793 ung.
