6264 4280
2189 510 2929 769 und Siprid,
331 576 2131 860 dissiene im 4. Aufzug zwischen Wrg
273 685 2969 991 der edeln stotzen Frau aus; welche eine Sone
244 841 2980 1115 der einem echter Dichterpenius etwas wirklich
280 962 2925 1217 bedeutendes hätte schaffen können. Aber dazu
266 1104 3023 1384 reichte die Kraft unihres Autors eben nicht aus¬
295 1224 2987 1533 Rsdarh zwar keinesfalls bestritten werden
270 1362 2939 1697 daß sie im ganzen recht gelungen ist. Aber
2670 1501 3016 1727 usetredi
255 1541 2440 1796 mon kann sie sich wie gesagt noch weit be,
302 1683 2921 1920 vollendeter vorstellin. Manche Seenen, wie z. B.
306 1774 2958 2036 da b. S. des 2. Aufzugs, snd wo Hävond boson, der
295 1898 2889 2222 Hauptmann des Regenten, der mit der Heirat
317 2047 2972 2349 seines Bruders, des Gauprafen beugt, welches
302 2193 3027 2455 die Tochter (Seprid), eines tief unterihm stehen un¬
321 2309 3023 2593 zu frieden ist, die kunde davon dem Bengt über
277 2444 3009 2725 bringt und ihm zu gleich im Namen des Syncxschers
291 2550 3020 2885 Aufsehlt, die Gattin zu verlassen widrigenfalls
306 2717 2925 3016 der Repent ihn mit em Waffen strafen
306 2852 2990 3136 würde. Sehr abgeschmackt scheint mir die Eiser
568 2972 3074 3278 tehei der langweiligen Magnhild mit ihren
346 3151 3049 3424 Harond, Bisen, der von Siprid ganz bezauber
346 3242 3016 3573 ist. Ebenso tadeleswert scheint denkl mir der
328 3391 2958 3683 oft ganz emmotivirte Refram des Liedes im 1
313 3537 2728 3839 Akt: Estrauert die Linde am Bachei
4480 127 5376 306 a  1
3133 484 5879 798 Um nun näher auf die Caraktere einzugehen,
3133 623 5912 936 so erwähnen wirgleich, daß Birger am allerbesten
3114 779 5839 1067 gezeichnetist das ist nur edle mönliche Gestalt
3118 889 5861 1173 die einem klar vor Augen steht, wenn man Jitu
3107 1038 5934 1308 ersten Sienen gelesen hat, in welchen sie auftritt.
3151 1202 5970 1479 Eine kräftige Gestalt mit langem halbergrauten
3136 1304 5966 1574 Barte und errster Sturn, an men nur bedauer
3147 1464 5996 1719 ein Mann, den man uns wegen seines stnften
3143 1577 6068 1858 unbedeutenden Frau Mechthild bedauert. Reut 4.
4775 1727 5992 1923 feindefe Ritter, die
3114 1785 4794 2025 Algotson, der mit Birgerder
4772 1858 5085 1971 beyan
3151 1847 6047 2113 ob unvermeidliche biderbe, zureiten etwas grebe Fipur¬
3147 1989 6050 2287 sowie sein alter Waffenträger Bern, ein zwararhit
3158 2131 6079 2433 brümiger, aber im ganzen doch gemütlich er kert, te
3147 2262 5941 2568 erinnern stellenweise allzusehr an die guten Komm¬
3173 2415 5857 2677 guste von Bierhäusern, wie überhaupt bier ein
3191 2546 5963 2794 Getrönk zu sein scheint dem diese beiden trotz
3162 2685 5981 2958 ihrer Ritterlichkeit geistig herzlich unbedeutenden
3158 2816 5977 3107 Gesellen mit Vorliebe zuzusprechen schrinen.
3198 2939 5977 3238 Von seiner desedeln keuts eben so edeer Gatti
3213 3067 6108 3391 Ingrid isst zu sagen, daß sie eine etwas gealter
3158 3235 5904 3533 te Mechthild ist und vortreffliche Anlagen zu
3191 3362 6119 3642 einer guten Schwiegermutter hat, sich also von i
3216 3508 6061 3821 den indrheutipen Tagen vorkommenden Schwieper¬
