3464 2808
175 338 1628 552 daß jener uraefängliche Eidruck durch
180 469 1657 668 den sich alles weiter gebildet Relastische
220 605 1556 757 kürzeln, die ich erst nach und nach
930 710 1112 776 n tis
190 721 1567 926 gestaltet, so daß ersten Verlaehe
192 842 1626 989 des weiterwirkennte Stoßes allmählig
176 935 1539 1142 auch die Objekte des Stohers würdte
175 1044 1533 1256 sihonauf etwas qwarkt habe.
195 1182 1651 1357 Oder sollte der Uranfang zugen,
224 1294 1575 1495 Kraht und Stoff gewesen sein? Es
194 1402 1617 1596 ist das eine jener Gedanken; die
178 1514 1601 1694 wir nicht beten, sondern und
197 1628 1679 1823 sagen könen. Ich will auf ein ennge¬
184 1753 1581 1937 Gebiet zurückkehren, auf das
195 1861 1583 2040 des einzelnen Indivictiums.
186 1981 1657 2176 Eiist eigentlich nie richtig zu sagen.
199 2106 1660 2247 dieser Mensch ist Schuld davon od
207 2218 1622 2389 dorn die antwerte ist, den Sechon
207 2317 1639 2552 nur von Fustern Einflühen ab
1827 342 3228 482 angig i den konsie a jcori
1808 450 3245 634 nichts dafür, oadr sie bringt ein
1803 567 3260 729 indvictielles Inern, eine sogenpete
2930 670 3159 782 fersehe
1820 685 3252 858 Seele mit sicherelt, – Ferte zu
1806 795 3277 992 doch gerihs die Verantwortung nicht
1827 905 3326 1091 übernehmen kan. Lassen wir jest dis
1827 1013 3326 1224 letztere Gelten  so finden wir, dies inder
1816 1137 3300 1353 Begreff dieses bei verschiedern ertpelin
1835 1249 3266 1457 verschieden Juern mitdem zusammen
1831 1361 3309 1573 fallt was wir schickhal, Vorgesbesrung
1873 1493 3290 1674 srädestimChein neuen – das
1816 1600 3338 1761 tatum der Alten, das unabrendbor¬
1829 1719 3271 1930 das zugleich mit uns geboren
1835 1820 3336 2025 wäre. Ergibt also im Schicksol¬
1829 1930 3288 2125 aber nicht auster aus- „iieiner
1877 2180 3357 2336 indienell wohlgemerkt wasund
1841 2290 3315 2497 diesem Indisidium angehör (also
1806 2402 3304 2594 im Gegensatz zur Zypothehn, die ich gehter
1867 2531 2370 2664 aufstellte.)
