2920 3512
232 566 413 710 1847
535 382 1262 540 Der goldene Boden.
547 571 1030 674 Von Ludassy.
559 638 1702 798 I.u. II.Akt zusammenzuziehen.
554 736 2450 913 Sjeziell die Schneidersachen weg, uninteressant.
566 913 1790 1071 Zeitung - ne in, Polizei vorher.
566 1006 2426 1195 Warum sagt Tichtl nicht, er hat das Messer dort
578 1209 949 1322 gelassen?
581 1260 2483 1446 Der Schluss durchaus nicht zwingend. Kein Mensch
590 1391 2395 1565 Glaubt auch nur einen Moment, dass W. wirklich
593 1525 2445 1690 nicht verraten wird, wo Alle schon wissen, dass
607 1690 1898 1824 und was er dem Tichtl gesagt hat.
602 1773 2361 1948 Was ich in dem Stiick ausgeführt haben möchte,
607 1898 2529 2065 lieber als die Mordgeschichte, die wie aufgesetzt
624 2022 2347 2220 ist, wäre: die vollkommene Degeneration ver-
624 2153 2502 2352 wandtschaftlicher Begriffe im Elend, was im Ver-
619 2302 2395 2481 häl tnis Wimmer-Agnes, Tichtl-Agnes, etc. etc.
641 2423 1929 2615 verheissungsvoll angekündigt ist.
