<?xml version="1.0" encoding="UTF-8" standalone="yes"?>
<PcGts xmlns="http://schema.primaresearch.org/PAGE/gts/pagecontent/2013-07-15" xmlns:xsi="http://www.w3.org/2001/XMLSchema-instance" xsi:schemaLocation="http://schema.primaresearch.org/PAGE/gts/pagecontent/2013-07-15 http://schema.primaresearch.org/PAGE/gts/pagecontent/2013-07-15/pagecontent.xsd">
    <Metadata>
        <Creator>prov=READ-COOP:name=PyLaia@TranskribusPlatform:version=2.7.0:model_id=50870:lm=none:date=22_01_2024_18:22</Creator>
        <Created>2023-09-27T14:36:51.022+02:00</Created>
        <LastChange>2024-01-22T18:22:06.637+01:00</LastChange>
        <TranskribusMetadata docId="1589041" pageId="60124146" pageNr="35" tsid="145632375" status="IN_PROGRESS" userId="40391" imgUrl="https://files.transkribus.eu/Get?id=NFCOILTOPNBYQYPKSEMYRDCF&amp;fileType=view" xmlUrl="https://files.transkribus.eu/Get?id=PEYDKAEQZHGCTCCURLOWPYQS" imageId="48549224"/>
    </Metadata>
    <Page imageFilename="1589041_0035.jpg" imageWidth="2904" imageHeight="3592">
        <ReadingOrder>
            <OrderedGroup id="ro_1711792062738" caption="Regions reading order">
                <RegionRefIndexed index="0" regionRef="tr_1"/>
            </OrderedGroup>
        </ReadingOrder>
        <TextRegion orientation="0.0" id="tr_1" custom="readingOrder {index:0;}">
            <Coords points="560,496 560,3083 2550,3083 2550,496"/>
            <TextLine id="tr_1_tl_1" custom="readingOrder {index:0;}">
                <Coords points="547,595 630,628 1002,561 1390,578 1386,478 1137,505 1085,481 952,538 912,512 550,519"/>
                <Baseline points="560,587 601,583 643,580 685,578 727,578 769,575 810,572 852,572 894,570 936,569 978,567 1019,564 1061,561 1103,560 1145,559 1187,557 1228,556 1270,554 1312,554 1354,554 1396,557"/>
                <TextEquiv>
                    <Unicode>Ein Stück von Menkes.</Unicode>
                </TextEquiv>
            </TextLine>
            <TextLine id="tr_1_tl_2" custom="readingOrder {index:1;}">
                <Coords points="561,758 737,708 1045,739 1139,694 2437,637 2440,564 2383,557 1800,621 1653,585 1511,628 1353,595 1191,644 950,616 566,656"/>
                <Baseline points="575,716 668,707 761,704 855,702 948,699 1042,694 1135,690 1228,683 1322,680 1415,677 1509,676 1602,667 1695,661 1789,656 1882,653 1976,651 2069,645 2162,641 2256,639 2349,632 2443,629"/>
                <TextEquiv>
                    <Unicode>Das wirkliche Drama liegt hinter dem Stück, aber</Unicode>
                </TextEquiv>
            </TextLine>
            <TextLine id="tr_1_tl_3" custom="readingOrder {index:2;}">
                <Coords points="564,865 1983,782 2283,808 2336,796 2340,715 1677,715 1431,775 993,732 751,782 568,765"/>
                <Baseline points="578,844 666,841 754,835 842,834 931,828 1019,825 1107,825 1196,819 1284,818 1372,810 1461,804 1549,799 1637,796 1725,793 1814,787 1902,784 1990,781 2079,775 2167,772 2255,769 2344,760"/>
                <TextEquiv>
                    <Unicode>es ist nicht gelungen, die Menschen von ihrem</Unicode>
                </TextEquiv>
            </TextLine>
            <TextLine id="tr_1_tl_4" custom="readingOrder {index:3;}">
                <Coords points="561,974 836,1002 1026,959 1151,990 1274,948 1796,959 2099,902 2404,929 2409,841 2369,827 566,902"/>
                <Baseline points="575,975 666,969 758,966 850,963 942,960 1034,951 1126,948 1218,944 1310,941 1402,938 1494,932 1585,927 1677,922 1769,921 1861,916 1953,913 2045,909 2137,901 2229,897 2321,892 2413,895"/>
                <TextEquiv>
                    <Unicode>Schicksal durchlauchten zu lassen. Es wirdimmer</Unicode>
                </TextEquiv>
            </TextLine>
            <TextLine id="tr_1_tl_5" custom="readingOrder {index:4;}">
                <Coords points="571,1109 1421,1116 1518,1064 1713,1068 1717,985 573,1040"/>
                <Baseline points="584,1106 640,1103 697,1097 754,1097 810,1095 867,1094 924,1092 980,1086 1037,1083 1094,1082 1151,1078 1207,1077 1264,1074 1321,1071 1377,1070 1434,1068 1491,1065 1547,1062 1604,1061 1661,1057 1718,1059"/>
                <TextEquiv>
                    <Unicode>erzählt, Marches einige Male.</Unicode>
                </TextEquiv>
            </TextLine>
            <TextLine id="tr_1_tl_6" custom="readingOrder {index:5;}">
                <Coords points="583,1260 2312,1184 2359,1109 2160,1078 1824,1137 1658,1111 1549,1151 1438,1104 1341,1154 1156,1125 931,1173 865,1128 777,1187 585,1170"/>
                <Baseline points="596,1232 684,1229 772,1229 860,1223 949,1217 1037,1211 1125,1209 1214,1205 1302,1201 1390,1196 1479,1192 1567,1192 1655,1186 1743,1178 1832,1175 1920,1172 2008,1169 2097,1166 2185,1160 2273,1154 2362,1154"/>
                <TextEquiv>
                    <Unicode>Dialog schwankt zwischen Ibsenschen Anklängen</Unicode>
                </TextEquiv>
            </TextLine>
            <TextLine id="tr_1_tl_7" custom="readingOrder {index:6;}">
                <Coords points="583,1381 1139,1350 1274,1390 1357,1348 1784,1357 1862,1315 2084,1334 2310,1284 2369,1312 2373,1239 2089,1208 1890,1270 585,1305"/>
                <Baseline points="596,1369 685,1363 774,1362 863,1357 952,1354 1041,1348 1130,1345 1219,1339 1308,1336 1397,1333 1486,1327 1575,1321 1664,1318 1753,1312 1842,1309 1931,1303 2020,1300 2109,1297 2198,1294 2287,1285 2377,1282"/>
                <TextEquiv>
                    <Unicode>und lustspielmüssigen oder sentimelitalen Nied-</Unicode>
                </TextEquiv>
            </TextLine>
            <TextLine id="tr_1_tl_8" custom="readingOrder {index:7;}">
                <Coords points="592,1502 1094,1518 1547,1454 1724,1490 1888,1435 2400,1443 2383,1334 2326,1372 1388,1419 1300,1388 839,1452 597,1424"/>
                <Baseline points="605,1497 695,1492 785,1488 875,1485 965,1480 1055,1480 1145,1471 1235,1468 1325,1461 1415,1458 1506,1455 1596,1446 1686,1443 1776,1440 1866,1435 1956,1432 2046,1429 2136,1423 2226,1417 2316,1417 2407,1417"/>
                <TextEquiv>
                    <Unicode>lichkeiten. Ist fast durchaus zu weitschweifig</Unicode>
                </TextEquiv>
            </TextLine>
            <TextLine id="tr_1_tl_9" custom="readingOrder {index:8;}">
                <Coords points="604,1630 741,1658 1334,1589 1518,1632 1597,1582 1803,1580 1869,1623 1978,1563 2257,1604 2371,1547 2468,1556 2473,1466 2383,1438 2210,1499 2082,1478 1867,1525 1703,1499 1578,1540 1433,1499 1336,1554 950,1570 609,1542"/>
                <Baseline points="617,1622 714,1620 812,1620 910,1611 1008,1607 1106,1601 1204,1597 1301,1593 1399,1587 1497,1584 1595,1580 1693,1573 1791,1570 1888,1563 1986,1560 2084,1560 2182,1551 2280,1548 2378,1540 2476,1536"/>
                <TextEquiv>
                    <Unicode>und gelangt nur an wenigen Stellen zu jener Prä-</Unicode>
                </TextEquiv>
            </TextLine>
            <TextLine id="tr_1_tl_10" custom="readingOrder {index:9;}">
                <Coords points="874,1706 919,1710 933,1696 952,1701 988,1684 1019,1696 1038,1684 1068,1694 1073,1620 1059,1613 1047,1618 1040,1611 1026,1620 1016,1613 981,1639 950,1620 907,1642 879,1639"/>
                <Baseline points="886,1691 912,1690 939,1688 966,1684 993,1681 1020,1680 1047,1677 1074,1673"/>
                <TextEquiv>
                    <Unicode>in de</Unicode>
                </TextEquiv>
            </TextLine>
            <TextLine id="tr_1_tl_11" custom="readingOrder {index:10;}">
                <Coords points="602,1765 1329,1760 1504,1717 1781,1755 1888,1696 2013,1703 2018,1606 1848,1665 1552,1618 917,1713 604,1682"/>
                <Baseline points="614,1757 684,1754 754,1749 824,1748 895,1745 965,1738 1035,1739 1105,1730 1176,1724 1246,1723 1316,1718 1386,1718 1457,1712 1527,1709 1597,1704 1667,1703 1738,1700 1808,1699 1878,1694 1948,1691 2019,1700"/>
                <TextEquiv>
                    <Unicode>zision, we jedes Wort notwendig ist.</Unicode>
                </TextEquiv>
            </TextLine>
            <TextLine id="tr_1_tl_12" custom="readingOrder {index:11;}">
                <Coords points="602,1914 2291,1831 2293,1769 2130,1729 1957,1772 1706,1736 1087,1824 981,1796 834,1845 606,1812"/>
                <Baseline points="617,1882 701,1879 785,1875 869,1873 953,1867 1037,1867 1121,1860 1205,1858 1289,1852 1373,1848 1457,1845 1541,1842 1625,1837 1709,1831 1793,1826 1877,1823 1961,1819 2045,1815 2129,1811 2213,1810 2297,1813"/>
                <TextEquiv>
                    <Unicode>Warum schliesslich Alle die Wahrheit sagen,</Unicode>
                </TextEquiv>
            </TextLine>
            <TextLine id="tr_1_tl_13" custom="readingOrder {index:12;}">
                <Coords points="609,2037 1260,1990 1364,2028 1431,1983 1559,2006 1807,1961 1959,2004 2404,1945 2409,1867 2350,1850 2025,1909 1206,1895 1073,1954 614,1961"/>
                <Baseline points="623,2013 712,2010 801,2007 891,2007 980,1998 1069,1995 1159,1989 1248,1986 1337,1980 1427,1975 1516,1972 1605,1969 1695,1963 1784,1957 1873,1954 1963,1948 2052,1942 2141,1942 2231,1933 2320,1930 2410,1930"/>
                <TextEquiv>
                    <Unicode>bleibt trotz der Bemihungen des Autors unklar.</Unicode>
                </TextEquiv>
            </TextLine>
            <TextLine id="tr_1_tl_14" custom="readingOrder {index:13;}">
                <Coords points="616,2177 1099,2127 1338,2158 1405,2113 1649,2130 1786,2089 1890,2125 2167,2070 2395,2094 2400,2016 2170,1992 1570,2058 1478,2013 921,2101 621,2070"/>
                <Baseline points="632,2142 720,2141 809,2135 897,2133 986,2127 1075,2124 1163,2123 1252,2117 1340,2109 1429,2108 1518,2099 1606,2097 1695,2099 1783,2088 1872,2082 1961,2079 2049,2076 2138,2070 2226,2064 2315,2061 2404,2061"/>
                <TextEquiv>
                    <Unicode>Man hat nie die Empfindung, dass die Teute an-</Unicode>
                </TextEquiv>
            </TextLine>
            <TextLine id="tr_1_tl_15" custom="readingOrder {index:14;}">
                <Coords points="635,2279 2170,2234 2392,2201 2395,2137 2160,2122 1850,2175 1767,2139 1632,2177 1457,2127 1324,2205 1047,2215 929,2172 853,2227 637,2227"/>
                <Baseline points="647,2276 734,2271 822,2267 909,2262 997,2258 1084,2252 1172,2252 1259,2246 1347,2240 1434,2237 1522,2230 1610,2227 1697,2221 1785,2216 1872,2213 1960,2209 2047,2204 2135,2198 2222,2192 2310,2189 2398,2186"/>
                <TextEquiv>
                    <Unicode>ihrer Lebenslüge wirklich leiden, und überall</Unicode>
                </TextEquiv>
            </TextLine>
            <TextLine id="tr_1_tl_16" custom="readingOrder {index:15;}">
                <Coords points="625,2428 777,2404 846,2447 1263,2378 1319,2411 1462,2366 2030,2338 2359,2359 2364,2260 2139,2243 2092,2279 1859,2262 1466,2319 1184,2288 1023,2343 962,2312 869,2359 630,2352"/>
                <Baseline points="641,2401 727,2398 813,2395 900,2391 986,2383 1072,2383 1159,2374 1245,2374 1331,2371 1418,2366 1504,2359 1590,2354 1677,2350 1763,2347 1849,2343 1936,2338 2022,2337 2108,2329 2195,2326 2281,2321 2368,2321"/>
                <TextEquiv>
                    <Unicode>merkt man das Belieben das Autors, nicht die</Unicode>
                </TextEquiv>
            </TextLine>
            <TextLine id="tr_1_tl_17" custom="readingOrder {index:16;}">
                <Coords points="628,2549 1575,2518 1864,2485 1867,2437 1570,2416 1443,2452 1308,2402 1201,2459 1019,2433 874,2485 630,2473"/>
                <Baseline points="641,2538 702,2532 763,2528 825,2524 886,2520 948,2522 1009,2518 1071,2514 1132,2510 1194,2506 1255,2505 1316,2499 1378,2494 1439,2493 1501,2491 1562,2488 1624,2484 1685,2479 1747,2479 1808,2479 1870,2479"/>
                <TextEquiv>
                    <Unicode>Notwendigke it der Geschehnisse.</Unicode>
                </TextEquiv>
            </TextLine>
            <TextLine id="tr_1_tl_18" custom="readingOrder {index:17;}">
                <Coords points="637,2686 2497,2575 2499,2511 2314,2492 1983,2551 1672,2530 1417,2594 1303,2556 971,2601 900,2572 817,2617 642,2591"/>
                <Baseline points="653,2661 745,2656 838,2653 930,2646 1023,2646 1115,2637 1208,2634 1300,2631 1393,2623 1485,2621 1578,2617 1670,2609 1763,2607 1855,2601 1948,2595 2040,2590 2133,2586 2225,2581 2318,2575 2410,2571 2503,2574"/>
                <TextEquiv>
                    <Unicode>Daher halte ich das Stück in seinen Grundfesten</Unicode>
                </TextEquiv>
            </TextLine>
            <TextLine id="tr_1_tl_19" custom="readingOrder {index:18;}">
                <Coords points="642,2800 1466,2786 1634,2745 1968,2769 2120,2719 2542,2705 2520,2634 2295,2665 2153,2627 1672,2707 1502,2672 1386,2724 1353,2691 905,2712 810,2755 647,2724"/>
                <Baseline points="656,2792 750,2787 845,2783 940,2780 1034,2774 1129,2765 1224,2764 1318,2758 1413,2756 1508,2747 1603,2739 1697,2738 1792,2732 1887,2728 1981,2722 2076,2717 2171,2709 2265,2706 2360,2700 2455,2699 2550,2694"/>
                <TextEquiv>
                    <Unicode>für unterwühlt und glaube ncht, dass es trotz al-</Unicode>
                </TextEquiv>
            </TextLine>
            <TextLine id="tr_1_tl_20" custom="readingOrder {index:19;}">
                <Coords points="649,2940 2103,2852 2542,2890 2546,2769 1833,2776 1649,2831 1492,2793 1324,2850 1078,2819 929,2864 895,2835 820,2895 651,2878"/>
                <Baseline points="662,2920 756,2917 850,2914 945,2908 1039,2901 1134,2898 1228,2895 1322,2888 1417,2882 1511,2876 1606,2873 1700,2870 1794,2861 1889,2857 1983,2852 2078,2849 2172,2846 2266,2839 2361,2834 2455,2826 2550,2825"/>
                <TextEquiv>
                    <Unicode>ler Verständigkeit des Aufbaus und einigen Vor-</Unicode>
                </TextEquiv>
            </TextLine>
            <TextLine id="tr_1_tl_21" custom="readingOrder {index:20;}">
                <Coords points="656,3056 855,3105 1130,3032 1869,2996 1957,3027 2094,2985 2236,3032 2473,2978 2421,2911 2250,2895 2087,2942 1824,2909 1625,2970 1471,2923 1175,2985 1056,2956 659,3030"/>
                <Baseline points="668,3054 758,3053 849,3046 939,3041 1030,3035 1120,3029 1211,3026 1301,3019 1392,3016 1482,3013 1573,3008 1664,3004 1754,2996 1845,2992 1935,2986 2026,2983 2116,2980 2207,2974 2297,2971 2388,2968 2479,2968"/>
                <TextEquiv>
                    <Unicode>zügen der Charakteristik jemals wirken könnte.</Unicode>
                </TextEquiv>
            </TextLine>
            <TextEquiv>
                <Unicode></Unicode>
            </TextEquiv>
        </TextRegion>
    </Page>
</PcGts>
