3512 2808
139 365 1539 569 und darselbe - wir ich es neuer
143 464 1590 694 möchte: Gestaltungssähige mit
186 615 1697 771 sich zur Welt- umd alles Veränder¬
171 719 1672 900 de liegt außer uins. Se entrickelt
190 833 1640 1039 sich velleicht das Geme nicht schon
164 946 1573 1130 ein Mutterschooss, sonden erst
171 1062 1623 1239 in den ersten Sekunate, Minnten,
164 1164 1629 1368 Ständen seines factischen Daseins.
171 1288 1552 1476 durch von uns garniht bemerkte
192 1396 1680 1604 Eindruke. dies ist selbstnerständ,
175 1560 1573 1716 lich mar eine Hypothehe, dwan
223 1619 1564 1851 Wahrscheinlichkit ich selbst
240 1746 1716 1975 sehr bezweifle, dtan vollstädig
221 1861 1590 2060 seehr Unwahrheit aber erht
190 1971 1395 2190 bewiehen werden müsste.
190 2197 1684 2397 den 12./9. Gesetzt, es hatt seine
211 2313 1474 2549 Richtigkeit mit der eben
1857 329 3345 556 ausgespafnen Hppothese, so wurd
1874 460 3369 653 alles, wdes geschieht, gewissermaken
1859 578 3337 780 auf eine endlose Kette von Außer
1832 681 3303 885 lichkeiten zurückzuführen,devon
1859 790 3259 1008 allerletztes Nlied unmöglich zu
1876 917 3286 1134 finden ist. Gibt es überhaupt
1883 1035 3265 1242 ein solches Urglied, eine solche
1893 1134 3369 1290 Kränterlichkeit oder verliertniches
1923 1259 3354 1444 seih in der Mändlichkeit. Für uns
1901 1381 3398 1583 ist das gleichgiltig dawir ja diese¬
1910 1497 3364 1705 tanfanz keines wegs kennen. Ob
1904 1608 3392 1760 wor undteklichen Zeiten jenes absolute
1883 1729 3360 1916 Nichts bestanden - odr obinnm er
1864 1838 3318 2013 segend etwas vorsändtn gerehen
1906 1956 3381 2121 sei- niemand vermaches zu sogen.
1910 2059 3286 2254 dem menschlichen Gechte ist das
1863 2182 3396 2376 eine so unfassbar wie das andre¬
1906 2298 3396 2487 Wir müssen uns jedenfalls vorstell
