3432 2760
147 306 1574 498 nun bei beiden Hörenden ein eine
147 436 1548 635 dasselbe Exrcizien vorhanden, so
115 550 1465 720 müsste das Gehörte auf beede¬
141 663 1599 838 genou denselben Eindruck hervor
165 785 1569 913 rufen.. Und doch werden wir bewor¬
154 889 1561 1065 ken, daß dies nicht der Fall ist.
148 1022 1527 1210 Es muss also eine Verhendee.
135 1125 1599 1298 heit zwischen den aufnehmenden
163 1242 1599 1441 Geistern bestehen, da das Aufge¬
115 1356 1625 1535 komene anund für sich nur eins
124 1471 1616 1655 ist. Wodurch ist nun die Verschiednheit
141 1597 1616 1759 dieses pereigirenden Geister begründet¬
141 1693 1552 1894 durch die frühern Eindrücke, die sie
145 1805 1473 2003 empfangen dets durch eine
150 1916 1597 2125 eventwelle ursprengliche Krädhti¬
148 2155 1604 2360 ) Sch neue Sercipiens der aufnehmenet¬
122 2296 421 2463 Geist.
1826 308 3239 498 eirtheit? Wir wir nun von hin¬
1824 438 3256 646 Druck zu siedruck zurückgehen
1824 567 3186 761 so werden wir schließlich bis auf
1826 680 3305 874 eine Zeit kommen, wo das beteffende
1834 800 3280 994 Imdvidtium noch absolut für äußere
1828 911 3305 1101 Eindrucke unsres, Wissens ach nicht
2236 1026 2365 1092 lise
2427 1018 2595 1125 hat
1800 1035 3260 1223 epfänglich war- bis auf die Zeit
1824 1140 3198 1306 der Geburt. Bringtalso dis
1828 1257 3239 1432 kind schon eine Anlage, einen
1804 1373 3145 1567 kern mit sich zur lielt oder ist
1796 1499 3207 1614 allesohne Ausnahme ein Werk
1811 1603 3230 1800 äußerer Einflüsse? Wir können
1809 1719 3254 1905 ja nicht wissen, was für Folgen
1796 1828 3198 2016 auch der allergeningste, uns
1809 1937 3292 2151 nicht im entferntehten auffallen
1824 2053 3262 2266 de Umſtand auf daes Unffaſſi
1824 2172 3153 2337 des Kindes ausübtt. Vielleickt
1809 2303 3292 2497 bringt jedes Mügeboreie ein¬
