6280 4280
4433 144 4844 360 1
721 123 1125 353 111
5003 332 5435 598 co/4 78
779 425 1514 793 vorthelhaft.
4102 569 5198 865 Zwei Gefangene.
267 642 2970 952 müttern unterscheidet. Botyid der Prior ist unbe¬
4505 656 5890 973 Novelle von Saul Heyal.
310 800 2905 1081 streittar zu sehr in den Hinterprunsu
3266 843 5990 1132 Eine Erzählung, die obwohl erpfehlt, dennoch unausgesetzt bs zum
4116 1024 4477 1132 Wir sehe
324 887 3035 1197 stellt und kann überhaupt keine Sympathie¬
3273 1009 5976 1240 Schluhte interessirte die kurze liebesgeschichte zweier Wesen, die
288 1060 3035 1348 erwecken. Dagegen ist die Sipridime Polze
3230 1125 5990 1391 belaset mit den Füsselnder beschränkten Verhältniße, sich befreien
1175 1197 3013 1427 Aponzoripinalte, dich gut gezeich
324 1247 1117 1449 wen aufii
3193 1240 6084 1514 wollen und nun draußen in der freien Welt noch weit unglückliche
800 1355 1384 1499 Gasaer
288 1355 3035 1608 unterFrau, undifürchte mussabte aufrrihtug
3193 1377 6063 1615 werden, als sie s gewesen. Der Held der Geschichte ist am Plrichte
281 1463 3020 1737 Befürchtung äußern, daß der etwas schrache
3157 1485 6048 1759 Den die tuft nach plötzlich die Tuht erfafft Treu der erfasst, die
245 1608 2963 1881 und der Gaupraf brept, wenn sich erst die Zärtlich¬
3172 1622 6063 1903 ihm stets hätten fremkbleiben sollen – die Helden eine arme Lehre
4981 1752 6063 1939 ud eine unbedeutende
238 1745 2963 1990 keit der Witterwichen gelegt hat, unter dem Pom¬
3186 1781 5010 2011 rin, die für einen ungeliebten Vater iih
4981 1867 5450 1982 Esolche Wech
3230 1845 6084 2141 Schwester zu sorgen hat. Beide schwachten in der Schweren bonte
281 1881 3006 2134 toffel, seiner stolzen, edeln trau stehen wird.
3222 1997 6106 2271 enes gedruckten Lebens, das siem schmachtend, finden sich
274 2004 3035 2292 Sene, der Federfüchser" und Björes Tochtes Iepa¬
3230 2119 6113 2372 in einem Städtchen, wohin siedurch das welches sie, Geschafte
245 2148 2213 2422 suganz schablonenhafte Liebende.
3237 2242 6099 2516 halber aufsechen müssen. Abends im Thuater lernen zu sich
296 2213 3057 2566 Wenn wir jetzt das Urtheil über die Hoschzeit
3179 2372 5990 2638 kennen. Mit einer bewinderswerten Schrelligkeit ist die
339 2415 3057 2696 zu Ulfrsal zusammenfassen sollen, und uns
3208 2487 6034 2783 Bekonntschaft so weit gediehen, daß die ormen- Ge¬
303 2559 3020 2797 noch einmal erinern der nurzumtheilzutentha¬
3215 2617 5998 2912 foegern gegenseitig nicht nur ihre lebensgeschichten,
288 2682 3035 2941 roktern, der nicht sehr criginellen Charter
3157 2747 6005 3035 sondern auch ihr Herzen Kaustauschen. Der Somster |
288 2826 3064 3100 der etwa weiten Zeite in jeder Bezieheng weit
274 2862 6063 3222 entlegenen Hondlung, dagegen aber auch dermanchen der in weltlicher kleide en hieher gekommen, beredet Arä¬
3230 2999 6135 3294 so heißt dies derkame des et ander Grenze des Jugen
2314 3085 3093 3338 geger trefflicher
288 3114 2127 3374 erst prütischen Sprache und gut
4801 3121 5998 3374 mit ihm zu siehen¬
4044 3193 4505 3338 Mädhe
1795 3186 2264 3345 intnrushen,
3258 3201 4066 3410 Jaher stehende
4037 3186 4794 3410 eis geshieht Rigsal¬
303 3222 3042 3503 Sentegen, die in dem Stück zum Aus Druck kommn
3251 3251 6063 3539 Vorher - hater imselbe Abend, andem sie sich
663 3395 1009 3503 möchten.
339 3366 3028 3633 so ptauten wir behaupten, das wir es mit
3230 3381 6127 3662 Daserste Mal sehmn - hat ihr der Eunage junz
2530 3482 2855 3662 en be¬
339 3525 2372 3785 einerachtungswerthen gromet
3208 3511 6070 3835 Mann schon einen Kuss geraubt. Selbstarstand lichi
2530 3619 2819 3756 in Geis
1312 3619 2357 3763 derhafus gichtoberhläch zu
678 3669 3100 3958 Istugend zuswollen  n
353 3698 714 3857 tung
346 3806 706 3929 nicht u rch
382 3799 2098 4051 höütsschen Taente zu haben
1031 3799 3064 4131 wirn, 2114187). totthokertlis
