2920 3592
663 585 2475 749 Weiteres Stiick zur Preiskonkurrenz, Namen ver-
675 749 983 857 gessen.
673 834 2568 993 Eigenartiger Vorwurf, der sich in der Ausführung
675 959 2572 1116 zuweilen ins Geistreiche und endlich ins Unklare
687 1104 2570 1215 verliert. Die Spractie lässt an einzelnen Stellen
680 1236 2499 1379 das Wollen, gegen Schluss vielleicht sogar die
677 1345 2572 1516 Kraft eines Dichters vermuten. Die Beeinflussung
682 1488 2530 1625 durch Kleist, Amphytrion, unverkennbar. Der Be-
680 1623 2464 1803 Griff der Gottheit ist willkiirlich und selbst
701 1743 2537 1893 innerhalb des Stiicks nicht mit Konsequenz fest-
685 1881 2589 1999 gehalten; das ist es, was meiner Empfindung nach
685 2004 2504 2146 alle Wirkung schidigt. Der Autor scheint, wenn
694 2130 2554 2283 auch nicht als Autor dieses Stiickes, den Vorzug-
708 2265 2272 2433 vor seinen Mitkonkurrenten zu verdienen.
