6312 4248
297 529 3071 863 Die Handlung dreft sich um die Lösung eines Räthel
297 740 3021 1008 welche Erse versiohin meinem Pahde liegt
319 878 2966 1150 Elise, die Braut sucht ihn nun auf jede Weise zu
297 1023 2970 1269 erlangen.  Trotz einiger Nominiscenzen an
261 1150 2926 1378 die Braut von Körner, an „der häusliche
323 1302 2952 1541 Zwist von Rotzebue, können wir dem Stücke
301 1440 2716 1675 unser Lob nicht versagen, und bei einer
305 1523 2897 1828 Zuhörerschatt, die eben nicht so köntifch ist
334 1693 2836 1951 nicht so genau das „Woher betrachtet
1059 1849 1567 1965 auf ge
315 1860 2974 2114 sicht kurz zu preiter nur amcsiren
308 1987 2894 2216 will, wird es gewiß tehr anspreisen.
312 2100 3003 2361 Zume Schluße möchte ich noch, anschließend
279 2248 3003 2495 an die Behauptungen, die ich zu Anfang diesen
326 2404 2974 2647 Zeilen gemacht, bemerken, daß mir ein |
334 2542 2919 2752 besten fur. das Lutspiel die engebundene
337 2665 2945 2923 Rede, oder wo es am Platze ist, der Knittel |
334 2818 2966 3075 werß, den Scheller so vorzüglich in seinem
395 2941 3013 3206 Wallensteins Lager gebraucht hat, am
308 3093 2647 3340 besten scheint. Nur kein Alexauoriner!
272 3369 834 3604 Sänner 1876
881 3445 2473 3757 Archur schuitz ler
3438 577 6092 878 Brunhild. Trauerspiel in 3 Aufzugen von Kobert Waldmüsler
3300 859 6067 1150 7s. tut einem wohl, wenn man endlich nach vergeblicher
3304 1052 5860 1302 Versuchen und „Aufsuchen diema in vielen
3285 1160 5958 1432 trauerspielen der neuern Zeit gemacht, wieder
3264 1305 6030 1559 einmal Pöesie zu finder. Brunkeld ist weder
3260 1425 6001 1722 endlich ein poutisches Stück, eine Trapödie, in der
3275 1592 6128 1842 nicht seelenlose Drahtpuppen umhergeserrt werden,
3289 1712 5980 1984 sonderrn wotwir fiurigen, alt deutschen Helden¬
3256 1886 5726 2150 geist finden, der erqnickt, der erwärmt¬
3213 1998 6128 2263 Das Stück hat fehrt viele Vorzüge; ins besonder ist
3293 2158 6107 2397 es die elle, schtrungvolle Sprache, die einsiehene wirkt¬
3300 2263 6067 2557 Auch mancher schöne Gedanke findet seinen Flotz¬
3311 2404 5965 2723 für einen großen Stehler weist dats Frauer¬
3311 2546 5983 2836 spiel auf. 1es ist die Unklarheit im letzten
3256 2702 6034 2981 Akte. De folgt Ichtag auf Schlag, und manken̄t
3314 2836 6056 3111 sich kaum aus. Daßs der Verfasser das |
3325 2970 6067 3242 Drama nicht genau nach der Überlieferung
3285 3108 5958 3376 in der Sache gearbeidet hat, nehmen wr ihm.
3249 3253 5943 3514 inhöfern übel, als dadurch die enkläre Ver¬
3271 3380 5911 3673 Wirrung entstehte die Cherakterehne sehr gut
3256 3525 5998 3840 nur Gernot ist allzuflüchtig behandelt
3260 3644 6001 4025 Und zuletzt werden wir auch aus) Diepfried
