5784 3656
3130 433 5386 754 So geht es zuweilen, wenn man die Narren
3103 643 5344 988 verlüßt, daß nun die Gehunden ennn
3073 835 5127 1168 versteht. Und war er shmn einer
3037 1078 5401 1418 henen?! Er Intehalls stand es unter
2983 1232 5401 1658 den kann eines gawbllichen hate di
2977 1505 5215 1928 gewlliges wer alser Ewede Er
2980 1730 4295 2028 hatte sich ein neues
3154 2043 5362 2382 Um hat er nustgedes Geimis nemeet
3022 2316 3743 2520 jenhet, dass |
3028 2532 4938 2802 Etivas vom Haftfanh Mahnsum?
3307 2643 3626 2806 heile
3010 2724 5040 3037 Eir Junch von diesem Gihte serömt an
2947 2902 3974 3214 chaaten ihres Kuls
