6312 4248
3647 142 4855 387 1117r,11
5380 138 6080 359 14
3505 487 6051 781 Das Käthsel. Lusespiel in 1Anzzug von l. W. Contesta¬
3292 774 6062 1023 Sesbin ein erklärter Seind des Aexanoriers
3328 923 5963 1186 Mir dunkt dieser Vers sehr steih, sehr fart für
3356 1069 5966 1335 die deutsche Sprache. Es ist – ich möchte sagen¬
3381 1193 5920 1424 eine Dorm ohne Seele; eine Form, kalt und
3381 1346 5874 1616 hölzern. Umsomehr dank müssen wir
3349 1477 6069 1772 dem Vercasser des „Räthsel nk sollen, weil
3292 1619 5923 1907 er diese Form ohne Seele so allerliebst
3285 1761 5980 2049 zu gestälten gewußt hatt. Er hat geradk,
3317 1896 6076 2159 zu eine Seele hineingebracht. Doch kommen
3274 2046 6126 2291 wir einlich zu unserm Thema. Zwar ist es
3381 2191 6087 2468 schon sihr oft bearbeitet worden, daß ein
3278 2319 5888 2564 alter eingebildeter Geck seinem junge
3267 2465 6002 2695 Neffen od. der gl. eine Braut wegezu¬
3345 2603 6051 2880 Eischen sucht. Jedoch vorirte Contessa diesen
3239 2738 5884 3001 Stoff in so reizender Weise, daß wir
3310 2880 5963 3125 über der Voriation das Themo temöse
3292 3015 6069 3296 vergessen. Es sind wundersübsche Stellen Trin¬
3267 3164 5920 3381 Auch wirken manche Situationen ganz
3281 3288 5984 3580 köstlich. Wenn das Stück aufgeführt wird,
3356 3431 6073 3771 istles seines Erfolges gewißs. Fehren wir
