2856 3384
1928 135 2559 363 Lueg I9704
517 350 2196 540 Das gerettste Veriedig. Von Hofeonusthel
522 524 2506 681 Ich hätt; am liebsten Belvidera als Halain gesehen.
546 654 2204 813 Ihre Enttäuschung in Hinsicht aif Jaffier.
511 776 2636 935 Dann jsaanfalls anderer fümfter Akt, resp.latzte Szi:
517 898 2434 1057 Belvid.hei ihrem Vater, eigentlich frch, dass sie
503 1033 2477 1195 winder in Verhältnissen lebt, aie inr gemüss sind.
464 1171 1184 1319 Anfans unbewusst.
503 1290 2540 1454 Priuli im 4.Akt erscheint andern, als wir ihn erwar-
490 1436 2543 1557 ten. Wir haber Jaffier und Belvia. im l.Akt geglaubt,
498 1547 2577 1703 und nach der ganzen Andage glauben missen, dass Priu-
540 1700 2434 1846 li ein böser Vater ist unà dass Balvid.mit ihrer
535 1820 2434 1968 Liebe im Rechte sei. Diese Art von Ueberraschung
511 1960 1595 2085 ist kaum zu rechtfartigen.
514 2074 2545 2238 Jaffier: Eine adle, nicht sahr kluge Person wie Bel-
524 2204 2604 2320 videra liebt ihn; ein vorzüglicher Mann wie pierre er
511 2339 2561 2487 wählt ihr zum Freunde - warimit Wir erfahlren, dass er
474 2450 2556 2609 »inmal in seinem Wesen etwas Berauschandes und Entzüi-
511 2567 2609 2736 ckandes gehabt nat; doch davon hat er beim ersten Auf-
503 2718 2437 2871 schen des Vorhangs kaum mehr einen Hauch. Man be-
511 2842 2432 3022 graift vielleicht noch Belvid., aber kaum pierre.
