2904 3592
602 614 1362 730 Die Müihlhofbäuerin.
604 753 1255 879 Preiskonkurrenz.
616 857 1215 983 Ein Volksstiick.
611 962 2459 1123 Wenig eigenartiges Sujet, im Anfang langweilig,
623 1104 2421 1241 später mit zuweilen bemerkenswerter theatrali-
630 1220 2454 1362 scher Geschicklichkeit, allerdings sehr äusser-
635 1355 2537 1504 liehen Mitteln durchgeführt. Insbesondere stürend
628 1488 2445 1637 die Monotonie und das Lauschen Fanny's im III.
623 1587 2442 1762 Akt. Mit der Charakteristik des alten Popp und
625 1741 2350 1907 Liesl gute Noment. Der Dialekt, so weit ich
635 1871 2324 2047 beurteilen kann, wird vollkommen beherrscht.
