<?xml version="1.0" encoding="UTF-8" standalone="yes"?>
<PcGts xmlns="http://schema.primaresearch.org/PAGE/gts/pagecontent/2013-07-15" xmlns:xsi="http://www.w3.org/2001/XMLSchema-instance" xsi:schemaLocation="http://schema.primaresearch.org/PAGE/gts/pagecontent/2013-07-15 http://schema.primaresearch.org/PAGE/gts/pagecontent/2013-07-15/pagecontent.xsd">
    <Metadata>
        <Creator>prov=READ-COOP:name=PyLaia@TranskribusPlatform:version=2.7.0:model_id=50870:lm=none:date=22_01_2024_18:22</Creator>
        <Created>2023-09-27T14:36:53.879+02:00</Created>
        <LastChange>2024-01-22T18:22:09.736+01:00</LastChange>
        <TranskribusMetadata docId="1589041" pageId="60124228" pageNr="53" tsid="145632395" status="IN_PROGRESS" userId="40391" imgUrl="https://files.transkribus.eu/Get?id=LNPZGYENYEYMTEICZCILKJPU&amp;fileType=view" xmlUrl="https://files.transkribus.eu/Get?id=JMMRILVRMBJFVXLNHQLNDEUY" imageId="48549306"/>
    </Metadata>
    <Page imageFilename="1589041_0053.jpg" imageWidth="6168" imageHeight="3960">
        <ReadingOrder>
            <OrderedGroup id="ro_1711792086280" caption="Regions reading order">
                <RegionRefIndexed index="0" regionRef="tr_1"/>
                <RegionRefIndexed index="1" regionRef="tr_2"/>
            </OrderedGroup>
        </ReadingOrder>
        <TextRegion orientation="0.0" id="tr_1" custom="readingOrder {index:0;}">
            <Coords points="119,529 119,3602 1932,3602 1932,529"/>
            <TextLine id="tr_1_tl_1" custom="readingOrder {index:0;}">
                <Coords points="161,614 338,614 397,676 456,627 515,679 571,637 663,702 771,620 1109,620 1438,719 1569,637 1884,614 1887,486 1661,430 1497,483 1434,450 1280,476 1241,515 991,476 867,532 745,492 706,532 489,519 384,558 269,506 164,558"/>
                <Baseline points="178,614 263,616 349,614 435,614 521,614 607,610 693,611 779,614 865,611 951,608 1037,608 1122,608 1208,606 1294,602 1380,602 1466,601 1552,596 1638,596 1724,596 1810,596 1896,590"/>
                <TextEquiv>
                    <Unicode>das erste Hauptstück handelt überen Gauben und</Unicode>
                </TextEquiv>
            </TextLine>
            <TextLine id="tr_1_tl_2" custom="readingOrder {index:1;}">
                <Coords points="128,814 194,807 266,876 377,775 473,755 591,814 778,748 913,863 1057,752 1119,794 1208,742 1451,745 1664,824 1805,781 1809,637 1730,614 1585,686 1520,653 1438,719 1339,683 1254,716 913,591 762,719 492,663 417,689 351,630 253,725 131,722"/>
                <Baseline points="149,793 232,777 315,767 398,762 481,757 565,757 648,751 731,751 814,751 897,751 981,747 1064,745 1147,742 1230,742 1313,745 1397,743 1480,739 1563,739 1646,739 1729,739 1813,733"/>
                <TextEquiv>
                    <Unicode>zerfollt in zwei Abtheilgen. In der esten</Unicode>
                </TextEquiv>
            </TextLine>
            <TextLine id="tr_1_tl_3" custom="readingOrder {index:2;}">
                <Coords points="102,903 236,942 279,903 486,893 568,965 732,896 863,962 1087,880 1241,913 1789,893 1789,788 1543,857 1366,791 1280,834 1195,748 1109,824 922,867 689,781 522,867 368,791 269,873 200,814 102,873"/>
                <Baseline points="119,900 202,899 286,894 370,894 454,894 538,894 621,894 705,894 789,894 873,890 957,888 1040,885 1124,882 1208,882 1292,882 1376,882 1459,882 1543,880 1627,870 1711,870 1795,876"/>
                <TextEquiv>
                    <Unicode>derselben ezähltin Hers Simplicus was</Unicode>
                </TextEquiv>
            </TextLine>
            <TextLine id="tr_1_tl_4" custom="readingOrder {index:3;}">
                <Coords points="144,1031 420,1070 502,1034 676,1123 798,1041 893,1142 1011,1041 1080,1060 1159,1014 1326,1126 1490,1031 1566,1070 1720,1014 1835,1054 1835,906 1628,939 1382,906 1323,952 1162,913 1064,958 936,913 880,965 640,929 581,972 486,929 420,972 358,919 282,991 223,939 144,985"/>
                <Baseline points="161,1025 245,1031 329,1031 413,1031 497,1031 581,1031 665,1031 749,1031 833,1027 917,1025 1001,1021 1085,1016 1169,1013 1253,1013 1337,1013 1421,1015 1505,1018 1589,1013 1673,1013 1757,1013 1842,1019"/>
                <TextEquiv>
                    <Unicode>dr katholische Glandesei nd Eofftdafelt</Unicode>
                </TextEquiv>
            </TextLine>
            <TextLine id="tr_1_tl_5" custom="readingOrder {index:4;}">
                <Coords points="131,1205 295,1241 351,1185 535,1175 611,1241 732,1175 955,1270 1054,1172 1231,1169 1293,1228 1408,1172 1648,1221 1786,1162 1789,1113 1664,1096 1612,1132 1474,1041 1329,1126 1139,1126 1064,1073 906,1139 824,1070 679,1123 486,1070 433,1119 374,1064 131,1162"/>
                <Baseline points="149,1204 231,1189 313,1183 395,1178 478,1174 560,1174 642,1174 725,1174 807,1174 889,1174 972,1169 1054,1168 1136,1168 1218,1168 1301,1162 1383,1156 1465,1156 1548,1157 1630,1162 1712,1162 1795,1162"/>
                <TextEquiv>
                    <Unicode>sehr deutlich Nach seiner Erklärn; es</Unicode>
                </TextEquiv>
            </TextLine>
            <TextLine id="tr_1_tl_6" custom="readingOrder {index:5;}">
                <Coords points="148,1385 880,1323 1004,1385 1139,1310 1395,1356 1576,1320 1648,1366 1786,1306 1874,1346 1874,1185 1681,1251 1592,1198 1434,1238 1244,1185 1178,1251 1011,1218 955,1267 860,1234 821,1270 755,1270 670,1192 499,1297 269,1218 148,1310"/>
                <Baseline points="166,1335 251,1326 337,1319 423,1321 509,1323 595,1323 681,1317 767,1312 853,1312 939,1312 1025,1312 1110,1312 1196,1312 1282,1312 1368,1312 1454,1311 1540,1306 1626,1306 1712,1306 1798,1300 1884,1312"/>
                <TextEquiv>
                    <Unicode>sei ein übenatürliches Licht, fühlterselbst,</Unicode>
                </TextEquiv>
            </TextLine>
            <TextLine id="tr_1_tl_7" custom="readingOrder {index:6;}">
                <Coords points="125,1477 236,1523 335,1464 423,1526 499,1464 765,1454 837,1523 903,1474 978,1520 1116,1454 1182,1497 1264,1451 1402,1523 1582,1454 1812,1454 1815,1306 1651,1375 1526,1375 1467,1320 1395,1359 1238,1323 1067,1343 1014,1395 867,1343 807,1392 686,1356 617,1405 430,1372 374,1425 295,1379 125,1425"/>
                <Baseline points="143,1467 226,1462 310,1467 394,1467 478,1461 561,1461 645,1461 729,1456 813,1450 896,1449 980,1453 1064,1452 1148,1452 1231,1452 1315,1449 1399,1449 1483,1449 1566,1448 1650,1443 1734,1443 1818,1449"/>
                <TextEquiv>
                    <Unicode>tihr Er erklärt ihn sehrfasslich als über</Unicode>
                </TextEquiv>
            </TextLine>
            <TextLine id="tr_1_tl_8" custom="readingOrder {index:7;}">
                <Coords points="118,1622 292,1661 437,1631 486,1677 722,1638 827,1687 1018,1599 1434,1579 1559,1648 1635,1576 1822,1579 1825,1464 1648,1454 1464,1533 1313,1487 1251,1539 1119,1474 985,1553 771,1467 702,1520 496,1490 397,1549 341,1507 292,1556 118,1585"/>
                <Baseline points="137,1610 221,1598 306,1598 390,1593 475,1592 560,1592 644,1588 729,1590 814,1592 898,1595 983,1595 1068,1592 1152,1590 1237,1584 1322,1578 1406,1574 1491,1574 1576,1574 1660,1574 1745,1574 1830,1580"/>
                <TextEquiv>
                    <Unicode>natürliches licht, glaubteer dof von</Unicode>
                </TextEquiv>
            </TextLine>
            <TextLine id="tr_1_tl_9" custom="readingOrder {index:8;}">
                <Coords points="102,1753 230,1750 361,1835 414,1782 683,1819 1146,1720 1359,1809 1566,1730 1851,1727 1851,1602 1753,1582 1582,1668 1497,1592 1297,1674 1162,1605 1064,1694 991,1635 939,1664 893,1631 821,1697 722,1638 578,1631 492,1681 430,1631 309,1690 204,1645 105,1710"/>
                <Baseline points="119,1747 206,1741 293,1741 380,1738 467,1735 554,1733 641,1729 728,1729 815,1729 902,1731 989,1733 1076,1726 1163,1718 1250,1722 1337,1718 1424,1723 1511,1723 1598,1722 1685,1711 1772,1711 1860,1705"/>
                <TextEquiv>
                    <Unicode>und Gabe Gottes, wieefahren laut</Unicode>
                </TextEquiv>
            </TextLine>
            <TextLine id="tr_1_tl_10" custom="readingOrder {index:9;}">
                <Coords points="144,1907 588,1874 663,1937 748,1868 962,1910 1004,1871 1218,1861 1369,1910 1736,1858 1848,1894 1851,1759 1661,1736 1369,1809 1247,1769 1031,1802 981,1759 686,1819 414,1782 361,1835 144,1871"/>
                <Baseline points="161,1896 250,1884 339,1878 429,1878 518,1872 608,1866 697,1866 786,1860 876,1866 965,1866 1055,1860 1144,1860 1234,1860 1323,1860 1412,1860 1502,1860 1591,1860 1681,1854 1770,1854 1860,1854"/>
                <TextEquiv>
                    <Unicode>au und mögends, wisder HrAutas</Unicode>
                </TextEquiv>
            </TextLine>
            <TextLine id="tr_1_tl_11" custom="readingOrder {index:10;}">
                <Coords points="154,2042 867,2012 972,2091 1077,1999 1218,1996 1336,2075 1428,1999 1641,2042 1763,2006 1881,2065 1884,1901 1480,1874 1090,1917 1001,1884 942,1927 634,1947 597,1914 502,1960 305,1910 154,1996"/>
                <Baseline points="172,2039 257,2020 343,2015 429,2011 515,2005 601,2007 687,2009 773,2009 859,2009 945,2006 1031,2001 1116,1997 1202,1997 1288,1997 1374,1996 1460,1992 1546,1997 1632,1997 1718,1997 1804,1991 1890,1997"/>
                <TextEquiv>
                    <Unicode>Eiches diesam Gotte vorstellt; das</Unicode>
                </TextEquiv>
            </TextLine>
            <TextLine id="tr_1_tl_12" custom="readingOrder {index:11;}">
                <Coords points="148,2196 220,2235 309,2147 469,2170 509,2137 1162,2176 1467,2130 1533,2180 1615,2130 1819,2166 1819,2032 1615,2052 1569,2012 1480,2084 1116,2117 1011,2048 876,2111 656,2012 588,2075 479,2038 387,2081 335,2035 148,2134"/>
                <Baseline points="166,2158 248,2150 331,2144 414,2141 497,2140 580,2136 663,2141 746,2135 829,2135 912,2135 995,2139 1077,2144 1160,2143 1243,2138 1326,2132 1409,2129 1492,2129 1575,2129 1658,2129 1741,2129 1824,2135"/>
                <TextEquiv>
                    <Unicode>ift aber Seber als eine von Gollänge</Unicode>
                </TextEquiv>
            </TextLine>
            <TextLine id="tr_1_tl_13" custom="readingOrder {index:12;}">
                <Coords points="148,2337 299,2360 440,2294 496,2327 650,2291 689,2327 837,2281 903,2324 962,2278 1336,2275 1366,2308 1497,2281 1569,2347 1789,2344 1792,2180 1001,2150 722,2255 624,2180 525,2255 460,2199 387,2239 315,2183 148,2262"/>
                <Baseline points="166,2325 247,2321 329,2310 411,2299 493,2296 574,2294 656,2288 738,2277 820,2272 901,2278 983,2273 1065,2272 1147,2272 1228,2272 1310,2272 1392,2275 1474,2276 1555,2272 1637,2272 1719,2272 1801,2272"/>
                <TextEquiv>
                    <Unicode>gohle Trgend, worlich es alles hest nodage</Unicode>
                </TextEquiv>
            </TextLine>
            <TextLine id="tr_1_tl_14" custom="readingOrder {index:13;}">
                <Coords points="184,2501 263,2452 515,2429 821,2429 932,2475 1024,2422 1799,2452 1799,2367 1336,2275 906,2324 377,2311 276,2400 184,2377"/>
                <Baseline points="202,2451 282,2440 362,2439 442,2435 523,2429 603,2427 683,2427 763,2425 844,2421 924,2421 1004,2421 1084,2421 1165,2416 1245,2419 1325,2421 1405,2424 1486,2427 1566,2431 1646,2438 1726,2432 1807,2427"/>
                <TextEquiv>
                    <Unicode>zweifelt für wort halt, was Gott zu</Unicode>
                </TextEquiv>
            </TextLine>
            <TextLine id="tr_1_tl_15" custom="readingOrder {index:14;}">
                <Coords points="138,2596 217,2626 364,2570 1093,2551 1408,2573 1444,2610 1668,2570 1782,2613 1782,2468 1668,2432 880,2472 588,2429 286,2459 138,2544"/>
                <Baseline points="155,2594 236,2586 318,2575 400,2570 481,2568 563,2566 645,2569 726,2564 808,2564 890,2553 972,2552 1053,2547 1135,2550 1217,2552 1298,2552 1380,2557 1462,2564 1543,2562 1625,2558 1707,2559 1789,2564"/>
                <TextEquiv>
                    <Unicode>obsentaret hat und was die Katholische Kirche</Unicode>
                </TextEquiv>
            </TextLine>
            <TextLine id="tr_1_tl_16" custom="readingOrder {index:15;}">
                <Coords points="794,2669 824,2672 853,2646 873,2665 906,2652 939,2672 985,2626 1034,2646 1070,2633 1093,2656 1116,2639 1142,2649 1201,2636 1201,2577 1090,2551 1050,2573 995,2554 942,2577 916,2557 791,2567"/>
                <Baseline points="811,2624 837,2622 864,2620 890,2619 917,2619 944,2621 970,2623 997,2624 1023,2624 1050,2624 1077,2624 1103,2626 1130,2627 1156,2629 1183,2630 1210,2630"/>
                <TextEquiv>
                    <Unicode>Vocstelhe</Unicode>
                </TextEquiv>
            </TextLine>
            <TextLine id="tr_1_tl_17" custom="readingOrder {index:16;}">
                <Coords points="144,2761 407,2751 469,2810 535,2751 857,2705 985,2807 1116,2705 1267,2797 1349,2718 1448,2701 1576,2698 1658,2770 1838,2708 1838,2603 1723,2619 1556,2560 1484,2623 1385,2570 1260,2662 991,2626 807,2679 604,2603 519,2669 456,2633 351,2682 282,2619 144,2669"/>
                <Baseline points="161,2707 245,2701 329,2707 414,2707 498,2707 582,2707 667,2707 751,2707 835,2703 920,2705 1004,2707 1088,2704 1173,2701 1257,2699 1341,2695 1426,2693 1510,2690 1594,2696 1679,2701 1763,2701 1848,2701"/>
                <TextEquiv>
                    <Unicode>und zuglauben es seiwahr als nicht</Unicode>
                </TextEquiv>
            </TextLine>
            <TextLine id="tr_1_tl_18" custom="readingOrder {index:17;}">
                <Coords points="167,2912 483,2846 679,2918 847,2856 995,2925 1126,2839 1881,2875 1881,2701 1769,2705 1589,2800 1484,2728 1415,2793 1280,2797 1178,2793 1106,2731 988,2807 867,2813 775,2754 709,2807 561,2823 433,2780 394,2820 253,2793 167,2833"/>
                <Baseline points="184,2856 269,2856 354,2845 439,2844 525,2844 610,2853 695,2852 781,2854 866,2856 951,2853 1037,2847 1122,2841 1207,2838 1292,2838 1378,2840 1463,2842 1548,2838 1634,2839 1719,2845 1804,2851 1890,2856"/>
                <TextEquiv>
                    <Unicode>pardon es sei geschrieben oder nichti</Unicode>
                </TextEquiv>
            </TextLine>
            <TextLine id="tr_1_tl_19" custom="readingOrder {index:18;}">
                <Coords points="167,3000 305,3049 358,3010 611,3013 647,3053 830,3003 890,3053 936,3010 995,3049 1126,2997 1343,2997 1431,3046 1530,2997 1697,3007 1700,2859 1572,2902 1523,2875 1461,2925 1283,2859 1152,2935 1093,2872 985,2954 863,2862 781,2938 725,2905 660,2958 601,2902 486,2889 305,2938 243,2885 167,2931"/>
                <Baseline points="184,2993 260,2998 336,2999 412,2999 488,2999 564,2999 640,2999 716,2999 792,2999 868,2995 944,2996 1020,2999 1096,2998 1172,2993 1248,2988 1324,2983 1400,2981 1476,2981 1552,2981 1628,2983 1705,2993"/>
                <TextEquiv>
                    <Unicode>die sehsund sielegespe Sants haben</Unicode>
                </TextEquiv>
            </TextLine>
            <TextLine id="tr_1_tl_20" custom="readingOrder {index:19;}">
                <Coords points="148,3233 253,3151 377,3181 535,3141 607,3217 693,3138 968,3135 1073,3187 1165,3135 1244,3214 1385,3138 1513,3177 1599,3138 1917,3164 1917,3099 1543,2997 1431,3049 1329,2997 1270,3036 1096,3017 998,3105 906,3049 788,3086 735,3040 670,3089 620,3059 391,3122 249,3040 148,3105"/>
                <Baseline points="166,3154 254,3148 342,3148 430,3146 518,3142 606,3141 694,3136 782,3135 870,3132 958,3135 1046,3132 1134,3135 1222,3130 1310,3125 1398,3124 1486,3119 1574,3125 1662,3125 1750,3131 1838,3131 1926,3142"/>
                <TextEquiv>
                    <Unicode>Hin, war ist deu dieser Gott, dem man</Unicode>
                </TextEquiv>
            </TextLine>
            <TextLine id="tr_1_tl_21" custom="readingOrder {index:20;}">
                <Coords points="151,3358 269,3292 515,3279 601,3325 699,3266 834,3276 880,3325 975,3266 1306,3279 1444,3371 1631,3269 1874,3289 1874,3197 1796,3168 1700,3210 1631,3161 1523,3181 1408,3240 1356,3187 1247,3220 1178,3154 1103,3217 968,3135 850,3194 656,3174 607,3223 522,3187 456,3250 299,3174 154,3260"/>
                <Baseline points="172,3309 257,3288 342,3286 427,3281 513,3276 598,3270 683,3264 769,3262 854,3265 939,3265 1025,3262 1110,3264 1195,3268 1280,3268 1366,3268 1451,3269 1536,3273 1622,3268 1707,3268 1792,3268 1878,3280"/>
                <TextEquiv>
                    <Unicode>hrunbechtes Vertrauen schenken</Unicode>
                </TextEquiv>
            </TextLine>
            <TextLine id="tr_1_tl_22" custom="readingOrder {index:21;}">
                <Coords points="138,3506 246,3433 460,3420 548,3489 588,3453 732,3512 919,3420 1100,3407 1208,3411 1297,3499 1425,3427 1497,3493 1605,3427 1845,3437 1848,3296 1730,3338 1654,3289 1451,3371 1382,3322 1257,3345 1205,3296 1060,3365 975,3276 883,3325 830,3276 745,3332 663,3286 555,3388 466,3302 332,3342 286,3305 138,3381"/>
                <Baseline points="155,3441 244,3429 333,3423 423,3423 512,3417 602,3411 691,3417 780,3411 870,3411 959,3411 1049,3411 1138,3405 1228,3405 1317,3411 1406,3411 1496,3417 1585,3417 1675,3417 1764,3417 1854,3429"/>
                <TextEquiv>
                    <Unicode>soll. Die sntwort auf diese nahe</Unicode>
                </TextEquiv>
            </TextLine>
            <TextLine id="tr_1_tl_23" custom="readingOrder {index:22;}">
                <Coords points="154,3607 295,3644 420,3562 722,3555 788,3617 857,3578 936,3637 1034,3548 1411,3565 1484,3607 1924,3571 1927,3430 1720,3509 1517,3509 1464,3466 1339,3509 1215,3420 1165,3463 1100,3407 958,3502 719,3479 666,3529 588,3453 532,3509 407,3509 312,3420 158,3529"/>
                <Baseline points="172,3572 260,3560 348,3558 436,3554 524,3554 612,3554 700,3554 788,3554 876,3553 964,3547 1052,3542 1140,3543 1228,3549 1316,3554 1404,3553 1492,3548 1580,3548 1668,3542 1756,3542 1844,3542 1932,3548"/>
                <TextEquiv>
                    <Unicode>lizent Sogufänte wid weit mit</Unicode>
                </TextEquiv>
            </TextLine>
            <TextEquiv>
                <Unicode></Unicode>
            </TextEquiv>
        </TextRegion>
        <TextRegion orientation="0.0" id="tr_2" custom="readingOrder {index:1;}">
            <Coords points="3083,500 3083,3605 5773,3605 5773,500"/>
            <TextLine id="tr_2_tl_1" custom="readingOrder {index:0;}">
                <Coords points="3141,601 3230,650 3299,588 3532,571 3795,637 3923,591 4070,647 4635,627 4789,683 4973,666 5055,584 5173,594 5173,466 4894,456 4783,515 4586,404 4464,476 4218,414 3739,509 3365,410 3141,446"/>
                <Baseline points="3160,566 3261,571 3362,568 3463,572 3564,572 3665,572 3766,572 3867,572 3968,578 4069,572 4171,572 4272,572 4373,572 4474,580 4575,574 4676,572 4777,566 4878,572 4979,572 5080,572 5182,572"/>
                <TextEquiv>
                    <Unicode>Gelt iht die erige Wahheit und Weinerlih Ces</Unicode>
                </TextEquiv>
            </TextLine>
            <TextLine id="tr_2_tl_2" custom="readingOrder {index:1;}">
                <Coords points="3154,801 3282,722 3417,798 3529,735 3706,719 3772,752 5022,739 5022,656 4802,693 4638,627 4464,624 4152,689 3978,588 3601,656 3443,568 3154,683"/>
                <Baseline points="3172,709 3264,709 3357,721 3450,722 3543,726 3635,720 3728,715 3821,715 3914,715 4006,717 4099,721 4192,723 4285,724 4377,721 4470,718 4563,715 4656,715 4748,715 4841,715 4934,715 5027,709"/>
                <TextEquiv>
                    <Unicode>seit, Einweits betruhen, noch betrogen werden</Unicode>
                </TextEquiv>
            </TextLine>
            <TextLine id="tr_2_tl_3" custom="readingOrder {index:2;}">
                <Coords points="3095,899 3171,926 3210,890 3630,863 3909,873 3985,939 4077,916 4113,952 4248,909 4500,945 4628,896 4815,942 5085,870 5085,762 4976,735 3614,732 3420,798 3312,801 3250,745 3161,807 3099,794"/>
                <Baseline points="3113,876 3212,870 3311,864 3410,863 3509,858 3608,858 3707,858 3806,858 3905,858 4004,858 4103,858 4202,858 4301,851 4400,846 4499,848 4598,852 4697,855 4796,858 4895,858 4994,863 5093,858"/>
                <TextEquiv>
                    <Unicode>kann. Was Goltpeoffentoret hat, weiss</Unicode>
                </TextEquiv>
            </TextLine>
            <TextLine id="tr_2_tl_4" custom="readingOrder {index:3;}">
                <Coords points="3102,1018 3191,1014 3322,1106 3765,1001 3955,1001 4120,1073 4277,995 4530,1109 4783,1024 4970,1083 4970,919 4809,942 4628,896 4481,955 4300,922 4116,955 4060,919 3955,965 3617,870 3102,919"/>
                <Baseline points="3119,1013 3211,1005 3304,1001 3397,999 3489,995 3582,995 3675,995 3767,995 3860,995 3953,992 4046,993 4138,995 4231,992 4324,990 4416,990 4509,999 4602,996 4694,991 4787,990 4880,990 4973,990"/>
                <TextEquiv>
                    <Unicode>man thers aus demgeschriebenen theils an</Unicode>
                </TextEquiv>
            </TextLine>
            <TextLine id="tr_2_tl_5" custom="readingOrder {index:4;}">
                <Coords points="3066,1152 3335,1241 3594,1201 3716,1254 3837,1218 4051,1247 4359,1149 4362,991 4205,1004 4129,1064 4018,1050 3939,1109 3762,1011 3584,1014 3351,1103 3184,1014 3066,1014"/>
                <Baseline points="3083,1145 3147,1145 3211,1145 3275,1145 3339,1145 3403,1146 3467,1151 3531,1147 3595,1143 3659,1138 3724,1134 3788,1133 3852,1133 3916,1133 3980,1133 4044,1133 4108,1133 4172,1133 4236,1130 4300,1130 4365,1139"/>
                <TextEquiv>
                    <Unicode>dem engeschrieben Wort Gottes.</Unicode>
                </TextEquiv>
            </TextLine>
            <TextLine id="tr_2_tl_6" custom="readingOrder {index:5;}">
                <Coords points="3220,1425 3565,1467 3683,1398 3827,1444 4008,1402 4120,1461 4211,1411 4320,1487 4451,1431 4605,1533 4753,1438 5222,1438 5222,1346 5167,1362 4983,1274 4441,1320 4211,1267 4051,1323 3913,1238 3604,1320 3384,1283 3220,1359"/>
                <Baseline points="3238,1431 3337,1426 3437,1425 3536,1431 3636,1426 3736,1429 3835,1425 3935,1422 4034,1415 4134,1418 4234,1419 4333,1425 4433,1420 4532,1426 4632,1431 4732,1431 4831,1431 4931,1431 5030,1426 5130,1420 5230,1425"/>
                <TextEquiv>
                    <Unicode>Wehrhaft ich muhs aufhön! Und</Unicode>
                </TextEquiv>
            </TextLine>
            <TextLine id="tr_2_tl_7" custom="readingOrder {index:6;}">
                <Coords points="3118,1638 3384,1674 3552,1576 4146,1641 4218,1585 4704,1612 5157,1569 5157,1517 5026,1523 4914,1448 4681,1480 4586,1546 4497,1467 4320,1490 4211,1411 4054,1543 3955,1467 3900,1520 3837,1464 3716,1513 3617,1448 3315,1425 3118,1497"/>
                <Baseline points="3136,1562 3237,1561 3338,1559 3440,1570 3541,1571 3643,1568 3744,1568 3845,1568 3947,1568 4048,1573 4150,1570 4251,1574 4352,1574 4454,1570 4555,1568 4657,1568 4758,1563 4859,1565 4961,1556 5062,1556 5164,1562"/>
                <TextEquiv>
                    <Unicode>steist das Blut zu Kopf und eswiren</Unicode>
                </TextEquiv>
            </TextLine>
            <TextLine id="tr_2_tl_8" custom="readingOrder {index:7;}">
                <Coords points="3125,1746 3269,1727 3322,1776 3532,1717 3614,1776 3706,1733 3798,1786 3969,1710 4074,1763 4303,1736 4369,1789 4658,1717 4917,1704 5062,1759 5167,1700 5265,1723 5265,1648 5068,1674 5006,1631 4829,1631 4714,1671 4543,1648 4467,1592 4405,1631 4218,1585 4090,1671 4011,1625 3886,1677 3703,1576 3555,1661 3391,1687 3125,1635"/>
                <Baseline points="3142,1711 3248,1715 3355,1708 3461,1710 3568,1705 3674,1711 3781,1711 3887,1711 3994,1707 4100,1705 4207,1712 4313,1715 4420,1711 4526,1715 4633,1712 4739,1711 4846,1705 4952,1702 5059,1699 5165,1694 5272,1687"/>
                <TextEquiv>
                    <Unicode>wesend hey, wenn ich sehe, wie man mit</Unicode>
                </TextEquiv>
            </TextLine>
            <TextLine id="tr_2_tl_9" custom="readingOrder {index:8;}">
                <Coords points="3141,1871 3388,1861 3499,1943 3634,1868 3952,1907 4356,1855 4543,1907 4727,1838 4884,1874 5058,1838 5140,1901 5196,1881 5163,1707 5071,1759 4940,1710 4710,1713 4399,1812 4303,1736 4129,1799 4034,1727 3798,1782 3483,1727 3388,1776 3273,1727 3141,1763"/>
                <Baseline points="3160,1860 3262,1858 3364,1854 3466,1851 3569,1848 3671,1848 3773,1848 3876,1848 3978,1848 4080,1850 4183,1854 4285,1854 4387,1849 4489,1842 4592,1836 4694,1834 4796,1832 4899,1836 5001,1832 5103,1830 5206,1830"/>
                <TextEquiv>
                    <Unicode>dem Vrstand den Menschen ungeht! O Ich</Unicode>
                </TextEquiv>
            </TextLine>
            <TextLine id="tr_2_tl_10" custom="readingOrder {index:9;}">
                <Coords points="3171,2009 3575,2009 3640,2048 3808,1989 3972,2032 4044,1986 4254,1999 4336,2052 4487,1986 4641,2038 4950,2029 5019,2078 5268,1979 5268,1851 5232,1848 5144,1901 5068,1851 4927,1855 4760,1917 4664,1851 4543,1937 4431,1874 4369,1907 4146,1864 4005,1920 3900,1884 3808,1960 3653,1874 3529,1953 3325,1855 3171,1937"/>
                <Baseline points="3190,1980 3294,1980 3398,1980 3503,1985 3607,1987 3712,1988 3816,1985 3920,1985 4025,1980 4129,1980 4234,1978 4338,1977 4442,1980 4547,1980 4651,1980 4756,1974 4860,1974 4964,1974 5069,1970 5173,1968 5278,1974"/>
                <TextEquiv>
                    <Unicode>kan nichtweiter. Ich müßte bei zete Sylbe</Unicode>
                </TextEquiv>
            </TextLine>
            <TextLine id="tr_2_tl_11" custom="readingOrder {index:10;}">
                <Coords points="3171,2137 3709,2130 3900,2235 4054,2120 4143,2157 4333,2120 4454,2186 4553,2114 4618,2153 4819,2143 4914,2226 5108,2117 5190,2199 5245,2163 5249,1989 5071,2071 4402,1999 4316,2061 4202,2055 4159,2009 3949,2084 3850,1999 3667,2088 3499,2035 3315,2081 3253,2035 3171,2048"/>
                <Baseline points="3190,2123 3293,2117 3396,2118 3499,2123 3602,2126 3706,2129 3809,2124 3912,2123 4015,2122 4118,2117 4222,2117 4325,2113 4428,2111 4531,2111 4634,2117 4738,2116 4841,2111 4944,2111 5047,2107 5150,2110 5254,2117"/>
                <TextEquiv>
                    <Unicode>verweilen bei jeden dieses dumm-protig</Unicode>
                </TextEquiv>
            </TextLine>
            <TextLine id="tr_2_tl_12" custom="readingOrder {index:11;}">
                <Coords points="3135,2317 3440,2275 3575,2321 3722,2268 3854,2281 3952,2347 4143,2262 4257,2327 4464,2271 4612,2331 4753,2258 5337,2288 5367,2143 5190,2199 5104,2120 4917,2226 4806,2147 4635,2160 4559,2117 4320,2219 4110,2196 4021,2137 3900,2235 3709,2130 3578,2206 3388,2130 3138,2163"/>
                <Baseline points="3154,2278 3264,2269 3375,2266 3485,2266 3596,2271 3707,2266 3817,2266 3928,2266 4039,2265 4149,2258 4260,2254 4371,2259 4481,2260 4592,2260 4703,2260 4813,2255 4924,2254 5035,2248 5145,2248 5256,2253 5367,2260"/>
                <TextEquiv>
                    <Unicode>Worte, die von der erize Wahrheit Dcteit</Unicode>
                </TextEquiv>
            </TextLine>
            <TextLine id="tr_2_tl_13" custom="readingOrder {index:12;}">
                <Coords points="3174,2491 3315,2429 3516,2511 3611,2439 3699,2478 3795,2432 3913,2505 4047,2416 4228,2485 4412,2419 4454,2455 4513,2419 5167,2403 5167,2347 4986,2347 4927,2294 4861,2327 4783,2255 4559,2340 4448,2262 4257,2327 4093,2275 3854,2370 3713,2271 3581,2367 3433,2275 3351,2288 3214,2409 3177,2390"/>
                <Baseline points="3196,2433 3295,2416 3394,2415 3493,2421 3592,2419 3691,2415 3790,2412 3889,2409 3988,2409 4087,2409 4186,2409 4285,2409 4384,2409 4483,2411 4582,2413 4681,2409 4780,2402 4879,2397 4978,2392 5077,2391 5176,2403"/>
                <TextEquiv>
                    <Unicode>sönn. Euzefohl auf Füge. Mit ein</Unicode>
                </TextEquiv>
            </TextLine>
            <TextLine id="tr_2_tl_14" custom="readingOrder {index:13;}">
                <Coords points="3154,2590 3322,2547 3496,2587 3768,2541 4185,2547 4336,2649 4668,2570 4865,2652 4937,2600 5065,2619 5180,2531 5334,2554 5334,2432 5114,2400 4763,2465 4674,2426 4300,2429 4208,2491 4060,2462 3978,2505 3791,2432 3703,2475 3647,2442 3516,2511 3365,2419 3154,2501"/>
                <Baseline points="3172,2552 3280,2541 3389,2541 3497,2546 3606,2542 3714,2540 3823,2546 3931,2545 4040,2543 4148,2546 4257,2541 4366,2546 4474,2546 4583,2543 4691,2544 4800,2552 4908,2534 5017,2534 5125,2531 5234,2528 5343,2528"/>
                <TextEquiv>
                    <Unicode>Nrinetät einer ekelhaften Einfalt</Unicode>
                </TextEquiv>
            </TextLine>
            <TextLine id="tr_2_tl_15" custom="readingOrder {index:14;}">
                <Coords points="3109,2721 3522,2724 3660,2807 3909,2698 4211,2747 4533,2685 5334,2692 5334,2587 5170,2541 5032,2626 4832,2656 4704,2623 4313,2649 4185,2547 3946,2596 3765,2541 3466,2629 3243,2567 3112,2600"/>
                <Baseline points="3131,2701 3241,2695 3352,2695 3462,2695 3573,2695 3684,2695 3794,2691 3905,2689 4015,2689 4126,2689 4237,2689 4347,2689 4458,2689 4568,2687 4679,2683 4790,2678 4900,2677 5011,2669 5121,2668 5232,2671 5343,2665"/>
                <TextEquiv>
                    <Unicode>die des Jahrhumtit einen Drwi geractzi¬</Unicode>
                </TextEquiv>
            </TextLine>
            <TextLine id="tr_2_tl_16" custom="readingOrder {index:15;}">
                <Coords points="3207,2948 3571,2836 3706,2902 4175,2823 4405,2935 4517,2826 5081,2830 5147,2875 5242,2820 5413,2852 5416,2751 5318,2761 5177,2682 5019,2721 4966,2672 4907,2711 4753,2679 4681,2741 4540,2685 4385,2784 4251,2724 3919,2705 3653,2813 3532,2728 3210,2734"/>
                <Baseline points="3226,2874 3335,2860 3445,2845 3555,2838 3665,2836 3774,2832 3884,2832 3994,2826 4104,2826 4213,2826 4323,2822 4433,2826 4543,2820 4652,2820 4762,2820 4872,2820 4982,2825 5091,2820 5201,2817 5311,2814 5421,2832"/>
                <TextEquiv>
                    <Unicode>schankt, wird der aufwahsend Genn</Unicode>
                </TextEquiv>
            </TextLine>
            <TextLine id="tr_2_tl_17" custom="readingOrder {index:16;}">
                <Coords points="3112,3020 3529,2987 3630,3079 3818,3010 4257,3089 4550,2977 4691,2997 4763,2954 5121,2997 5124,2823 4789,2869 4717,2823 4546,2830 4402,2935 4287,2849 4211,2902 4123,2839 3890,2905 3565,2921 3447,2869 3276,2951 3112,2958"/>
                <Baseline points="3131,2999 3230,2988 3330,2987 3430,2981 3530,2981 3630,2980 3730,2975 3829,2973 3929,2970 4029,2974 4129,2975 4229,2970 4329,2970 4429,2964 4528,2962 4628,2958 4728,2955 4828,2952 4928,2952 5028,2957 5128,2952"/>
                <TextEquiv>
                    <Unicode>ration gepredigt, hin solle laubt</Unicode>
                </TextEquiv>
            </TextLine>
            <TextLine id="tr_2_tl_18" custom="readingOrder {index:17;}">
                <Coords points="3112,3233 3276,3141 3489,3122 3591,3177 3722,3118 4356,3168 4510,3115 4733,3168 5052,3115 5229,3237 5396,3125 5400,2997 5177,3030 4766,2951 4599,3056 4438,3082 4060,3086 3795,3010 3644,3079 3496,2997 3394,3049 3269,3030 3177,3099 3115,3076"/>
                <Baseline points="3131,3148 3244,3142 3358,3134 3471,3123 3585,3123 3699,3119 3812,3113 3926,3116 4039,3119 4153,3119 4267,3121 4380,3122 4494,3114 4607,3114 4721,3119 4835,3119 4948,3113 5062,3113 5175,3116 5289,3119 5403,3119"/>
                <TextEquiv>
                    <Unicode>plauten, alles glaube, was die katholisch</Unicode>
                </TextEquiv>
            </TextLine>
            <TextLine id="tr_2_tl_19" custom="readingOrder {index:18;}">
                <Coords points="3141,3315 3302,3342 3506,3273 3607,3368 3788,3266 4090,3269 4284,3351 4474,3253 4592,3296 5068,3256 5239,3325 5298,3286 5357,3342 5551,3296 5551,3138 5472,3109 5167,3227 5035,3194 4950,3115 4760,3227 4674,3158 4605,3191 4435,3115 4261,3230 4116,3125 3703,3214 3335,3138 3141,3194"/>
                <Baseline points="3160,3274 3279,3268 3399,3268 3519,3268 3639,3268 3759,3268 3879,3263 3999,3268 4119,3268 4239,3268 4359,3261 4478,3250 4598,3258 4718,3266 4838,3262 4958,3260 5078,3256 5198,3256 5318,3260 5438,3256 5558,3262"/>
                <TextEquiv>
                    <Unicode>Rirhe ihr zu sauben vorstellet. Wo Geschahts</Unicode>
                </TextEquiv>
            </TextLine>
            <TextLine id="tr_2_tl_20" custom="readingOrder {index:19;}">
                <Coords points="3135,3496 3325,3407 3522,3450 3785,3404 4018,3447 4126,3414 4280,3512 4494,3509 4602,3424 4668,3470 4740,3407 4957,3404 5045,3470 5137,3424 5137,3296 5055,3260 4943,3299 4625,3273 4510,3328 4385,3286 4254,3358 4067,3286 3975,3328 3896,3269 3775,3273 3607,3368 3506,3273 3325,3348 3135,3351"/>
                <Baseline points="3154,3411 3253,3405 3353,3405 3452,3411 3552,3410 3652,3405 3751,3403 3851,3396 3950,3397 4050,3399 4150,3404 4249,3405 4349,3410 4448,3405 4548,3405 4648,3405 4747,3405 4847,3405 4946,3400 5046,3399 5146,3405"/>
                <TextEquiv>
                    <Unicode>forschug unh Naturwissenschaft läss</Unicode>
                </TextEquiv>
            </TextLine>
            <TextLine id="tr_2_tl_21" custom="readingOrder {index:20;}">
                <Coords points="3132,3657 3516,3584 3939,3673 4113,3640 4313,3673 4464,3611 4589,3663 4746,3575 4897,3565 5203,3657 5442,3611 5584,3683 5669,3637 5764,3663 5764,3427 5557,3456 5242,3381 5131,3394 5055,3466 4907,3411 4799,3456 4720,3417 4655,3470 4602,3420 4431,3516 4277,3516 4123,3414 4021,3450 3785,3407 3519,3443 3411,3411 3374,3447 3315,3414 3132,3525"/>
                <Baseline points="3148,3572 3279,3548 3410,3544 3541,3548 3673,3548 3804,3542 3935,3554 4066,3554 4198,3554 4329,3549 4460,3548 4591,3543 4723,3538 4854,3542 4985,3541 5116,3532 5248,3525 5379,3534 5510,3536 5641,3542 5773,3548"/>
                <TextEquiv>
                    <Unicode>letztes Wortgesprochen, stöhert die Relzion nach</Unicode>
                </TextEquiv>
            </TextLine>
            <TextEquiv>
                <Unicode></Unicode>
            </TextEquiv>
        </TextRegion>
    </Page>
</PcGts>
