5768 3656
2976 274 5158 549 Standpunkt: über sellionen ao Meische
3000 485 5152 747 über Gunetete vor Jahren hie ermist,
2969 720 5177 942 ist als unmitdeglicherreist, hat für
2982 872 5430 1125 der Iectnicium als solcher kommmemen.
2994 1079 5040 1326 lelung. Das Indizickum, um an
2951 1238 5253 1506 bonader Beitpiel zu bringen, der mit
2960 1457 5171 1710 den Entrantschaft auf eine wittler
3000 1628 4896 1875 telees dene von 27 Jahn
2951 1832 5128 2101 ge Welt kommt und wil 6 Monalen
2963 2030 5128 2293 an einem Darinkabroh stirbt obr
2945 2250 5253 2515 jenrs andern, das denn hohe Greisen allen
2951 2405 5290 2716 erecht. Neide könnte ferlich bekanntet
2933 2652 5027 2927 werden, dass hat sich den Jese
2927 2832 5274 3034 de mnllern Telner den wiederam |
2918 3034 3418 3271 gezeigt.
