6280 4280
150 416 3034 742 die gage Anlage ein- verfehlte ist, so ist hiesen
154 602 3013 867 in dem deGGesichte nicht münschlichwahr ist. Aber sie
186 724 2988 1010 ist portisch wahr. An keiner Stelle werden wir des¬
183 835 3052 1103 refen könen. voll Shontasin und mit Geist geschenbi¬
186 960 3034 1250 Zwargesteh ich und man hört aucf gern Mährchen er
190 1060 3042 1347 zuEben, in denen mir von Münsche die Stede ist; und ehee
176 1200 2977 1451 undir denn der Zufall des einzige unsichtbare ist, der
172 1336 2411 1594 besonders wenn sie uns ein Hesse erzählt.
1336 1576 2501 1927 totten. Schritzli.
394 2046 2214 2354 Wen de 20. Apel 1878.
3224 294 5843 702 Aefang zu einen Eiag: Wie D. Senichheit vun Zugen d
3772 534 5861 756 1iel man wird. DieAustution wird
4012 1114 4518 1358 Rren
4439 1168 5711 1480 von J. K. Kellmann
3590 1583 5868 1838 Von midtzwischen Standjunkt ausbetrachtet
3568 1777 5882 2085 ist das in der vorliegenete Skire Behandelle
3529 1985 5983 2318 Thoma unmöglich. Leiner vermag aber auch
4453 2153 5302 2336 Warkh Moment
3518 2235 5940 2472 das lit bef an auuf e die  sich¬
3525 2461 5929 2726 nung shet, für den Manze(an Mahrschein
3518 2680 5961 2956 lihkeit und Tiefe nicht so weit zu entschädtigen
3543 2923 5911 3171 daß man sich entschließen könnte, die kleine
3507 3128 5804 3411 Geschichte literensch emst zu nehmen.
4428 3368 5868 3694 Mattur seteilet
3575 3711 4417 3909 Wien, 27. OMoben 18
