6296 4280
2020 315 2516 518 verwirrt
1922 485 2545 659 uterash von
1557 568 3070 822 dnher Ich zutut über dntereits
167 557 1926 822 ist Clara von dem L. etwas
141 702 3037 956 mit der ganzeniti Überhtusheit vorscheutende tiebesafffair
148 829 3055 1082 Aber ein Jahrhundert verliert sobald den Athen nicht, das eils
250 948 3048 1180 fortred, fort - unaufgehalten, gleichgiltig gegen krafft,
250 1072 3023 1303 die vergebens entgegen zu wirken suche. Doch die armen
214 1191 2958 1444 Sterblaher. Die Geföngere sie fühlen immer die „kelte
210 1303 3052 1557 klieren, die sie ihr ganzes Leben long mit sich ferum schleppe
214 1452 3048 1680 kaum acht Tage nachdem sich die beiden Josesder Sries¬
1991 1571 3088 1781 verheiratet, ja soweit
148 1600 1651 1810 und Clara die Schullehrerin
145 1701 2954 1944 ists schon, verheiretet haben und sich in Hamburg
188 1799 3019 2056 befinden, da sie nach Cnarika auswondern wollen
1759 1944 3084 2132 verliebt sich der etwas
290 1973 1520 2186 soweih ists sogar schon
221 2071 3070 2317 zu lebensbustige Pänster vor den Augen seiner
235 2197 3088 2418 Trou in einer Koncerthalle in ergend ein reigendes
228 2317 3034 2567 Aberungemein heichtsiuiges Geschöpf aus exotischen
261 2436 3066 2675 Regionen; geht des nächsten Tages so sie gab des
217 2559 3077 2802 mit diesem Wesen eine wahrscheinlich regende und
217 2708 2986 2947 engemein leichtsinnige Zusammenkunft (wohl in münter
235 2795 3131 3066 exotischen Regionen) kamt gerade noch vor Abfahrt
232 2950 2986 3196 des Schiffes ins Hotel zurück, wo seine Frau
329 3070 3128 3338 genzppsignirt und ihr Schicksal urgeben dem Gemahl
214 3196 3110 3439 Peroshnet, was sie nicht unrahnt, sondern weist r
235 3334 3113 3584 der Gemosh, bereut austrefstem Herzen- schnibee
282 3443 3070 3692 Versihung - sie gehen aufs Schift- der Gemahl
297 3580 3048 3841 kusst sie vor den Schlafengehen- und alles scheint
3200 358 5987 644 sich in Friede und Heiteskeit aufzulösen - In der
3215 525 5987 764 Bruhe steht Josehauf, und will seiner nun wieder ge¬
3175 648 5984 876 liebken Gattin einen guten Morgau wünschen. Dese aber
3175 789 6016 1039 - hat sich ins W ins Meergestürzt, – läßt sich mögers
3149 912 5940 1158 finden er, frägt nach ihr, secht in allen Ränn
3186 1017 5919 1263 des Schiffes -einzekleiner Schiffsjeze eröbhnnt ihm
3178 1129 6013 1361 endlich, daß es eine Frau auf dem Verdeck gesehen habe,
3149 1267 6031 1488 die suhuter Bord gebeugt? habe - nichts schlimmes ofeen
3215 1394 5882 1633 habe er wieder weggesehen, und da sie wige
3218 1517 6067 1767 Zeit später nicht mehr dagerufen sei, hätte er gedacht
3207 1654 5242 1875 sie wäre wieder in ihre Kaute gegangen
3207 1759 6111 1980 Vter kaum hat er dos erzählt sosinkt der Priestes, der
3186 1882 6071 2150 nun so schnell mit Trend dem unenshulte Sreuden
3222 2016 6060 2241 und den nomenlosen Schwerzer bekonnt geworden, oh
3251 2150 5358 2389 mächtig auf dem Verdeckzusammen?
3254 2215 6064 2487 Wene die ich um ihr Urtheil betreffs dieses letzte
3265 2396 6078 2643 Heysesche Novelle gefragt waren indiquirt
3251 2501 6056 2766 über die ihren moralisch schlechten Inhalt. Eine
3298 2632 6060 2903 falsche Sruderin verbergt freilich dent zu offes¬
3280 2762 6042 3012 terten Sittsankeit den Wlick vor einer im
3272 2896 6107 3149 übrigen ganz trefflich geschriebnen und schanende
3294 3015 6064 3298 Geschiehte, weine etwas wiesie sichausern im
3258 3153 6114 3392 und mit wirkliche Vergnüge aber vom künslerische
3251 3272 6013 3519 Stand punkt aus können er könttte ich diesen Norelle
3276 3403 6071 3653 mein Jal.nicht versagen. Zwar sagten hoben
3291 3504 6096 3819 Wei ich auch, wie ich gleichem Anfarg bespagtet
