6296 4248
204 344 2998 695 geüEhert wurd. : Tacten erkämnten ist wrols. Es wermeat
312 623 2901 981 der t. Aastritt versetzt uns weder dach wagel. Mantred
333 849 2998 1128 hält einen an manchen Stellen guten Monolog, Eogeschönen
240 1039 1536 1282 Gdankeri Fonder wur darm.
698 1132 2543 1425 "Gleich einem Strome ränscht die Zeit dasin,
748 1311 2489 1561 Gleichictig, ob die Wille, an dem dessen
720 1458 1629 1669 Zermettert wird
387 1558 3005 1848 die folgenden Morte ätte „O schändernotte Wahrseit hätte
297 1733 2926 1984 der dichter weglassen sollen; da sie sehr lächerlich werken.
247 1884 3015 2131 der letzte Theil des Monologes ist geract zu vorzüglich; wenn
218 2023 2980 2281 das ganze Stack so wäret die letzten Austritt Nehel Aktes
319 2177 2811 2410 hält Margrnd eine Arsprache an diegroßen des Reiches
236 2306 2940 2575 as aber - schlecht ist. - Um gelängensten ist der 3. Akt.
319 2471 2947 2700 Im 2. Auptritt erzählt tordano Sancia die unglückliche Schlacht;
290 2607 2990 2858 ader ganz immotivirt um onn gehobene Sprocfe, Dagegen
254 2761 1511 2980 sagt Mankred zuletzt sehr sut.
845 2886 2457 3109 ist heut der letzte Tag der Quibelinen
659 3033 2467 3277 der Hosenkauffen letzter Tag ershwiret,
673 3180 2267 3431 Ichoill die Nacht, die folgende nicht sehe
641 3334 2321 3578 Mit dieser Souerckt ich unterzehn.
211 3474 2715 3714 der T. Austritt Ehrif chen Niolante u. daututte) ist sehr hath
433 3621 3026 3871 leist dagegen der Folgen de. Ganz unmotivet der F. Anstätt,
4444 168 4717 329 elter
3334 437 6052 684 100 Reitklaserta, den er im vorigen Auftr. bezwemgen, laufen
3320 609 6031 867 läßst. Und der jähzöriige laherte läß( sich ohne weitres¬
3338 756 6045 985 hieausschibeil. - wald darauf lagt Manfred, dem der Aar der
3327 899 5193 1160 Hosenstauffen vom peln geollen ist
4383 1053 5569 1271 "der Würfel ist gefallen.
3524 1171 5730 1422 Hereb geschändert, – dar der 10 enstauffen.
3517 1329 5812 1590 Mit eigner Hand hatt ich ihn fest gekettet
3528 1479 5748 1723 Er ziel zur Erdt, so auhs icauch fallen.
3356 1622 5923 1866 Wahrlich, diesen Bedanken hatte Marbach desser
3280 1751 5920 2027 ausführen können. Zu Ende deses Auftrittes bren
4874 1912 5551 2163 Herz-Schmerz!
3227 1912 4774 2152 wir auch den seltenen Reim¬
4487 2059 4770 2167 erschen-
3245 2070 6120 2303 1 der nächsten Auftritt ersttragt nAcarlo. Anjou, de r
3309 2210 6056 2460 schon viel früher als zu Ende des Stückes hätte auftreten
3334 2342 5952 2607 sollen; da er ddrh als Retriquant wesentlich indee R
3345 2496 5927 2747 der Handlung hätte eingreifen sollter der letzte Au¬
3338 2629 5920 2886 enthält den Glanzpunk des Stückes, die Rode Vielan
3338 2808 4731 3040 Da sind vorzügliche Stellen.
3767 2933 6006 3180 „Welcheine Sonne sinkt mit diesem Tage ache
3631 3091 6063 3345 Mit schwarzem Fittig rauscht de Nacht srteigeschichte¬
3656 3245 5991 3488 die Finsterers d. Herr des Achts Ausam
3381 3384 5830 3678 Überhaupt ist es die beste Stelle as Stads. ihm
