3448 2792
183 288 1538 525 ignen rricht sind deines Fickhal
174 449 1486 584 teine. Nunwieder zu dem auster
919 548 1568 697 auswyfsen? Wenh
120 588 926 745 umb. Was kon auf.
917 657 1217 764 enhnhte
115 686 1580 848 undder Nicht -menschleg – dar ist hat
132 789 1499 942 einfach. Die Ciedructen, die wir
124 905 1513 1081 durch merschlichen Einflichte erhalten
118 1016 1494 1236 sind in der Weise wie sie auf uus
124 1127 1560 1303 wirken, sowohl von unfeverhnern (unse
126 1243 1574 1404 Fatum) als von dem Suconats
126 1366 1580 1576 Mittheilenden abhängen - vor¬
139 1457 1618 1635 dem Tatum desseiben- Wie, so stehen
134 1580 1534 1816 wir ja mittelbar doch unter
164 1709 1572 1889 einem Schicksal orfter uns-
202 1786 1608 2028 Ganzwohl, aber dieses Schicksol
187 1916 1658 2133 ist nicht das Tatun der rikkeit
172 2030 1635 2242 seit - santon der Zufall, der
208 2149 1560 2386 Eifbucht voraußen. Den ist
178 2267 1610 2508 es nicht nun Au sterlichkeit, wenn
1813 332 3213 510 der Mittheilende uns eben jetzt
1788 456 3258 628 wo wir i solehn oder solche Stund
1832 525 3300 726 sind, dies und diesegaft - Jagebes
1814 672 3314 831 dieser Mittheilende erzält unsgrade
1757 798 3285 978 des und jeächts andre - Aes kan
1784 902 3320 1081 davon, weil wigend unenstres Einflich
1797 1028 3272 1211 auf sein was, seine individuelle
1793 1119 3314 1303 Krädestinirkheit dieser Eindruck aus
1837 1263 3310 1444 geübt -folglich sind wie von einern
1847 1360 3304 1557 datum alsso von einem datum
1818 1482 3289 1681 auster uns ein völlige Abhängig¬
1805 1595 3260 1786 keit. Und mir, wenn wir zugeben
2504 1717 2661 1788 miihs
1836 1723 3186 1857 dass es keinfritvitium geb,
1836 1814 3291 2032 dass bei eiti dasselbe Gestell
1849 1916 3323 2124 fohige zur Weltkomme, len ku
1814 2040 3327 2219 können; wir uns von der Schickhals it
1824 2172 3323 2378 lossag i. Es kann also entweder
1845 2286 3260 2502 mir Fatum oder und zufall
