6312 4232
346 480 2944 819 Meranda (3. Akt, d. Seene) dann, dann entsag ich Liebe, Glück
2398 690 3017 928 und Ruhm(5)
430 854 2530 1127 Und wast ein klosterliches Heiligtham (?)
346 1085 3042 1400 dann wird eine höchst unwahrscheinliche Geschichte erzü¬
350 1288 3052 1505 von Miranda, die als Knabe verkleidet eine Helden¬
318 1428 2964 1690 that vollbringt. Kotzebue geruht mbihmal
315 1589 3017 1827 auch freundlich eines gewissen Schüllers zu gedenken
266 1732 3080 1978 Tardeu u. Bayard, 3. Akl, 6. Siene. Koller i Moor, Räuber
284 1866 2846 2114 Denn handelt der Admirol mit Bagord in sehr
256 2020 2947 2264 börsianermäßiger Weise über die Zahl der Sol¬
308 2160 2880 2390 dorten. Und so hat das Stück noch unzählige
315 2300 3059 2566 Fehler. Zum Schläße wollen wißer Mähre erzählen
280 2454 2832 2684 12 Bkan d Rauter und Kheuteonaie der
340 2600 1946 2846 vollbislicthetl errinret.
322 2754 2926 2989 Ragad. Eine Keminiteenz hätte ich bemahe
308 2880 2982 3136 vergessen. 12. Okt, 2. Oene Pgt nämlich Barard.
284 3038 2891 3297 So sehen wir uns wieder, wo mählsich
294 3182 3024 3416 kaum enthalten kann, sehr Lebhaft an don Carlos
301 3325 3000 3552 zu denken (V. akt.) In derselben Sene will sich Fagars
266 3458 2992 3734 plötzlich gleich am Angang entfernen. Das Warmir
4781 140 5131 343 17x
3636 168 4081 360 s 1
3160 483 5866 840 behält der Verfasser für sich.Kurz gesag t. Man
3188 696 5894 973 muß sich Fakte lang durch ein Mearbon sintenden
3192 868 5912 1116 Lamben Durcharbeiten, und zuletzt – weiß man
3150 994 5932 1246 eigentlich auch nicht, warum es aus ist. Übrigen
3168 1141 5887 1421 Man. weess es schon: die Miranda ist tolt, die Klanka
3171 1302 3630 1456 MeR
3682 1302 5908 1547 ostg; was bleibt die übrig, als daß der Segar
3182 1452 5810 1676 stirbt. Warum auch nicht. dem Kotzebue geschieht ja
3168 1586 5834 1838 weiter nichts. Weiter nichts, als daß sein
3150 1722 4088 1967 Stütk durchfällt.
4585 2202 5397 2450 Chuitz Cer.
3560 2096 4470 2478 AArthar
4522 2888 5271 3154 Dne. 1875
