<?xml version="1.0" encoding="UTF-8" standalone="yes"?>
<PcGts xmlns="http://schema.primaresearch.org/PAGE/gts/pagecontent/2013-07-15" xmlns:xsi="http://www.w3.org/2001/XMLSchema-instance" xsi:schemaLocation="http://schema.primaresearch.org/PAGE/gts/pagecontent/2013-07-15 http://schema.primaresearch.org/PAGE/gts/pagecontent/2013-07-15/pagecontent.xsd">
    <Metadata>
        <Creator>prov=READ-COOP:name=PyLaia@TranskribusPlatform:version=2.7.0:model_id=50870:lm=none:date=22_01_2024_18:22</Creator>
        <Created>2023-09-27T14:36:52.628+02:00</Created>
        <LastChange>2024-01-22T18:22:08.389+01:00</LastChange>
        <TranskribusMetadata docId="1589041" pageId="60124198" pageNr="46" tsid="145632387" status="IN_PROGRESS" userId="40391" imgUrl="https://files.transkribus.eu/Get?id=ROBATAGORLWMFJQOYHRXAVHX&amp;fileType=view" xmlUrl="https://files.transkribus.eu/Get?id=HILMGFWKGVLAUDTWZPRAJJIS" imageId="48549276"/>
    </Metadata>
    <Page imageFilename="1589041_0046.jpg" imageWidth="1832" imageHeight="2776">
        <ReadingOrder>
            <OrderedGroup id="ro_1711792076406" caption="Regions reading order">
                <RegionRefIndexed index="0" regionRef="tr_1"/>
            </OrderedGroup>
        </ReadingOrder>
        <TextRegion orientation="0.0" id="tr_1" custom="readingOrder {index:0;}">
            <Coords points="148,365 148,2433 1718,2433 1718,365"/>
            <TextLine id="tr_1_tl_1" custom="readingOrder {index:0;}">
                <Coords points="615,436 654,455 675,438 708,450 736,428 751,426 763,325 749,325 736,313 720,317 697,337 691,333 677,344 670,339 642,360 623,358"/>
                <Baseline points="626,436 651,431 677,427 702,425 728,423 754,420"/>
                <TextEquiv>
                    <Unicode>10</Unicode>
                </TextEquiv>
            </TextLine>
            <TextLine id="tr_1_tl_2" custom="readingOrder {index:1;}">
                <Coords points="156,562 296,636 397,561 722,564 759,603 829,568 928,611 987,570 1598,578 1598,502 1460,518 1320,455 1168,524 1053,453 897,450 825,494 642,453 586,508 512,471 455,508 385,459 309,510 156,508"/>
                <Baseline points="166,558 237,559 309,560 381,558 453,559 525,558 596,558 668,560 740,561 812,561 884,558 955,558 1027,558 1099,556 1171,559 1243,556 1314,555 1386,554 1458,550 1530,552 1602,554"/>
                <TextEquiv>
                    <Unicode>64 Grabbe reckt sich in seinen amen</Unicode>
                </TextEquiv>
            </TextLine>
            <TextLine id="tr_1_tl_3" custom="readingOrder {index:2;}">
                <Coords points="167,673 276,673 350,747 448,679 561,745 660,668 738,730 819,685 923,734 1024,730 1092,670 1508,679 1508,568 1355,638 1142,636 985,568 930,611 825,570 742,615 697,572 541,631 465,596 413,648 167,636"/>
                <Baseline points="178,672 244,670 311,666 378,666 445,666 512,665 578,670 645,666 712,666 779,669 846,668 912,670 979,666 1046,666 1113,664 1180,664 1246,666 1313,669 1380,672 1447,672 1514,670"/>
                <TextEquiv>
                    <Unicode>imer so hoch auf, daß er an die</Unicode>
                </TextEquiv>
            </TextLine>
            <TextLine id="tr_1_tl_4" custom="readingOrder {index:3;}">
                <Coords points="193,780 247,800 432,780 520,839 611,780 679,843 778,788 901,786 901,705 728,734 654,683 555,751 452,685 370,747 286,691 193,745"/>
                <Baseline points="204,778 239,776 274,776 309,777 344,779 379,780 414,778 449,780 484,780 519,780 554,780 589,780 624,780 659,780 694,779 729,781 764,783 799,786 834,782 869,782 904,784"/>
                <TextEquiv>
                    <Unicode>denke stöchet.</Unicode>
                </TextEquiv>
            </TextLine>
            <TextLine id="tr_1_tl_5" custom="readingOrder {index:4;}">
                <Coords points="224,901 442,979 543,905 642,901 821,981 897,923 1090,905 1176,961 1351,903 1503,946 1503,833 1382,860 1203,738 1061,819 806,788 693,849 603,810 465,847 413,808 224,886"/>
                <Baseline points="234,900 297,900 361,900 425,902 488,902 552,903 616,902 679,900 743,898 807,900 871,902 934,903 998,904 1062,904 1125,904 1189,904 1253,898 1316,898 1380,898 1444,901 1508,910"/>
                <TextEquiv>
                    <Unicode>. Hopfmon sucht nicht mehr¬</Unicode>
                </TextEquiv>
            </TextLine>
            <TextLine id="tr_1_tl_6" custom="readingOrder {index:5;}">
                <Coords points="152,1024 290,1016 348,1074 459,1022 796,1026 882,1072 1067,1024 1234,1113 1407,1035 1713,1078 1713,946 1625,971 1530,932 1320,985 1242,924 1189,967 1105,919 891,928 825,981 728,921 615,1004 527,932 442,979 358,930 152,1006"/>
                <Baseline points="162,1022 239,1017 317,1014 395,1016 473,1020 551,1022 628,1021 706,1022 784,1021 862,1020 940,1020 1017,1020 1095,1020 1173,1019 1251,1016 1329,1014 1406,1013 1484,1018 1562,1019 1640,1027 1718,1022"/>
                <TextEquiv>
                    <Unicode>er bohrt in den Tiefen der menschli¬</Unicode>
                </TextEquiv>
            </TextLine>
            <TextLine id="tr_1_tl_7" custom="readingOrder {index:6;}">
                <Coords points="185,1207 271,1144 609,1139 609,1076 562,1059 504,1080 467,1045 405,1100 381,1102 309,1045 251,1102 187,1123"/>
                <Baseline points="198,1142 224,1142 250,1140 276,1140 302,1141 328,1141 354,1140 380,1140 406,1138 432,1136 458,1138 484,1138 510,1137 536,1137 562,1137 588,1136 614,1134"/>
                <TextEquiv>
                    <Unicode>ihre Seele.</Unicode>
                </TextEquiv>
            </TextLine>
            <TextLine id="tr_1_tl_8" custom="readingOrder {index:7;}">
                <Coords points="144,1368 337,1409 430,1351 597,1444 671,1380 732,1440 866,1360 1012,1351 1285,1423 1429,1395 1495,1434 1567,1394 1549,1263 1349,1304 1156,1261 1057,1320 878,1273 584,1327 302,1267 144,1292"/>
                <Baseline points="154,1370 224,1372 295,1369 366,1366 437,1366 508,1367 579,1364 650,1366 721,1364 792,1366 863,1363 933,1361 1004,1360 1075,1358 1146,1360 1217,1356 1288,1356 1359,1358 1430,1363 1501,1361 1572,1358"/>
                <TextEquiv>
                    <Unicode>21/4 Es drangt sich mir die Frage auf</Unicode>
                </TextEquiv>
            </TextLine>
            <TextLine id="tr_1_tl_9" custom="readingOrder {index:8;}">
                <Coords points="181,1512 263,1483 311,1526 366,1483 457,1532 522,1479 847,1477 911,1536 1037,1477 1218,1559 1345,1477 1619,1479 1619,1411 1553,1399 1405,1438 1331,1395 1135,1395 936,1460 814,1392 732,1440 673,1384 611,1446 555,1401 405,1395 339,1438 271,1397 181,1450"/>
                <Baseline points="192,1480 263,1484 335,1480 406,1480 478,1478 549,1478 621,1476 692,1478 764,1474 835,1478 907,1478 978,1476 1050,1476 1121,1478 1193,1477 1264,1478 1336,1476 1407,1476 1479,1472 1550,1472 1622,1468"/>
                <TextEquiv>
                    <Unicode>Ist selbst der Kern jedes Charakters</Unicode>
                </TextEquiv>
            </TextLine>
            <TextLine id="tr_1_tl_10" custom="readingOrder {index:9;}">
                <Coords points="158,1606 461,1602 553,1672 670,1598 1022,1650 1154,1594 1302,1643 1390,1596 1499,1652 1617,1592 1617,1489 1530,1477 1269,1559 1111,1510 1016,1569 878,1516 806,1561 730,1528 650,1567 568,1522 516,1567 158,1571"/>
                <Baseline points="168,1598 240,1598 313,1595 386,1596 458,1596 531,1594 604,1596 676,1594 749,1598 822,1595 895,1596 967,1596 1040,1596 1113,1594 1185,1592 1258,1592 1331,1591 1403,1594 1476,1596 1549,1596 1622,1590"/>
                <TextEquiv>
                    <Unicode>nir ein Ergebnis äußerer Einfüht¬</Unicode>
                </TextEquiv>
            </TextLine>
            <TextLine id="tr_1_tl_11" custom="readingOrder {index:10;}">
                <Coords points="162,1711 356,1711 401,1752 479,1709 535,1756 596,1711 940,1701 1053,1744 1203,1750 1306,1701 1610,1740 1610,1645 1569,1619 1508,1660 1347,1621 1265,1674 852,1623 710,1674 623,1625 535,1676 485,1627 418,1672 323,1615 162,1693"/>
                <Baseline points="172,1710 244,1709 316,1706 388,1706 460,1705 532,1706 604,1708 676,1706 748,1704 820,1704 892,1704 964,1701 1036,1700 1108,1700 1180,1702 1252,1700 1324,1700 1396,1700 1468,1700 1540,1703 1612,1702"/>
                <TextEquiv>
                    <Unicode>oder ist schon etwasda, um das sich</Unicode>
                </TextEquiv>
            </TextLine>
            <TextLine id="tr_1_tl_12" custom="readingOrder {index:11;}">
                <Coords points="171,1882 245,1837 329,1894 411,1824 1285,1831 1386,1878 1466,1820 1623,1831 1625,1740 1440,1722 1368,1761 1285,1722 1162,1792 849,1732 802,1773 436,1738 366,1796 304,1756 173,1791"/>
                <Baseline points="182,1820 254,1822 326,1820 398,1822 471,1824 543,1822 615,1816 688,1818 760,1816 832,1820 905,1820 977,1818 1049,1817 1121,1818 1194,1820 1266,1820 1338,1814 1411,1814 1483,1814 1555,1811 1628,1812"/>
                <TextEquiv>
                    <Unicode>gleich die Molekülen um den Kystell¬</Unicode>
                </TextEquiv>
            </TextLine>
            <TextLine id="tr_1_tl_13" custom="readingOrder {index:12;}">
                <Coords points="243,1948 426,1937 508,1991 572,1935 969,1935 1100,2012 1179,1944 1643,1960 1645,1853 1547,1890 1454,1829 1395,1884 1300,1845 1197,1898 1121,1839 958,1845 886,1894 784,1835 634,1915 545,1855 457,1905 391,1853 243,1923"/>
                <Baseline points="254,1936 323,1934 393,1936 462,1934 532,1936 602,1934 671,1932 741,1934 810,1932 880,1936 950,1936 1019,1930 1089,1931 1158,1930 1228,1930 1298,1928 1367,1929 1437,1932 1506,1932 1576,1933 1646,1932"/>
                <TextEquiv>
                    <Unicode>ationspunkt, die Ergebniste auße¬</Unicode>
                </TextEquiv>
            </TextLine>
            <TextLine id="tr_1_tl_14" custom="readingOrder {index:13;}">
                <Coords points="177,2059 290,2053 374,2137 416,2104 465,2143 576,2063 638,2112 730,2049 796,2114 864,2065 946,2125 1028,2069 1183,2057 1469,2149 1627,2079 1629,1950 1442,1942 1285,2026 1218,1995 948,2026 891,1979 827,2009 747,1950 687,1991 642,1948 533,2020 457,1964 399,2018 177,2028"/>
                <Baseline points="188,2058 260,2055 332,2051 404,2048 476,2049 549,2052 621,2049 693,2049 765,2048 837,2051 910,2054 982,2055 1054,2055 1126,2054 1198,2050 1271,2048 1343,2048 1415,2044 1487,2042 1559,2040 1632,2030"/>
                <TextEquiv>
                    <Unicode>rer Einflüße grupperen. Gesezt</Unicode>
                </TextEquiv>
            </TextLine>
            <TextLine id="tr_1_tl_15" custom="readingOrder {index:14;}">
                <Coords points="177,2242 337,2168 936,2174 1026,2242 1102,2180 1670,2193 1670,2118 1203,2141 1016,2075 956,2123 839,2075 757,2137 547,2102 459,2149 319,2116 177,2149"/>
                <Baseline points="188,2166 262,2168 336,2168 410,2168 485,2168 559,2168 633,2168 708,2168 782,2168 856,2171 931,2170 1005,2170 1079,2169 1153,2168 1228,2168 1302,2170 1376,2169 1451,2168 1525,2167 1599,2164 1674,2166"/>
                <TextEquiv>
                    <Unicode>irgendeiner theilt zwei an seiner¬</Unicode>
                </TextEquiv>
            </TextLine>
            <TextLine id="tr_1_tl_16" custom="readingOrder {index:15;}">
                <Coords points="185,2295 360,2287 411,2339 502,2293 1059,2320 1135,2279 1617,2285 1619,2207 1543,2184 1403,2250 1230,2221 1121,2267 919,2184 821,2246 734,2188 662,2242 596,2184 516,2262 383,2213 187,2258"/>
                <Baseline points="196,2288 267,2282 338,2286 410,2286 481,2286 553,2289 624,2288 695,2286 767,2284 838,2286 910,2280 981,2284 1052,2284 1124,2281 1195,2279 1267,2278 1338,2275 1409,2278 1481,2280 1552,2280 1624,2278"/>
                <TextEquiv>
                    <Unicode>Seete gehenden Leuten ein Factim</Unicode>
                </TextEquiv>
            </TextLine>
            <TextLine id="tr_1_tl_17" custom="readingOrder {index:16;}">
                <Coords points="138,2413 790,2398 961,2474 1471,2417 1625,2468 1625,2347 1479,2306 1302,2372 1084,2361 1004,2310 917,2353 673,2320 562,2365 483,2299 401,2371 302,2312 138,2374"/>
                <Baseline points="148,2406 222,2406 296,2402 370,2402 444,2402 518,2400 592,2397 666,2396 740,2395 814,2398 888,2399 962,2400 1036,2400 1110,2399 1184,2402 1258,2401 1332,2404 1406,2404 1480,2402 1554,2396 1628,2392"/>
                <TextEquiv>
                    <Unicode>oder etwas beliebiges mit. Wäre</Unicode>
                </TextEquiv>
            </TextLine>
            <TextEquiv>
                <Unicode></Unicode>
            </TextEquiv>
        </TextRegion>
    </Page>
</PcGts>
