5480 3464
2787 147 4005 451 Manch. GulVerlensante sich
4082 211 5283 505 Eo ist ein Anhin ohne gleiche
2797 336 5360 639 Uho duch ale eaeste Brreche sage: Wiehot all, - Holt
2768 540 4903 773 einer bessere Ienheitsbe, duss, wie wollen
4619 706 4925 895 Trthr
2778 700 4030 924 Errertigt, wiez. B. Mebucf - dest
4066 713 5331 1023 Santsrif Gleichen halten de
2781 853 3999 1147 Es heen sieniert schlecht geh
4069 933 5299 1189 Zeit, in welche sie Geschrieb
2768 1010 3951 1269 Ist deu das desen wneeicht
4062 1096 5306 1333 wurte, size feheleist ret
2739 1154 5264 1445 zu mußt im ein Bestantten weit rists din gesekatier.
2723 1307 3970 1573 Aglück herte Münsche disen
5012 1371 5271 1515 11780
2752 1454 3947 1704 gibilt de Morauch drein
4072 1454 5223 1771 din Mensch f amn Geresse
2758 1614 3922 1828 Sumaet de Ser. Aliten
4050 1649 5255 1934 FustAgebern sich selbst
2755 1755 3442 2036 heite frihs.
4034 1799 5319 2055 zu verscherken Srackt er wur
4085 1934 5274 2167 endech, was diesen Geschrektes |
2704 2033 4034 2266 (Über Konolution und Tottschritt /.215 10.
4018 2106 5232 2330 war es noch so ken, est
2749 2263 3922 2579 Herst. Liebe de gemeist detoche
4021 2333 5191 2672 Unterschah schmenhelt mi
2771 2474 3820 2733 zu sempflest, verhilt sich off
4034 2519 5047 2787 este Angerblicki
2768 2611 3979 2854 de hndern viem Harlzu
2749 2672 4938 3014 dte Fransen, die sich nachse zwerte Verstimt,
2755 2925 3864 3139 wen er allwird vor ihmor
3749 3017 4027 3206 8 t 1
