3224 3928
283 129 2866 388 Anfang zu einem Essag: Wie die Minschheit von Zugend
252 289 2944 579 auf zur Demheit erzogen wird. Die Auefütrung wird
225 463 2811 681 noch lang unterbleiben müssen, die leidenschaft
201 599 1647 824 erstrekt meine Wort
153 800 374 926 ide
201 841 1807 1093 hanz zufällig fällt mis ein klines Büchlein in
167 997 1855 1208 die Hände. Es ist ein Katechismus u. zw eines,
153 1137 1835 1355 den die kleinen Kint gleich nach des Febel
163 1276 1804 1501 in die Handbekommen, auf daß sie das
191 1423 1923 1610 eben gelernte ABC behtmöglich anwnnte.
201 1579 1855 1760 Essand ihnes darin jener stägdsche Joop
150 1688 1855 1916 das Relszrose fanhrbel gfmacht, wirteren
174 1855 1896 2063 ihren Eswie ihnen darin mölichst einfoch
163 1974 1882 2212 und Klär das tiefe Gehenmes allen Nati
170 2114 1879 2328 wissenschafften Thilosphie aufgelöht und mon
167 2274 1937 2522 gibt herngleich zu lref, den behegiges¬
163 2413 1852 2611 werthen Rath, alles zu glauben und sich
174 2543 1906 2723 weites um nichtszukümmen. Der Titelblott
146 2675 1906 2859 fellt und der Nawe des Outors ist aube¬
133 2808 1841 3067 kannt. Ichnehme nur die Freiheit,
150 2971 1903 3213 den Herrn Sieglaus zunennen, das
167 3118 1906 3332 wird da ich dasannutze Buchte u durch
116 3254 2001 3468 wanten und mich anmanchem Platz weitzu
163 3339 2900 3639 lassen gedenke. manchmal an den Verfasser mit auh vor Frage
242 3557 1011 3771 zuwenden gedeke.
