6296 4264
309 669 3052 960 hieckdern, welche kaum ein Roth(nach dem neuen
262 837 2837 1109 Mass 17 Gramme) Talent besitzen, und sich
284 1000 2994 1240 erpreihen, ein trauerspiel zuschreiben. Was
291 1117 3005 1371 für ein Machwerk ist . B. Kotzebuei Bayerd,
233 1262 2965 1510 das ich ohnedies kürzlich genuchsam verressen.
269 1393 3019 1662 habe. der Verfasser v. Brunhite möge sich geehrt
291 1542 3041 1822 füsten, wennach allen jenen Dichterlingen seine Worte
164 1706 1644 1961 des Gesicht schleudrer
611 1953 2455 2219 Wer eine Krontteägt, der trag sie hoch
677 2433 2393 2728 CErthier Johrid Cer
502 2877 1055 3154 Foitr
4580 138 5245 280 1X11
4962 491 5856 735 wen 28/4 18J.
3627 793 5085 1048 Die Hochzeit zu Ulfosa.
3536 920 5140 1204 Schauspiel in 4 Oufzügen v. Hdberg.
3761 1051 5674 1364 Aus dem Schwedischen frei von 4. Derhardt
3241 1277 5893 1630 Sei es, daß uns der Stoff zu dieses Dremaswas
3223 1448 5998 1775 Ortund zeit anbelangt, zu ferne liegt, sie es daß
3223 1571 6056 1884 der Genrs des Dichters seinem Vorwerf nicht ganz
3252 1735 6064 2055 gewachsen war. – ich für meine Person konnte mich
3248 1870 6096 2175 für das Rauspiel an keiner Stelle erwärmen.
4303 1986 6140 2248 een Introess. in höherm Grade
3259 2077 4321 2317 fühlte niegends
4023 2190 4318 2310 Anderhei
3245 2113 6133 2412 angeregt. Wir dürfer uns (nicht verfehlen, daß
3252 2277 5998 2594 sich oftmals in dem Stücke wirkliche Poesen findes,
3208 2419 6078 2703 besonders indes ersten Hältte, geh. eine bemahr
3245 2564 6078 2870 durchwegs gehobene Ge Sprachen, zu weilen ein
3288 2674 6020 3030 ganz trefflicher Gedanken. gehören nicht zu
3299 2812 6053 3128 den geringsten Vorzügen des Werkes. - Aber die
3292 2946 5980 3292 Handlung ist zu wencg verwickelt, spörend zu
3226 3037 6155 3408 wenig sponnend, u wenig neue das Gage dreht¬
3332 3248 6111 3539 sich um eine Mesallianen; freilich nur eine
3325 3350 6042 3688 solche im Jahre 1261. Und wenn sich das ist
4692 3499 6013 3736 nen Stuk und
3332 3590 4118 3787 aucf dasi
3336 3630 6042 3928 alles läuft Das ist augenscheinliche ih |
3874 3838 4343 4045 solle sich
5540 3885 5976 4056 er
