6296 4216
334 618 2952 887 wegen der vollständig en Verwirrung nicht klug¬
356 783 2887 1034 Ime 1. Akte ist eine vorzügliche Exposition und
338 898 2956 1167 lebhaften Dramntischen Gang. Sehr schön dunkte
309 1059 1842 1300 mir auch folgende Steller:
363 1203 2051 1429 Günther ertwirst eine Schilderung Br¬
844 1350 2672 1544 Dereiche Rabensaar, den wilden blick
815 1490 2521 1717 die glutdurchhaucste, trot, Gestalt
743 1612 2661 1871 "Iie Schmünke ires) Enackuntengükteks).
381 1846 2999 2097 der 2. Akt eroPfant uns einen Einblick indas beben
417 2018 2930 2273 Brunfildens). Wir finden sehr schön- Schilderungen
402 2262 3096 2546 der 3. Akt schreitet lebendig vorwärts, Schöne Stellen,
560 2442 2995 2697 Kieghr Zu spienst in Frages reich, daß nur die Wir
758 2568 1903 2819 I Nebel so verhüllen
614 2740 865 2880 Brrunh
1623 2737 2521 2948 dassse schwerden
596 2837 2449 3103 Und träum in jene Stuncedich zurück,
632 2999 2557 3261 Da der Walktyre Zauber mit erwachte
582 3250 2679 3505 Frunf:" Dcaß im Fug ich eine Wand von Shner
686 3405 2604 3652 Keug 3) um dieß SLand jäubern kombe, daß
607 3548 2255 3803 zu bergen hoch sich kürnte, weden Eis)
611 3710 2729 3947 Umherlredbt, daß des TannenWaldes Stämme
5197 129 5491 302 1111
3713 154 4776 370 Alt 11x 1
3085 176 3440 359 a
3229 600 5168 887 zu einem Niesenzaune sich verflöchten,
3394 797 5329 1049 Aus dem aufreng kein Entrinnen wär¬
3297 1002 6026 1322 Besonders) das Eide dieses Aktes) ist sehr wirkung suole
3236 1293 4830 1577 I 4 Akte sagt Hagen sehr richtig
4356 1465 5764 1727 der Thron ist schon verloren,
3484 1645 4891 1806 der vor dem freen Worte bebl.
3236 1749 6033 1990 mn 13. Auftritt spricht Ate vorzügliche Gedankemaues, z. d.
3541 1911 5261 2140 Wer eine Kronsträcht, der trag see soch.
3221 2033 6109 2277 Überhaupt sind in diesem Akt viele ausgezeichnete Stellen¬
3290 2176 5627 2410 Jedoch ist der 7. Auftritt nicht lebendig genug¬
3275 2313 6073 2561 Nach im 5. Akte sind sehrgute Wendungen trotz seine,
3246 2453 4636 2704 oben erwähnten Sehlers¬
3325 2600 5283 2830 Im ganzen ist der 3. u. 4 Aks den beste.
3329 2729 5972 2995 Aus alleitt diesem ist zu ersehrn, daß „Aenmild"
3293 2880 5850 3132 ein sehr gelungene) Stulk ist. Zum Schlüsse
3282 3042 5890 3272 möchten wies noch, weil uns hier die richtige
3308 3171 5825 3372 Stellecng zu seindunkt, erwähnen, daß
3300 3290 5926 3505 wir uns doppelt darüber freuen, daß wir aus
3279 3426 5954 3681 diesem Stücke erdlich wieder im portisches Talent
3329 3588 5965 3821 herausffeit, und daß wir einit gegen alle
3293 3717 5861 3965 jene Stümpur unser Verdan̄ung Purth eit
