4072 3208
2066 127 3415 400 Also worinerste im Seals.
3433 154 3737 363 kont
232 136 1975 395 entsteht. Also vertheilt. Essr
2084 268 3084 500 das Glück lieg en¬
250 332 1953 581 muhs nun doch gearbeitet werde.
2075 363 3574 572 Elsmußt num Nage u Taulheit dahn
236 450 3796 754 Werden sich eine nicht einige eteken Tankheit ist un d Anfug alles Anheide
259 609 3769 890 wir krug hariesh das- und werde nicht der ist unausrottlan. Das Muat¬
2003 799 2643 1013 Gesindheit
259 808 1935 1094 arbeite. Ja, die Mehrzahl- un
2130 863 3833 1167 Slefs: Es gibt kein allg. Glück
232 967 2003 1217 wir nehmren an. Reine. Asso was
2075 1031 3483 1285 Ewrd nm besse werden.
209 1149 1957 1344 Erwird aalles oh Geldin Ruhs können - al
2993 1213 3647 1367 das führt im
2084 1181 2766 1385 In den Menshei,
218 1285 1957 1544 die Sthu? Hin? Werde sich alle Anhichte
2007 1299 3815 1589 aufs indiveGlück. Dn Weiswohl.
213 1435 1925 1680 vererben? Das kommet Geschlecht wirde
1989 1458 3783 1730 Aber die teicdschaften des andern¬
3519 1658 3669 1803 2)
195 1589 3397 1862 das umsteg. Oriatfendsch hand inen, die Tauhheit die Liebe (Beim
159 1721 3801 2012 werdlich - dlaze menscht. Len z Hauaners Statistik d menhhl Landt
2466 1903 2620 2053 iht
223 1907 3792 2207 Et entstehe. - Den Sacaler tas Wehen des Staatesvielleicht Pecht.
227 2057 1762 2316 falso einparkt. Unsinn
2039 2080 3197 2325 die Mangel eineszeit
2084 2239 3474 2452 Iner Mangel der Finge
200 2275 1971 2507 Aber erwitrt man. Wirverfolg ihn nicht
2130 2357 3406 2620 Äußern Fendschaf.
159 2425 1226 2629 bis in die Consegu
195 2539 3678 2811 Breweis, das die Halbheit zurichts die Welt thut vellenst in h
1989 2702 3656 2947 Cultun abz zue Schrittweit
200 2725 867 2961 kührt (Aus
890 2766 1889 3011 der Weltgesch.-
1998 2829 3819 3070 glücklich wir sie niemals
377 2884 908 3038 logische)
