3176 4232
785 1246 2874 1468 Liche braucht keine Mative, Freundschaft im Sinne von
782 1412 2885 1583 dauerndem Vertrauenumse dringendar. Wie kommt es, das
793 1553 2719 1721 weder Belväd. noch Pierre merken, dass der Zauber
819 1647 2829 1836 Taffiers mit seiner ersten tugend entschwunden ist?
798 1801 2762 1956 Diese Blindheit könnte die tragische Schuld sowol
859 1962 1994 2114 plvid. als pierre s bedeuten.
833 2084 2850 2223 Ternar: wie kant Taffier glauben, dass die Senatoren
790 2164 2727 2357 ohneweiters auf seine, des Denutizianiten Bitte die
846 2327 2893 2509 Verschwörer alle begnadigen werden? Er glaubt es auc
801 2429 2906 2637 nicat; es ist nur dem Auter netwendig, dass Taffiere
843 2554 2786 2762 glaubt. Und dabei irrt sich der Auter, dar es für
806 2714 2885 2885 netwändig hält; denn es sollte ihm an der Begnädiging
817 2834 2909 3032 all dieser Leut- auch gar nichts liegen. Es ist ja da-
827 2960 2896 3157 füir ihn Ungehaure geschehen, dass seiner Frau, die er-
817 3104 2917 3261 den Verschwörern als Geissel übergeben hat, von einem
785 3205 2928 3416 der Verschworenen, einem Freunde Pierre's, nachgestell
825 3341 2968 3557 wurde. Warum hat der Dichter gerade dieses Motive nict
838 3437 2866 3694 berützt, wie es zu verwerden wart wied höre ich faf-
841 3592 2856 3803 fiar rufen, das sind aid Lsute, für aie ich mich in
803 3723 2920 3926 ais furchtbarste Gefahr bringe? Und diesen Lauten soll
846 3846 2946 4030 ich Treus bewahren mit stefahr meines Lebeng? Wein, wr
