3464 4152
3007 454 3094 647 2
694 657 3104 831 Mein Vermögen vermache ich den Wohltätigkeitsanstal-
708 811 911 978 ten.
694 928 3047 1135 Ich bin viel geliebt worden; ich möchte den Frauen
694 1141 3081 1302 danken. Warum ich nicht geheiratet habe? Ich wollte
691 1268 3067 1428 nicht das Schicksal meiner Freunde teilen, denn...
654 1422 1569 1619 Der Dichter stockt.
694 1579 2526 1752 Die Andern sehen ihm über die Schulter.
694 1736 3037 1912 Der Kaufmann liest laut :seine Frau war schon vor
688 1892 2940 2043 10 Jahren gestorben: : Ich habe die Frauen aller
377 2009 3060 2206 Weinigung meiner Freunde gehabt, ich habe in keinem Haus ver-
367 2159 581 2259 die Sache
694 2206 3074 2373 kehrt, ohne dass die Hausfrau meine Geliebte wurde.
347 2246 554 2340 ist nicht
367 2310 554 2410 cauchly
684 2330 3020 2500 Die eine auf kürzere, die andere auf längere Zeit.
701 2520 3007 2667 Sie stehen alle stumm und wagn sich nicht anzu-
691 2663 1088 2777 schauen.
1682 2723 3104 2920 Allersten für ihn ein, er wenn nicht ihr einzig
637 2770 1662 2947 Der Kaufmann lächelt.
1689 2834 2413 2977 Meinzeit daß er mit
684 2940 3077 3124 Der Arzt: Wenn Ihre Frau auch tot ist, darum bleibt
694 3097 1315 3247 es doch wahr.
908 3194 1091 3294 Cignd
674 3231 3040 3398 Die Kand lle! schrie der Dichter.- - Aber es war wie
694 3404 2944 3588 ein Schrei aus der Ferne. Seine Frau war alt und
671 3548 1138 3705 hässlich.
