<?xml version="1.0" encoding="UTF-8" standalone="yes"?>
<PcGts xmlns="http://schema.primaresearch.org/PAGE/gts/pagecontent/2013-07-15" xmlns:xsi="http://www.w3.org/2001/XMLSchema-instance" xsi:schemaLocation="http://schema.primaresearch.org/PAGE/gts/pagecontent/2013-07-15 http://schema.primaresearch.org/PAGE/gts/pagecontent/2013-07-15/pagecontent.xsd">
    <Metadata>
        <Creator>prov=READ-COOP:name=TrHtr:version=2.1.0:model_id=51170:date=14_08_2023_09:23</Creator>
        <Created>2023-05-10T14:28:06.310+02:00</Created>
        <LastChange>2023-08-14T09:23:17.505+02:00</LastChange>
        <TranskribusMetadata docId="1428631" pageId="55420143" pageNr="3" tsid="132786719" status="IN_PROGRESS" userId="64420" imgUrl="https://files.transkribus.eu/Get?id=DMSLWSZKUOPFFBATWWBTBWLH&amp;fileType=view" xmlUrl="https://files.transkribus.eu/Get?id=EHAAACYZJNSRUHOCSMOHNAJU" imageId="44694245"/>
    </Metadata>
    <Page imageFilename="1428631_0003.jpg" imageWidth="3464" imageHeight="4152">
        <ReadingOrder>
            <OrderedGroup id="ro_1711820272299" caption="Regions reading order">
                <RegionRefIndexed index="0" regionRef="tr_1"/>
            </OrderedGroup>
        </ReadingOrder>
        <TextRegion id="tr_1" custom="readingOrder {index:0;}">
            <Coords points="632,552 3083,552 3083,2642 632,2642"/>
            <TextLine id="tr_1_tl_1" custom="readingOrder {index:0;}">
                <Coords points="2836,644 2870,644 2882,656 2888,653 2919,659 2925,518 2904,518 2894,512 2879,528 2864,518 2861,522 2843,518"/>
                <Baseline points="2856,605 2883,605 2928,602"/>
                <TextEquiv>
                    <Unicode>3</Unicode>
                </TextEquiv>
            </TextLine>
            <TextLine id="tr_1_tl_2" custom="readingOrder {index:1;}">
                <Coords points="656,833 3047,820 3050,698 2092,628 659,714"/>
                <Baseline points="674,790 683,788 728,785 773,788 817,790 862,788 907,790 952,788 996,788 1041,785 1086,785 1131,785 1176,782 1220,785 1265,785 1310,782 1355,782 1399,782 1444,782 1489,779 1534,779 1579,779 1623,776 1668,776 1713,776 1758,776 1802,776 1847,776 1892,776 1937,776 1981,773 2026,773 2071,773 2116,776 2161,773 2205,773 2250,773 2295,770 2340,770 2384,770 2429,770 2474,773 2519,773 2564,773 2608,770 2653,770 2698,770 2743,767 2787,767 2832,767 2877,764 2922,764 2966,764 3011,764 3056,764"/>
                <TextEquiv>
                    <Unicode>Der Arzt denkt an seine Kinder, an sein glückliche</Unicode>
                </TextEquiv>
            </TextLine>
            <TextLine id="tr_1_tl_3" custom="readingOrder {index:2;}">
                <Coords points="1946,869 1995,854 2053,878 2117,857 2150,878 2190,860 2205,872 2220,857 2263,857 2278,869 2324,851 2324,805 2300,796 2242,820 2162,790 2126,808 2083,787 1949,796"/>
                <Baseline points="1964,850 1973,853 2017,847 2062,847 2107,847 2152,847 2196,847 2241,847 2286,847 2331,844"/>
                <TextEquiv>
                    <Unicode>Vielleicht unter</Unicode>
                </TextEquiv>
            </TextLine>
            <TextLine id="tr_1_tl_4" custom="readingOrder {index:3;}">
                <Coords points="622,973 2821,961 2821,869 2397,827 622,851"/>
                <Baseline points="638,940 680,940 725,940 770,943 814,943 859,943 904,943 949,943 993,940 1038,940 1083,937 1128,937 1173,937 1217,937 1262,937 1307,934 1352,934 1396,934 1441,934 1486,934 1531,931 1576,931 1620,931 1665,931 1710,931 1755,928 1799,931 1844,928 1889,928 1934,928 1978,928 2023,925 2068,925 2113,928 2158,928 2202,928 2247,928 2292,928 2337,925 2381,925 2426,925 2471,925 2516,925 2561,922 2605,922 2650,922 2695,922 2740,922 2784,925 2829,925"/>
                <TextEquiv>
                    <Unicode>Ehe,- er versteht es nicht. Sie schwiegen Alle.</Unicode>
                </TextEquiv>
            </TextLine>
            <TextLine id="tr_1_tl_5" custom="readingOrder {index:4;}">
                <Coords points="665,1101 3001,1104 3001,1031 2776,985 665,1010"/>
                <Baseline points="683,1089 725,1089 770,1092 814,1092 859,1095 904,1095 949,1092 993,1089 1038,1092 1083,1089 1128,1089 1173,1089 1217,1089 1262,1089 1307,1086 1352,1086 1396,1086 1441,1086 1486,1086 1531,1086 1576,1089 1620,1086 1665,1086 1710,1086 1755,1083 1799,1086 1844,1083 1889,1083 1934,1083 1978,1083 2023,1080 2068,1080 2113,1080 2158,1080 2202,1080 2247,1080 2292,1080 2337,1077 2381,1077 2426,1077 2471,1080 2516,1077 2561,1077 2605,1077 2650,1077 2695,1077 2740,1077 2784,1074 2829,1074 2874,1074 2919,1074 2964,1077 3008,1080"/>
                <TextEquiv>
                    <Unicode>Was haben wir noch hier zu tun? sagte der Dichter.</Unicode>
                </TextEquiv>
            </TextLine>
            <TextLine id="tr_1_tl_6" custom="readingOrder {index:5;}">
                <Coords points="665,1281 2577,1293 3074,1241 3077,1135 665,1165"/>
                <Baseline points="683,1250 710,1247 755,1247 799,1247 844,1247 889,1247 934,1247 979,1250 1023,1247 1068,1247 1113,1247 1158,1247 1202,1244 1247,1241 1292,1241 1337,1241 1382,1241 1426,1244 1471,1247 1516,1247 1561,1247 1605,1244 1650,1241 1695,1241 1740,1241 1784,1241 1829,1241 1874,1238 1919,1238 1964,1238 2008,1235 2053,1235 2098,1238 2143,1235 2187,1238 2232,1238 2277,1235 2322,1235 2367,1235 2411,1235 2456,1235 2501,1232 2546,1232 2590,1232 2635,1232 2680,1232 2725,1232 2769,1232 2814,1232 2859,1229 2904,1229 2949,1226 2993,1226 3038,1223 3083,1220"/>
                <TextEquiv>
                    <Unicode>Sie gehen die Treppe hinunter. Sie schicken den Die-</Unicode>
                </TextEquiv>
            </TextLine>
            <TextLine id="tr_1_tl_7" custom="readingOrder {index:6;}">
                <Coords points="665,1470 720,1470 842,1400 909,1437 1034,1418 1092,1461 1205,1421 1330,1415 1388,1440 1388,1315 1287,1299 1049,1321 1006,1296 866,1321 830,1299 668,1360"/>
                <Baseline points="686,1402 731,1402 776,1402 820,1399 865,1402 910,1402 955,1399 999,1399 1044,1399 1089,1399 1134,1399 1179,1396 1223,1396 1268,1396 1313,1399 1358,1402 1396,1402"/>
                <TextEquiv>
                    <Unicode>ner ins Zimmer.</Unicode>
                </TextEquiv>
            </TextLine>
            <TextLine id="tr_1_tl_8" custom="readingOrder {index:7;}">
                <Coords points="622,1583 787,1559 903,1626 1125,1562 2281,1583 2281,1473 1848,1440 1784,1485 1629,1421 1528,1482 1318,1418 622,1476"/>
                <Baseline points="638,1555 677,1555 722,1555 767,1555 811,1555 856,1555 901,1555 946,1555 990,1552 1035,1552 1080,1555 1125,1555 1170,1555 1214,1552 1259,1552 1304,1552 1349,1552 1393,1552 1438,1552 1483,1552 1528,1552 1573,1552 1617,1549 1662,1549 1707,1549 1752,1549 1796,1549 1841,1546 1886,1546 1931,1546 1976,1543 2020,1546 2065,1546 2110,1546 2155,1546 2199,1546 2244,1549 2289,1552"/>
                <TextEquiv>
                    <Unicode>Der Kaufmann steigt in einen Wagen.</Unicode>
                </TextEquiv>
            </TextLine>
            <TextLine id="tr_1_tl_9" custom="readingOrder {index:8;}">
                <Coords points="668,1726 3050,1732 3050,1620 668,1638"/>
                <Baseline points="686,1710 731,1707 776,1710 820,1710 865,1713 910,1710 955,1710 999,1710 1044,1710 1089,1707 1134,1707 1179,1707 1223,1707 1268,1707 1313,1707 1358,1704 1402,1704 1447,1704 1492,1704 1537,1704 1581,1704 1626,1704 1671,1704 1716,1701 1761,1701 1805,1698 1850,1698 1895,1701 1940,1701 1984,1698 2029,1698 2074,1698 2119,1698 2164,1698 2208,1698 2253,1698 2298,1698 2343,1698 2387,1698 2432,1695 2477,1695 2522,1692 2567,1695 2611,1695 2656,1695 2701,1695 2746,1695 2790,1692 2835,1692 2880,1692 2925,1692 2969,1689 3014,1692 3059,1698"/>
                <TextEquiv>
                    <Unicode>Der Arzt und der Dichter schämen sich vor einander.</Unicode>
                </TextEquiv>
            </TextLine>
            <TextLine id="tr_1_tl_10" custom="readingOrder {index:9;}">
                <Coords points="750,1894 1485,1937 2577,1857 3053,1961 3056,1784 2742,1742 753,1781"/>
                <Baseline points="767,1862 779,1862 823,1862 868,1862 913,1862 958,1862 1002,1862 1047,1862 1092,1862 1137,1862 1182,1862 1226,1859 1271,1859 1316,1859 1361,1862 1405,1859 1450,1862 1495,1859 1540,1859 1584,1856 1629,1856 1674,1856 1719,1856 1764,1856 1808,1856 1853,1856 1898,1853 1943,1853 1987,1853 2032,1853 2077,1853 2122,1853 2167,1853 2211,1853 2256,1853 2301,1853 2346,1853 2390,1850 2435,1850 2480,1850 2525,1850 2570,1850 2614,1850 2659,1850 2704,1850 2749,1850 2793,1847 2838,1847 2883,1847 2928,1847 2972,1847 3017,1847 3062,1844"/>
                <TextEquiv>
                    <Unicode>Es war so dumm, so unbegreiflich,- wie ein wüster</Unicode>
                </TextEquiv>
            </TextLine>
            <TextLine id="tr_1_tl_11" custom="readingOrder {index:10;}">
                <Coords points="671,2068 759,2050 830,2065 851,2086 881,2068 936,2083 958,2062 982,2062 982,1909 939,1925 924,1918 888,1940 830,1922 805,1937 759,1909 671,1925"/>
                <Baseline points="689,2014 722,2011 767,2011 811,2011 856,2014 901,2014 946,2014 990,2011"/>
                <TextEquiv>
                    <Unicode>Traim!</Unicode>
                </TextEquiv>
            </TextLine>
            <TextLine id="tr_1_tl_12" custom="readingOrder {index:11;}">
                <Coords points="668,2199 1394,2242 2108,2162 2596,2230 3050,2181 3050,2050 2028,2086 1534,1982 1144,2108 668,2098"/>
                <Baseline points="686,2167 731,2167 776,2167 820,2167 865,2167 910,2167 955,2167 999,2167 1044,2164 1089,2164 1134,2164 1179,2164 1223,2164 1268,2164 1313,2164 1358,2164 1402,2164 1447,2164 1492,2164 1537,2164 1581,2164 1626,2164 1671,2164 1716,2164 1761,2164 1805,2164 1850,2164 1895,2161 1940,2161 1984,2158 2029,2158 2074,2158 2119,2158 2164,2158 2208,2158 2253,2158 2298,2158 2343,2158 2387,2158 2432,2158 2477,2158 2522,2158 2567,2158 2611,2155 2656,2155 2701,2155 2746,2155 2790,2155 2835,2158 2880,2155 2925,2158 2969,2158 3014,2155 3059,2161"/>
                <TextEquiv>
                    <Unicode>Der Dichter begleitet den Arzt bis zum Haustor. Der</Unicode>
                </TextEquiv>
            </TextLine>
            <TextLine id="tr_1_tl_13" custom="readingOrder {index:12;}">
                <Coords points="665,2348 2358,2355 2358,2211 1992,2257 903,2214 808,2266 665,2223"/>
                <Baseline points="683,2313 728,2316 773,2319 817,2319 862,2319 907,2322 952,2319 996,2319 1041,2319 1086,2319 1131,2319 1176,2319 1220,2319 1265,2319 1310,2319 1355,2319 1399,2319 1444,2319 1489,2319 1534,2316 1579,2316 1623,2316 1668,2316 1713,2316 1758,2316 1802,2313 1847,2316 1892,2316 1937,2316 1981,2313 2026,2316 2071,2313 2116,2313 2161,2313 2205,2313 2250,2313 2295,2313 2340,2316 2364,2319"/>
                <TextEquiv>
                    <Unicode>Wagen fährt nach. Der Arzt klingelt.</Unicode>
                </TextEquiv>
            </TextLine>
            <TextLine id="tr_1_tl_14" custom="readingOrder {index:13;}">
                <Coords points="616,2504 3062,2513 3062,2406 2843,2379 616,2397"/>
                <Baseline points="632,2480 653,2477 698,2477 743,2477 788,2474 832,2474 877,2477 922,2477 967,2477 1011,2474 1056,2474 1101,2474 1146,2474 1190,2474 1235,2474 1280,2474 1325,2477 1370,2474 1414,2474 1459,2474 1504,2474 1549,2474 1593,2471 1638,2471 1683,2471 1728,2468 1773,2468 1817,2471 1862,2468 1907,2468 1952,2468 1996,2468 2041,2468 2086,2468 2131,2468 2175,2468 2220,2468 2265,2468 2310,2468 2355,2468 2399,2468 2444,2468 2489,2465 2534,2468 2578,2465 2623,2465 2668,2465 2713,2465 2758,2465 2802,2465 2847,2465 2892,2465 2937,2462 2981,2462 3026,2462 3071,2465"/>
                <TextEquiv>
                    <Unicode>Der Dichter sagt: Ich werde es der meinen auch nicht</Unicode>
                </TextEquiv>
            </TextLine>
            <TextLine id="tr_1_tl_15" custom="readingOrder {index:14;}">
                <Coords points="616,2687 1068,2718 1498,2626 1958,2711 2233,2660 2233,2538 1162,2556 1064,2510 616,2562"/>
                <Baseline points="632,2626 677,2629 722,2632 767,2629 811,2629 856,2632 901,2629 946,2626 990,2626 1035,2626 1080,2626 1125,2623 1170,2626 1214,2626 1259,2623 1304,2626 1349,2623 1393,2623 1438,2623 1483,2623 1528,2623 1573,2623 1617,2623 1662,2623 1707,2623 1752,2623 1796,2623 1841,2623 1886,2623 1931,2623 1976,2623 2020,2620 2065,2620 2110,2620 2155,2620 2199,2626 2241,2632"/>
                <TextEquiv>
                    <Unicode>sagen. Sie drücken sich die Hände.</Unicode>
                </TextEquiv>
            </TextLine>
        </TextRegion>
    </Page>
</PcGts>
