3272 3608
2687 444 2814 535 62
1138 541 2762 748 Drégulein: Pardon, wenn Sie sich ihn viel-
1140 733 2473 853 leicht sympathisch gedacht haben.
1492 794 2123 887 Cfictln justende
1140 830 2944 1015 Karl bern; Meine Antipathie richtet sich mehr
1151 976 2480 1122 gegen den Helden,gegen den Fedor.
2189 1026 2844 1197 uns die nuh
1147 1094 2204 1213 Gregor: (lacht) Danke sehr.
2323 1142 2644 1288 Jehe
1340 1194 2100 1297 Ja denit Ihre Hantell
1142 1226 2971 1406 Karl Bern: Sie retten ih Ja Stücklicherweise.
1138 1370 2421 1527 Gregor: Er hat's auch notwendig.
1142 1492 2666 1670 kari Bern: (lachend) Vanke meinerseits.
1151 1615 2973 1806 Gregor: Sie entschuldigen schon. Aber aufrich-
1133 1765 2939 1931 tig gestanden, ich vereteh den Keri überhaupt
1140 1886 2930 2086 nicht. Was geht ihn das überhaupt an, ob die:
1142 2022 2914 2170 kanni eine Jungfrau ist oder nicht. Das ist
1147 2148 2305 2316 doch heute kein Problen mehr.
1131 2289 2869 2459 Karl dern:lbescheiden) Es ist ja eigentlich
1140 2443 2407 2584 auch nicht als, Problem gedacht.
1358 2518 1768 2603 srlaud Re¬
1133 2564 2543 2730 gregtr wan ninnt sie, wie sie sind.
1131 2673 2452 2841 Dögelmann: Oder lasst sie stehen.
1122 2810 2894 2987 Pregulein: (epielt) 49,50. Revanche gefällig?
1133 2958 2919 3133 Dogelmann: für heut hab ich genug, dritier Mus
1119 3083 2255 3265 ketier. (wirkt den dueu hinl
