3208 3640
2578 393 2748 560 278
901 560 2730 759 ten mir beinshe mein Stück sympathisch machen.
903 702 2665 928 Krahzi: Sie sind sehr freundlich zu mir, Herr
911 898 1202 1035 Loktor.
908 953 2708 1180 Fr. Menzel:lkonnt von rechts mit einen friefl
916 1110 2879 1292 Es sind Rosen in Ihre Garderobe gekommen, Fraulein
918 1237 2800 1446 Kriesel, der Frief war dabei. Der Herz dregnlein
908 1359 2795 1573 hat gemeint, iehrot m Een gletch verunten
876 1598 1038 1710 d
923 1645 2845 1864 Ineptaient: (gibt den Klavierepieler eid zeichen.
926 1799 2091 1976 derpofort zu spielen aufhörtl
941 1944 2245 2083 (1i11 und fr. Wenzel nach rechte)
938 2028 2937 2232 Franzi:lhat den brief geöfnet,liest ihn rasch für
926 2245 1180 2399 sicht.
946 2315 2907 2501 dregulein:(tritt zu krenzi( Na also - er hat sich
931 2479 1705 2613 es gloch überlegt-
951 2576 2780 2750 kranzi: Sie glauben doch nicht, dass der frief
951 2700 2787 2894 von ihm ist? Die Numen und der Brief, die sind
956 2830 2937 3006 von ganz nen andern - von einem andern Schuften,
1172 2969 1770 3146 inen grüseren.
1177 3116 2708 3290 lein: Ich kenn mich da nicht recht aus.
