3128 3528
1079 450 2933 627 Gerentie. Also auf Niedersehen und nochmals ai-
1064 578 2933 770 des kute kuch Beiden. (gibt Beiden die Hand, ab.
1081 707 2146 850 Eidon gibt ihm das Geleitel
1057 821 3011 1042 laanig:(zu Antoinette mit wirklicher Zärtlichteit
1059 962 1390 1072 Endlicht
1047 1069 2136 1256 Intpinetie: Mein Geliebstrt
1038 1232 2877 1419 Sidon:(zurückl de ist alles hinuptergeschaftt.
1045 1351 2894 1562 es ist wirklich die höchste beit, Kinder.dur Re-
1030 1516 2904 1686 gelmässig schreiben, meinetwegen nur Karten, aber
1028 1587 1361 1788 taglich.
1028 1764 2056 1954 (ludwig und Entoinetie abl
1028 1886 2758 2095 (sidon bieibt allein zurück, nach einer Meile
1008 2022 2790 2221 zun Fenster, sicht hinaus, minkt nicht, verbirgt
1004 2165 2364 2291 sich eher, wieder zurück ins Zinner
1004 2291 2503 2452 (er Diener beim Puftet macht Ordnung)
991 2413 1742 2590 Sidon:lunschläszig.
989 2564 2831 2739 Diener: Um welche Zeit münschen Herr Konnerzial
984 2651 1645 2802 rat des Soupfer!
967 2773 2780 2977 sidon: Ich gehe noch aus. Richten die mir den
965 2870 2697 3144 Snoking. Ich eese ficht zuhause. (resch ebl.
