3272 3496
1042 446 2744 643 (Göblein und Gregor gehen. Löblein zuerst, d
1042 662 2084 779 gor noch rasch zu Franzi)
1047 743 2820 933 Gregor: Nach dem Theater - heute: Ich will es
1040 942 1507 1088 KurxgukeAXX
1047 1003 2876 1278 Pranzi-lallein, vor den Spiegel, mecht sich garz
1052 1205 1342 1366 fertigl
1639 1247 2133 1383 Pr. Mentzler
1067 1291 2859 1505 (Die Gerderobiert(herein mit einem suket von
1054 1446 2187 1568 roten Rosen und einem Brief)
1064 1512 2766 1704 Fr. Wentzler: Grad abgegeben worden. Schön.
1057 1704 3012 1894 Franzi: (öftnet rasch den Brief,liest ihn für sich
1062 1848 1644 1977 und lacht auf)
1076 1994 1546 2184 (s klopftl
1079 2079 2827 2238 (pregulein ist an der Füref, Fr. Wentzler abl.
1079 2257 2944 2384 Dregulein: Ausgezeichnet geht's. Nur die paar
1069 2364 2993 2508 Minuten noch und alles ist gut. Ee wäre verrückt
1067 2476 3017 2657 generen abzusagen. Menn der Abend vorbei ist, bist
1069 2620 2114 2761 du an andern Ufer drüben.
1067 2764 1955 2903 Pranzi: din ich schon.
2844 2900 2973 3058 war
1076 2876 2696 3102 dregulein: Unso besser. Sich un Einen gra
