3288 3592
2766 433 2922 626 270
914 570 2924 822 Dögelmann: Kannen Sienicht n komnet du nicht mit.
934 738 2937 947 Tregulein? du hast ja nichts mehr zu tun in der Ko-
931 914 1191 1059 mödie!
952 995 2873 1232 Dregulein: Ich möcht doch noch wisgen, wie es aus-
957 1209 1211 1359 Fallt.
957 1272 2950 1471 Dögelmann: Steht ha morgen Früh ei in der Zeitung.
957 1400 2731 1616 wie egut die Gesphiehte den eigentlich auz
952 1565 2685 1759 Dreenlpin: In Resf das Stüsk nicht gelesen?
959 1659 3006 1888 Ich bin nicht so neugierig. Ich meise nicht einmal
970 1863 2148 2023 wie die berchichte ugeht.
970 1944 2634 2143 John: Itriti auf in der Macke des Moritiks
972 2059 2993 2265 Dögelmenn:(anerkennend) Fanos schaust du aus- Nes
972 2229 2069 2413 spielst du denn eigentlich?
980 2357 1670 2553 John: Rat einnal.
977 2504 2400 2688 Dögelmann: Einen polnischen Grafen.
987 2654 1667 2800 regulein:llacht)
993 2733 2957 2957 dögelmenn: Ja mohier soll ich denn das wiesent Ich
987 2878 2639 3046 hab ja im dritten Akt nichts mehr zu tun.
993 2957 2952 3199 regulein: Interessiert'« dich gar nicht?, wie die
995 3169 1774 3329 Geschichte ausgeht?.
