3144 3624
1138 567 1380 720 meniel
1147 667 2838 857 Fr. Eiderhof-Hetmekrttachte Melencholisch?
1163 791 2966 985 idon: die werden des begreifenzgnädige Fran.
1152 923 2897 1117 Pr. Eiderhof: die muesten doch dareuf gefasst
1140 1012 2925 1257 sein. Eine Rochter hat nar je nicht bit entg.
1154 1209 1990 1392 Auch sonst nienanden.
1156 1284 2961 1531 Sidon: Wen wird sich sein Leben eben ein menig
1163 1474 2157 1650 anders einrichten müegen.
1172 1604 2843 1789 Pr. Biderhof: des iet nicht so schlimm. Ich
1168 1723 2795 1938 richte mir mein Leben alle fart acht Rege
1179 1849 2897 2066 fert anders ein und fühle mich sehr wohi de
1170 2034 1355 2157 bei.
1179 2104 2945 2312 sidon: Nun, gnädige Frau, kunt genz leicht wire
1186 2251 2756 2429 es Innen heute auch nicht uns Herr sein.
1184 2376 2973 2545 Pr. Eiderhof:(andurchdringlich) Vieso? Was mie
1179 2518 2612 2692 sen Sie überhaupt von meinem Herzent
1184 2653 1869 2822 Sidon: Leider nie
1195 2749 3037 2961 Fr. Eiderhof: Von meinem Herzen hat mahrschein
1204 2886 2769 3071 lich noch niemend das Geringste gemest.
1193 3050 2580 3224 Adien und auf beldiges Wiederschent
