3304 3592
2474 380 2716 523 286 6
966 510 2768 706 Dregulein: Machen Sie sich an Ende Vormürfe?
982 635 3023 838 Wahrscheinlich hatte er Sie nicht gebraucht. Er ist
982 810 2229 922 ja mit seiner Braut im Theater.
961 890 2908 1083 Karl Bern: Braut - das ist auch so einfort. Menn
969 1047 2635 1216 er sich'e aber wieder anders überlegte...
1000 1169 2934 1351 Frégulein: Das muss unter jeder Bedingung vermie-
976 1323 1442 1463 den werden.
974 1453 2940 1620 Karl Bern: Dieser Ansicht war ich vor kurzem noch
966 1547 2979 1758 selbst. Aber wer weise, ob ich Recht habe? Die Din-
984 1705 1987 1836 ge sind nicht so einfach:
969 1794 3057 2026 Dreglein: Ganz einfach sind sie. Man muss nur wissen,
969 1968 1526 2135 was man will.
979 2052 2841 2255 Karl Dern: kann man aber auch wie sen... Man hat
984 2203 3049 2369 wahrscheinlich nicht das Recht Schicksal zu spielen.
1018 2346 2981 2526 regulein: Das habe ich Ihnen ja auch gesagt. Aber
974 2471 2914 2640 wenn man es einmal schon geten hat, dann darf man
974 2599 3065 2794 nachner nicht Anget kriegen. Und was diesen Fall an-
984 2786 1294 2911 belangt
