3224 3480
2715 434 2872 534 241
1183 517 1952 702 Nicht um Ihr Stück?
1188 652 2955 856 Karl Befn: Natürlich handelt es sich um mein
1186 801 2964 970 Stück. ie will ihre Rolle wieder haben. Ich
1193 934 2869 1114 denke nicht daran. Dieses Fräulein Friesel
1183 1081 2931 1259 wird viel besser oder wenigstene viel wahrer
1174 1193 2969 1371 sein, als die Roreda jemals gewesen wäre. Auch
1181 1335 2945 1518 der Intenddnt empfindet das. Der will nebst-
1181 1477 3007 1672 bei die Roveda los sein. Auch ist es eine Pre-
1171 1622 3014 1783 stigefrage für ihn. Ihre Situation ist schwie-
1174 1783 2129 1880 rig. Das fühlt sie auch.
1181 1916 2568 2054 Helene: Das ist mir zu kompliziert.
1162 2023 2931 2189 Karl Bern: Kurz und gut. Gerade unter diesen
1162 2170 2919 2350 Umstanden bin ich als Gentleman verpflichtet.
1157 2293 1605 2438 hinzugehen.
1152 2440 2649 2623 Helene:(nicht überzeugt) Entschieden.
1150 2544 3057 2725 Karl Bern: Du hältst mich doch für einen Gentle-
1143 2684 1318 2827 man?
1143 2810 1959 2985 Helene: Gerade dafür.
1136 2938 2172 3113 Karl Bern: O, des wer hart.
