3272 3480
2513 283 2666 475 228
939 402 1510 498 Sechstes Bild.
942 493 2129 664 Spelserinmer im Hause Prickes.
929 654 2980 827 Praeident Pricke an Mittagstiech mit seinen Kindern
918 809 2404 916 Helene und Richard. Schwarzer Kaffee.
926 944 2882 1128 Rlohard :ltrinkt seine Tasse rasch aus und erhebt
921 1032 1414 1178 sich) Adieu.
921 1149 2830 1336 kricke: (von der Zeitung aufblickend) So eilig?
913 1281 2941 1473 Richard: Ich ordiniere ja heute in Gerolde Wohnung.
910 1421 2845 1590 Fricke: Ja richtig.Auf heute Abend also. Ichmit
892 1543 2879 1704 mich noch sur sin Stünschen hinlegen. (zu Petenal
890 1689 2866 1862 Wirlst iapster (Blick zum Fenster) Es ist schön
892 1816 2806 1989 geworden. (zu Helene) Wilist du später ein wenig
887 1961 1857 2104 mit mir spazieren gehen?
874 2072 1652 2223 Helene: Gern,Vater.
879 2194 2843 2347 Fricke: Gegen vier, wenn's dir recht ist. Ich will
869 2321 2586 2519 mich noch auf ein Stündchen hinlegen. (abl.
872 2467 1476 2659 Richerd, Relene.
856 2589 2869 2770 Relene: Menn du doch etwas freundlicher sein könn-
864 2755 1063 2864 test.
859 2812 2926 3040 Richera: Ioh bin doch mehrhaftig nicht unfreundlich.
853 2967 2941 3170 Rolene: Vater zuliebe. solltest ein stnas heitereres
