3160 3720
531 333 808 482 24.9.30
971 533 2733 703 Antoinette: (tritt resch zu Richerdl Mas habt
964 686 2385 837 Ihr denn für Gcheinnisse, Mhr. Zweid
964 815 1699 961 RichardiGar keine.
964 913 2894 1132 Anteinette: Ee scheint doch. (plötzlicht mollen
983 1078 2261 1239 Sie mir mas versprechen, Richardz
966 1217 1370 1399 Richera:.
942 1309 2607 1487 Antoinette: dase Sie sein Freund bleiben.
956 1463 2757 1653 Richard: Das muse ich Ihnen erst versprechen.
964 1614 2850 1786 Antoinette: Es kommt vor, daes Freundschaften in
949 1721 2903 1896 die fruche gehen, wenn einer der Freunde heirätet.
944 1874 2672 2069 meist ist allerdings die Frau daran Schuld.
947 1998 2884 2181 Richard:(konventionell) Dann hinge es sa nur von
935 2149 1835 2266 Ihnen ab, gnädige Frau.
944 2239 2709 2431 Antoinette: Sie sollen wir Antoinetre sagen.
942 2385 2424 2543 Richerd:(verneigt sich konventionell)
939 2497 2845 2680 Antginetre: Es könnte ja der Fall sein, des Ee
920 2628 2830 2809 Er ncht sompathisch wären oder dass ich Ihnen
925 2787 2828 2976 mit der Zeit allzu sympathisch würde.-Oh, halten
956 2906 2692 3086 ie mich nicht furftokett -Ach liebe ludnig.
927 3013 2757 3220 Richerd: Er wird sich seines Glücks sicher in-
