3288 3496
2557 286 2742 426 209
1745 411 2976 603 ten interessieren sollte, so be-
1046 450 1302 569 Stück
1066 573 2946 743 mühen ie sich gefälligst in den Zuschauerraup.
1073 701 2951 881 Royeda: (fassungslos, entfernt sich plötzlich von
1078 842 3057 1051 der Bühne, bleibt auf der Brücke zwischen Zuschan-
1076 975 2023 1149 erraum und Rühne stehen!
1073 1144 2301 1277 Baron: Weiter, Fraulein Friezel.
1066 1258 3003 1418 Franzi: (I. d. R.) Aus allen Ihren Worten, mit denen
1063 1388 3030 1580 Sie mir so neh tun wollen, höre ich nur ein tiefes
1063 1536 1752 1679 Leid heraus --"
1066 1634 2949 1834 Roreca: (auf der Brückel(grossartigl Ich ersuche
1073 1794 2264 1959 um meine sofortige Entlassung!
1073 1871 2858 2109 Beron: Ich erwarte Ihr Gesuch, gnädige Frau,es
1071 2067 2151 2218 wird nichts im Hege stehen.
1063 2134 2784 2341 Roveda:lzuerst einen Schritt gegen die Bihm
1066 2326 2816 2496 ddann wieder zurück, in den Zuschauerraum, no
1073 2444 2823 2638 xerxxhuin im Dunkel verschwindet, aber stchen
1061 2577 1354 2744 bleibt)
1061 2693 2958 2867 Baron: Bitte fortufahren, Fräulein friesel. Ar
1061 2798 2909 2981 Prenzl:(I. d. 4.1 Aber ich werde dieses Leid von
1076 2949 2973 3143 Innen nehmen. Ich werde es..,denn ich liebe Sie.
