3336 3496
2732 245 2884 378 230
1214 373 2286 589 Fricke: Bis drei Uhr Früh.
1217 553 2155 708 Helene: Wahrscheinlich.
1222 657 2865 851 Fricke: Dieser Herr Karl Bern - bei allem
1229 737 3112 986 Respekt vor seinem Talent - die richtige Gesell-
1222 892 3102 1081 schaft für Richard scheint er mir doch nicht zu
1224 1074 3015 1258 sein. (faet verlegen) für dich übrigene auch
1231 1217 1774 1391 nicht, Helene.
1226 1304 2974 1510 Helene: Schade. Mir ist er sehr sympathisch.
1234 1478 2167 1595 Frücke: Das merke ich.
1229 1600 2736 1777 Helené: Ich habe sogar die Abeicht -
1243 1743 1811 1920 Bricke: (Blickl
1236 1818 2996 1990 Helene: (mit übertriebener Bestimmtheit) Eine
1236 2007 2375 2169 Stellung bei ihm anzunehmen.
1248 2143 1743 2300 Pricke: Nie?
1243 2203 3197 2446 delene: (imner mit gespielter Selbstverständlich-
1243 2402 3052 2509 keit) - Als Sekretärin. Ich bekäme einen ganz
1256 2489 3115 2695 anständigen Gehalt und hätte höchstens drei bis
1258 2664 2370 2836 vier Stunden täglich zu tun.
1248 2729 3090 2974 Fricke: Du bist wohl nicht ganz bei Prost, mein
1246 2945 1469 3110 Rind.
