3256 3496
2733 364 3006 488 288b
1146 471 2103 656 Fpdnigi Gl체cklichernehrs
1141 639 2892 805 Mondre, lmit m Spott) Und der Schmerz um
1120 770 2740 948 aloh hat ebeftenbar zu einer groesenk
1120 924 1720 1055 ieriybemacht.
1137 1018 2397 1176 f채nigt Wer hart du gegenhiche
1127 1139 2901 1344 Richard, Weier Antoinette, dass du im Theater
1130 1279 1349 1421 bistz
1144 1384 2924 1564 tudwig: Selbstverstundliel. Sie war es ja, die
1109 1540 2950 1697 mich gestern auf die Notiz in der Zeitung auf-
1118 1655 2822 1841 merkean gemacht hat, aagtunde ehe der Zug
1113 1830 2051 1930 in den Bahnhof einfuhr.
1118 1942 2819 2098 Liohard: Sie weise, dae du wegen Franzi im
1106 2068 1694 2205 Theater biet ?
1106 2175 2955 2366 tndwigi Ja. Sie wird alles wiesen. Inmer. Und
1106 2329 2880 2553 ich auch- "Ir werden kein bcheinnle vor ein-
1111 2469 1753 2646 ander heben.nie.
1102 2572 2833 2782 Dicherdi da splelet ein gef채hrlicher Spiel.
1106 2737 2793 2913 Ludwigi In der Liebe gibt es keine andern.
1085 2857 2962 3027 Uebrigene meinen Gl체ckmusch, da bist doch mit
1085 2973 2203 3139 Kethilde verlobt - endlich.
