2840 3400
2198 296 2340 447 233
662 481 2484 664 doch nicht so ruhig einen Tag nach dem andern
652 635 2359 779 verstreichen lassen. Ich möchte nichts zu b
650 747 2372 918 haben.. Ich will ihn nicht verlieren - wir
642 899 2101 1053 wollen ihn nicht verlieren, Mathilde.
637 1031 2486 1194 Mathilde: Was soll ich dabei? Lass mich gehen.
635 1148 2506 1324 Ich bin nichts für ihn,ich war nichts für ihn-
620 1292 2582 1468 Helene: Du weisst sehr gut, dass das nicht stimmt.
625 1414 2223 1585 Er hat nie eine Andere geliebt als dich.
613 1566 1610 1717 Mathilde:(lacht kurz auf)
611 1683 2462 1851 Helene: Glaub mir, dass das so ist. Das Unglück
611 1803 2523 1974 ist, dass mir so wenig Worte haben. Liebe - imner
603 1939 2452 2130 Liebe - Liebe-- Menn ich bedenke, dass Karl zu
598 2086 2237 2252 mir auch immer von seiner Liebe spricht-
589 2203 1886 2379 Mathilde: Und du ihm von deiner?
581 2342 1961 2513 Helene: Und es passt so gar nicht.
579 2477 2460 2662 Methilde: Etwas Aehnliches wird es schon sein.
572 2594 2506 2789 Helene: Ach, Mathilde, leicht ist des Leben wehr-
559 2740 2337 2899 haftig nicht und man meiss so selten, was das
557 2850 1026 3034 Rechte ist.
