3256 3496
2610 359 2754 509 237
1099 435 2901 613 doch so ziemlich den ganzen Tag beschäftigt.
1104 567 2868 762 studierst Sprachen, Kunstgeschichte,Klavier,
1094 699 2020 883 sogar Harmonielehre --
1078 856 2901 1030 Helene: Elles ohne Zweck., ohne Ziel.-Ich will
1083 997 3015 1172 einen Beruf haben, einen wirklichen Beruf,mit dem
1078 1104 2060 1253 man Geld verdienen kann.
1078 1250 2967 1438 Fricke: Das hast du glücklicherweise nicht not-
1076 1385 1354 1501 wendig.
1050 1496 3091 1686 Helene: Unso besser. Dafwerde ich unso mehr Freu-
1063 1625 2951 1805 de von meinem Beruf haben. Und vor allem einmal
1063 1762 2620 1931 eine Begelmässige Arbeit, eine Pflicht.
1058 1891 2853 2068 Fricke: Und eine andere Stellung, eine andere
1048 2020 2858 2207 Pflicht als Sekretarin bei Herrn Bern gäbe es
1040 2174 1309 2271 nicht?
1038 2286 2215 2435 Helene: Die bietet sich eben.
1050 2407 3065 2600 Fricke: Wenn ich dich zum Beispiel zu meiner Pri-
1038 2529 2959 2744 vatsekretärin machte,- ich wäre vielleicht sogar
1023 2663 2939 2903 in der Tage dir einen höheren Gehalt zu bewilli-
1018 2802 1797 2969 gen als Herrn Bern.
