3240 3480
1238 415 1639 590 lich daru.
1241 561 2991 734 Helene: Möchtest du wohl um diesen Preis ein
1241 705 2906 885 grosser Dichter sein, oder vielmehr gewesen
1224 854 1448 984 sein?
1222 946 3052 1165 Karl dern: Ehrlich gestanden nein. Daren liegt
1222 1118 2906 1316 es nohl. Auf der Melt sein, leben, glücklich
1215 1245 3005 1465 sein, das ist mir doch eigentlich das Wichtig-
1224 1363 2977 1573 ste. Das Richten konnt erst in meiter Linie
1215 1507 2956 1731 oder in dritter. Ich habe eben nicht den hei
1222 1623 1434 1708 ligen.
1217 1684 1741 1788 wegen Ernst.
1194 1783 3088 1977 Helene: Das fehlte noch. Ich hab ihn auch nicht.
1189 1906 2496 2087 Ueberhaupt nicht viel Heiliges.
1194 2059 2389 2220 Karl Bern: Mehr als du denkst.
1177 2177 2536 2368 Helene:1lächeind) Dch-Sünderin --
1170 2316 2840 2486 Karl Bern: Was ist Sünde“- was man bereut:
1161 2451 2972 2670 Helene:llachend) Du machst es dir wieder ein-
1153 2585 1616 2727 mal bequen.
1151 2701 2953 2897 Karl Bern: No käne man sonst hin? Aber jetzt
1142 2840 2154 3007 muse ich dir Adieu segen.
1137 2963 1991 3147 Nelene: So plötzlicht
