3320 3640
2763 427 2922 537 265
1180 549 2914 722 Dreguleini(zu Bern) Ee geht gut. (er verab-
1185 703 2202 789 schiedet sich und geht).
1178 804 2955 993 Karl Bern: Ich möchte doch lieber -- In der
1173 969 2552 1065 Autorenloge falle ich weniger auf.
1168 1103 3092 1228 Roveda: Er halt sich für einen Autor - köetlicht
1173 1211 2984 1379 Ein Lustknabe bist du,kein Autor, lass dir das
1180 1360 1665 1470 gesagt sein.
1185 1468 3068 1600 (Tur Loge IV yfinet sich. Helene blickt heraus,
1178 1629 2262 1777 verschwindet gleich wieder)
1166 1739 3056 1890 Foreda: 4i sieh doch, man ist wohl eifereüchtig.
1166 1842 3090 2032 Nun, ich will deinem Glück nicht im Wege stehen.
1166 1972 2979 2164 geh nur zu deinem Bräutchen. Auf morgen alsol
1171 2137 3092 2288 Inimnt ihn beim Kopf) Was biet du für ein süster
1154 2257 2931 2444 Kerlzwenndu auch noch Talent hättest - -(eie
1166 2416 1562 2497 küest ihn
1168 2478 3013 2631 (In diesem Augenblick öffnet Helene die Logen-
1159 2663 3046 2857 tur, stoht starr, die beiden Frauen schen einen
1154 2802 1696 2962 der inr Augel
1156 2871 2991 3078 Roreda: Ja. Fraulein, das komnt vor. Auf Wieder-
1154 3013 2691 3246 sohen,err dern. (zurück in ihre Logel.
