3176 3736
2186 534 2427 689 Gradet
1080 551 1840 734 Lndnigilsteht, bei R
1082 706 2167 853 Karl Bern:lmit Fr. Eiderhofl
2539 772 2670 925 ee
1085 801 2498 1004 Sidon:stritt zu Ludnigh Rirde nicht
1085 975 1480 1111 für Ruch
1077 1049 2787 1228 Indries Enser zug geht un neun Ihr wenid
1082 1206 2837 1387 Sident Josef hat deinen Reiseanzug gebracht.
1080 1309 2880 1507 Ludwig: Ach sa, es wird Zeit. Ist nicht tele-
1094 1478 1702 1626 foniert worden?
1092 1521 2789 1757 idon: An deinen Hochzeitstag werdenssich
1783 1690 2286 1776 in Riselone
1094 1704 3008 1859 doch hoffentlich deine Fattenten in Ruhe tegen-
1387 1840 2217 1900 deine kern Solculia
1092 1850 2825 2019 Indnig: Ich will mich also rasch unkleiden.
1092 1986 2937 2164 Vebrigens wollt ich dich noch um etwas bitten,
1094 2124 1359 2300 Vater.
1089 2262 2860 2422 Sidon: Dass du dich nur endlich entschliesst
1094 2350 3001 2536 mir Vater zu sagen. (etwas affektierte Zärtlich-
1094 2493 2484 2651 keit) Was wolltest du mich bittenk
1907 2608 2241 2675 meiner in
2272 2594 2586 2679 uuure
1092 2622 2944 2796 Ludwig: Eb und zu in der Wohnung nachzuschauen
1094 2746 2934 2896 Man kann sich auf die Handwerksleute so wenig
1106 2901 1521 3035 verlessen.
1094 3001 2915 3192 sidon: Aber selbstverständlich, ich werde mich
