3192 3496
2737 307 2898 448 257
1183 429 1495 536 ie gehen
2033 390 2900 545 Rechts unh setzen sich
1088 555 1575 672 dann auf die
1977 565 2837 692 der früffer der Logen-
1086 713 1731 801 schliesser sass)
1079 784 2920 986 Fricke: stritt zu Fr. Veithl Apfisteren sie sich.
1076 952 1627 1098 gnädige Frau?
1088 1064 2924 1242 Fr Veith: Ich bin etwas zeytreut. Glaubendie
1076 1193 2978 1368 nicht tom erseident, dese fir die Verlabung in
2221 1322 2883 1495 de ie hafe
1067 1342 2148 1493 die Zeitung setren sorstaf
1076 1456 2988 1634 pricke: Mte sie meinen efüdige Frau Hoffent-
1064 1580 1880 1756 lick auch zufrieden.
1101 1700 2866 1902 r. Veith: Ach mehr, als Iich es sagen kann. Die
1057 1863 2868 2043 hat ihn ja ihr Leben äfng geliebt. Ichh weise
1062 1980 2291 2148 gar nicht, was geworden) wäre --
2308 2089 2688 2284 3 4 17
1062 2118 2289 2277 Fricke: Nun ist ja alles gut.
1047 2272 2856 2408 Mathilde: (zu Richard) /Lachle doch Richard, sie
1057 2379 2881 2552 schen zu uns her. lnif Beziehung auf Pr. Neith
1054 2525 2781 2688 und Fricke) Verdirb ihnen die Freude nicht.
1054 2661 1480 2825 Arrtatther
1446 2730 2145 2842 et wolls Rah pelet
1052 2805 3005 2971 Fricke(Mir war auch fanchmal hungegenug ein wreun
1071 2883 1368 2976 Otschel
1054 2920 1588 3095 Eckens bang.
1042 3027 2739 3243 Nr. Veith:Schner hat dan's mit den Kindern.
