3144 3512
2627 322 2792 469 328
1063 455 2859 674 sie nicht geliebt. (Zann ein Mensch meiner Art.
1063 593 2815 768 überhaupt lieben? (Fordern, immer nur fordern.
1053 724 2845 925 Gegenwart, Vergangenheit und Zukunft - alles.:
1056 865 2873 1067 Mit welchem Recht, Frage ich?) Ich binseiner so
1067 1033 2426 1196 wenig wert als ich ihrer wert war.
1063 1097 2868 1316 Mathilde: Mer ist jemals des Andern wert oder
1063 1256 2790 1449 unwert? Gehen Rechnungen so einfach auf zwi-
1070 1392 2760 1569 schen menschen? Mit dem Recht ist es nicht
1072 1529 2866 1695 weit her in der Weit. (Ee lebt sicher irgendwo
1074 1654 2868 1861 einer, der mehr Recht hätte xammir geliebt zu
1074 1822 2801 1953 werden, von mir geliebt zu werden,-aber ich
1072 1923 2870 2107 liebe ihn eben nicht,ich kenne ihn nicht. Und
1070 2086 2824 2249 wenn ich ihn kennte würde ich wahrscheinlich
1072 2203 2785 2392 gar nicht bemerken, dass ich ihn eher lieben
1072 2360 1723 2512 sollte als dich.
1056 2456 2714 2638 Richard: Nein,Mathilde. Ich käme mir noch
1063 2578 2910 2753 lacherlicher und noch erbärmlicher vor ale ich
1072 2719 2912 2912 schen bin. Und es käne ein Augenblick, da würde
1063 2815 2778 2999 dir selber grauen vor dtr und utx vor, mir.
1060 2976 2836 3183 Nur eine Schreucht habe ich, und dazu der Mut
