3288 3512
2555 276 2700 407 373
1005 493 2786 718 schon in der fünften Reihe versteht man kaun
1031 690 1407 832 ein Vort.
1031 746 2826 956 Franzi:(plötzlich aus der Rolle deklanierend)
1000 907 2831 1106 So geh doch, ich bin es müde um deine Gnade zu
1975 1005 2389 1115 (zu Gregorl
1033 1024 2810 1237 flehen..“ Nein,so geht er nicht. Bringen die
1024 1192 1802 1360 mir die Stichworte.
1052 1253 2931 1489 Gregor:(aus der Roliel "Ze ist an Ende der Welt
1045 1456 2882 1620 wie hier und es gibt keinen Kuss keusch genug,
1057 1561 2812 1760 keine Umermung glühend genug und keine Liebe
1052 1697 2913 1886 enig genug, un die alten Küsse und die alte Lie-
1059 1837 2906 2031 be auszulöschen. Was mar ist, das ist der tiefe
1057 2008 1914 2172 Sinn des Geschehenen.
1071 2118 2810 2298 Franzi:(in der Roliel 180 geh doch. Ich bin
1075 2239 2915 2424 es müde um deine Gnede zu flehen wie eine Sün-
1078 2419 2880 2541 derin und vor einem auf den Knieén zu liegen,
1078 2515 2410 2658 der um nichts besser ist als ich.
1075 2630 2903 2812 Lsblein: ke wird schon gehen. Die Stimmung im
1078 2784 1779 2941 Publikum ist gut.
1110 2901 1765 3078 Rlingelzeichen)
