3160 3512
2644 248 2798 448 320
996 433 2808 618 in dieser Stunde mein Herz zurückwiesest, weil
996 584 2800 748 du es noch niemals so wenig verdient hast,ich
1001 723 2730 884 bringe es dir doch wieder entgegen, -weil du
1315 823 2123 903 dieses Herz so sehr
996 857 2454 989 noch niemixaxxe bedurft hast.
998 969 2800 1142 Richard: Ich danke dir. Aber das kann uns bei
993 1088 2722 1261 den nicht mehr helfen. Ich sehne mich nicht
989 1222 2783 1398 nach Glück, nach Gerechtigkeit sehne ich mich.
996 1371 2754 1536 Das einzig Anständige, das einzig Vernünftige
998 1512 2871 1678 war ja doch nur, dass ich ein Ende mit mir mach-
993 1644 1147 1763 te.
993 1722 2805 1924 Mathilde: Ich glaube nicht, dass ich dich dann
986 1894 2793 2075 höher achten, aber ich fürchte, dase ich
993 2026 2274 2189 dich dann weniger lieben würde.
1049 2140 2910 2311 ichard: Du sollst mich nicht lieben. Ich liebe
1001 2296 2837 2450 ja dich nicht. Ich habe auch sie nicht geliebt
986 2418 2834 2586 und ich bin deiner so wenig wert, als ich ihrer
996 2554 1680 2686 wert gewesen bin.
986 2671 2946 2854 Mathilde: Wer ist jemals des Andern wert oder un-
986 2788 2898 2973 wertz behen Rechnungen zwischen Menschen so ein-
986 2934 2764 3122 fach auf? Mit dem Recht ist es nicht so weit
989 3090 2910 3285 her auf der Melt. Ee lebt sicher irgendno einer.
