3272 3496
2678 379 2818 566 307
2065 546 2205 690 8ie
1148 685 1281 827 pan
1500 683 2521 832 ingeum, John und andere Sch
2710 658 2905 772 eler.
1066 800 2409 992 auch Inepiztent und Äühnenarbeiter
2434 802 2830 1001 eine näher
1069 957 1485 1101 treten und
1649 944 2354 1126 en der Srene bei.
1056 1074 2985 1233 Koreda: (schiebt Franzl eikkach weg und spricht di
1061 1228 3032 1378 Kolle einfach weiter) Auch Sie haben Erinnerungen.
1061 1325 3032 1497 Ich will nicht zugrunde gehen an dem, was vergangen
1056 1477 2419 1639 was überwunden, was nie erlebt ist.
1066 1604 2895 1759 Baron: Sie werden nicht benötigt, gnädige Frau.
1054 1746 2165 1913 Ich bitte, Fräulein Friesel.
1049 1866 1649 2030 Frenzi: (zögert)
1054 2000 1729 2165 Beron: Ich bitte.
1046 2123 3044 2270 Franzl: (1.d. R., aber zuerst zögernd.) Ich will nicht
1565 2222 1776 2307 vgan
1826 2270 2362 2327 meturmra
1049 2275 2847 2436 zugrunde gehen an dem, was nie erlebt ist. Sie
1051 2379 3042 2556 selbst, Feder, haben mir die Hand gereicht und nun-
1046 2524 2484 2698 mollen Sie sie mir wieder entzichen?
1039 2678 2626 2800 Reveda:(sprachlos, sieht im Kreise unher)
1046 2790 2952 2947 Greger: (weiter 1.d.R.) Ich habe keine Lust einen
1136 2912 3077 3094 den Irrtum in Ihrem Leben zu bedeuten und es gibt
