3224 3624
1027 620 1899 807 Prenzi: Dahest sa sel
1023 784 1513 911 werden wird.
1018 878 2270 1016 Richend: Du bist merkwürdig geft
1016 1018 2528 1207 renzi: Ich nache mir keine Iineienen
1013 1162 1894 1316 mich selben anbelengt
1018 1283 1785 1423 KrakararrkahrheftIx
1804 1385 1932 1461 mir
1016 1385 2749 1622 Pranzi ( was bleibt mitt denn übrierf4f Ich ne
1004 1539 1866 1709 mir keine Tinsionen:
1037 1662 2131 1849 scherd: Was mich anbelangt.
1023 1757 2886 1965 Frenzl: Auch nicht über mich selbst. Kenkturtek
1006 1948 1349 2081 aurknder
1006 2069 1844 2237 Richerd: Unso besser.
1035 2188 1674 2365 rebzi: für mich.
1023 2287 2921 2491 icherd: Und auch für mich. Jedesfalls werde ich
992 2436 2815 2633 an meinem Nochzeitstag, menn ich einen erleben
992 2583 2827 2756 sollte, in ruhigerer Verfassung sein dürfen, als
987 2708 2029 2886 es Ludnig heute mer.-+u
990 2820 2860 2940 Franzi:(imner bekrendeter) Was heisst dasf Ehre
1039 2929 2853 3087 r hat - Ihr habt miteinander -Ihr habt von mir
978 3045 1674 3217 heute gesprochent
975 3170 2860 3386 Richerd: Er iet einigermessen in Unruhe deinetm
