3304 3480
2804 360 2946 459 103
1228 459 2030 594 der grossen Phrasen.
1235 566 2960 741 Paron; (scharf) Danke. Diese Art von Probiere
1216 764 2139 849 ist vollkommen wertlos.
1219 828 3015 1032 dogelmenn: Hepr Beron, es ist unmöglich -näh-
2130 963 2416 1055 enchet
1216 1010 3043 1164 rend der Text noch nicht einmallfeststeht, wäh-
1212 1145 3048 1285 rend der Herr Regisseur und der Herr Autor im-
1202 1266 2979 1420 mer streichen- und modeln und während Erinak-
1204 1417 2967 1543 berzeihen, Herr Baron - Privatunterhaltungen
1204 1536 2331 1680 auf der Bühne stattfinden...
1214 1645 2953 1822 Baron: (scharf) Ich danke, Herr Dsgelmann. Wir
1193 1789 2951 1962 wollen andere Szenen durchprobieren, in denen
1183 1912 2993 2092 wir auf Ihre geschätzte Mitwirkung nicht an-
1178 2056 3064 2257 gewiesen sind, Neir Dögelmenn.Ich möchte endlich
1181 2179 2813 2369 einmal die Hauptstenen hören - zwischen-
1185 2326 3088 2511 (karl Vern:(ihm helfend) - Pedor und Kanni. Herr
1204 2461 2106 2608 regor und Frau Rorede.
1176 2584 2920 2769 Baron: Iet Frau Roveda vietleicht indess er-
1167 2716 2861 2882 schienen? (stille) Herr Leblein, vielleicht
1157 2837 2927 3034 bringen Sie die Stichworte. Oder könnte eine
1162 2989 2089 3171 der anwesenden Denen..
