2808 3384
2198 246 2346 437 232
616 380 2384 547 nen, diewsolche Gnaden annehmen würden. Mein
614 506 1672 683 Leben gehört dieser Toten.
616 650 2322 805 Mathilde:: Vielleicht. Aber ich nehme den.
612 741 2487 970 kampf mit ihr auf. Mein Dasein bicher war viel-
619 893 2539 1058 leicht nicht immer Liebe zu dir, aber es war ein
602 1039 2382 1197 eniges Wiseen um dich. Und in all dem Wissen
607 1159 2451 1331 bin ich bei dir geblieben. Ich weise nicht, was
612 1290 2446 1469 du für die Meit bedeutest, ich weise nur, was du
592 1421 2420 1593 mir bedeutest. Nur an einem Lebenden kann man
602 1593 2496 1751 gut machen,was man an einem Toten gesündigt hat.
602 1729 2468 1880 Richard: Wir haben es zu leicht,wir Lebendigen.
595 1890 2441 2007 Mathidde: Wie können es uns ja auch schwer ma-
595 1990 2468 2157 chen. Es liegt nur an uns. Jedenfalls ist nicht
592 2078 2384 2296 das beringete damit getan, wenn du dich in das
578 2245 1309 2398 Nichtsein rettest.
592 2384 2384 2558 Richard: Ich fühle meine Schuld dir gegenüber
576 2513 1944 2673 stärker als die gegenüber Franzi.
573 2635 1830 2795 Mathilde: Weder dort noch hier.
578 2766 1897 2914 Jetzt erst begänne dein Unrecht.
559 2883 2327 3058 Ich glaube, es gibt keine schwerere Sünde für
