3128 3512
2491 384 2662 543 313
921 493 2738 669 Karl Fern: Es ist beinahe eine Frühlingenacht
942 622 2709 814 geworden. Ich schlage vor(nöch eine Weile im
942 762 2738 954 Freien umherzuspazieren. Ee wird Ihnen sicher
937 916 1637 1077 wohl tun, Richard.
937 1034 2738 1208 Hichard! Ich danke Ihnen, ich dank Auch Allen,:
942 1167 2826 1336 aber laset mich lieber für heuteAch verspreche
932 1293 2781 1466 Euch feierlich keine Dumnheit oder etwas allzu,
940 1464 1829 1599 Vernünftiges zu tun.
932 1521 2823 1751 Mathilde:(das erste Nort, das sie sprichtl fasst
928 1730 1751 1843 mich mit ihm allein.
937 1817 2838 2055 Helens: (zögert einen Argenblick, Karl Bern nicht,
937 1981 1779 2100 beide entfernen sicht
928 2097 2830 2242 (Hichard, Mathilde überschreiten die Fahrbahn zum
973 2254 1471 2351 Fark hinüber)
1616 2273 1851 2418 Ru.
1884 2292 2368 2415 Me -millte
932 2363 2785 2520 Mathilde: Ich hab keine Engst um dich. Aber ich
932 2496 2700 2660 kann dich doch nicht (allein lassen in dieser
940 2614 2690 2790 Stunde. Vielleicht wünsche ich auch nur, dass
932 2747 2686 2913 au mich nicht allein iaest in dieser Stunde.
949 2873 2690 3098 Ticherd: Ich elabe Du sprichst zu einem An-
