3336 3512
708 223 1017 365 4. 6. 1830
2786 311 2938 473 228
1088 417 1664 627 Sechstes bild.
1100 576 2247 764 Speisezimner im Hause Kricke.
1102 737 2979 882 Prasident Fricke an Mittagstisch mit seinen Kin-
1098 877 3006 970 dern Helene und Richard. Schwarzer Kaftee. Doktor
1083 990 1940 1152 Fricke liest Zeitung.
1085 1127 2960 1306 Hichard(trinkt seine Tasse rasch aus und erhebt
1080 1242 1617 1421 sicht Adien.
1076 1394 3043 1563 Dr. Fricke: (von dèr Zeitung aufblickend) So eilig?
1083 1521 3033 1695 Richard: Ee ist gleich drei Uhr und ich ordiniere
1076 1686 2200 1793 ja heute in Gerolds Wohnung.
1076 1766 2996 1948 Fricke: Richtig. Hat der überhaupt schon Fraxie?
1061 1950 2969 2087 Richard: Jedenfalls hat er ein wirkliches Warte-
1071 2036 1360 2195 zimmer.
1061 2173 2920 2313 Fricke: Du weisst, mein Sohn, dass dir der Salon
1073 2305 2911 2492 von drei bis fünf zur Verfügung stcht. Sobald
1061 2450 3016 2634 das halbe futzend Patienten oder Patientinnen er-
1056 2565 2913 2756 reicht ist - ich verspreche es dir -sollst du
1051 2717 2144 2889 deine eigene Wohnung haben.
1054 2842 3018 3018 Richerd: Ich fürchte beinche, das wira noch einige
1054 2972 2960 3165 Zeit dauern. Also adieu. Auf Wiederschen, Relene.
