3240 3496
665 903 1004 1068 Min.
2781 360 2964 518 272
1082 481 2925 683 Franzli Jetzt konnt ja nur der kurze Auftritt.
1091 667 1832 828 B. vern, Dregalein.
1100 768 2875 945 Dreguleini komnen, Pie nicht hinunter auf die
1103 933 1353 1094 Bahner
1098 1034 2836 1192 Bern: dein, ich hab genug, es ist kaum zu er-
1094 1160 2856 1343 tragen. Und ganz hilflos ist man. Ich möchte
1112 1293 2820 1476 imner selber auf die Bühne und das Richtige
1098 1481 1362 1607 sagen.
1100 1543 2671 1738 Dregulein: Ee würde auch nicht stimmer.
1107 1694 2838 1866 dern: Daes alles so festgelegt lst,se etcht.
1100 1848 2038 1978 nun da und soil gelten.
1105 1978 2806 2155 (Dann zieht es ihn wieder hinunter auf die
1112 2125 1362 2247 bühne)
1100 2231 1923 2403 6. Franzi-Dreguletn.
1112 2386 2797 2522 Jetet hat sie den Aichard in der Loge ent-
1107 2508 2838 2664 destt -nit seiner kreut. Ee ist genug. Ich
1121 2602 1956 2776 trete nicht mehr auf.
1137 2728 2524 2930 reguleihi Ee mer daß schoff vorbel.
1107 2873 2884 3058 Pransli Narum gerade Gregort Auf die Strässe
1110 3042 1456 3189 geh ich.
