3128 3704
2158 396 2624 594 aufde Bete
864 530 2807 715 Antoinette: Neulich habe ich sie spielen gesehen.
871 661 2802 851 Ladnig meire er ger nicht. Se war d ein piötzli-
864 797 2646 975 eher Einkall von nir. Eine ganz kleine Kolle.
861 963 2156 1126 Rieherd: Rat sie Ihnen gefallent
869 1052 2861 1242 Antoinette:/nschdenklich! Sie hat sehr seelenvolle
874 1213 2747 1366 Augen. Hubsch kann ich sie ja gar nicht finden.
1784 1307 2784 1510 sch eine Venne wäre - die
849 1312 1695 1507 Rioherd. Vnd nenete
871 1483 1364 1651 Sache ist mur
864 1572 2658 1794 Siden: Da steht sie und pladdert. Antoinette-
871 1708 2755 1918 getoinette: Din schon da. Du hast wohl Anget ge-
861 1836 2831 2042 habt, Vater, dase ich vergesser Nein, ich weist ganz
861 1987 2817 2173 genau, dass ich seit heute Mittag zeif Uhr Antoi-
856 2121 2740 2302 nette Gerold heisse und dass ich mich jetzt un-
861 2237 2740 2445 Kielden muss, weil an neun Uhr wenzig unser Zug
869 2401 2094 2562 nach Venedig abgeht. lrasch abl
854 2512 1436 2658 Sidon-Richerd.
866 2626 2831 2846 srdon: Nun, lieber Doktor, menn werden ie es Ihren
861 2792 1507 2968 Freunde nechtund
889 2906 2846 3114 Aicherd:liachelnd, resstriert) Ich bin un ein Jahr
851 3091 1136 3232 Jünger.
