3272 3608
706 1754 966 1892 dsm
1041 568 1534 768 Ihrem Stück.
1044 713 2750 887 Karl Bern: Die Emmi liesse sich umbesetzen.
1865 819 2172 906 nebitbe
1044 841 2938 995 Dregulein:(zu Gregor) Und es wäre doch ganz ori-
1046 954 2989 1157 sinelz mit Einer zu spielen, mit der man kein Ver-
1037 1145 1532 1290 haltnis hat.
1034 1244 2832 1421 Dögelmann: Es wären ja noch drei Tage bie zur
1027 1401 1404 1522 Première.
1034 1491 2941 1679 karl Bern: Na, warten wir die morgige Probe ab...
1049 1626 2907 1824 Dr. Braun: (zu Dregulein) Wie wär's mit einerska-
1034 1771 1566 1940 ranbolpartier
1037 1914 1957 2073 Dregulein: Einverstande.
1032 2047 1805 2201 Richard:that angest:
2409 2047 2875 2225 wurde immer
1032 2175 2890 2334 nervöser,hat den Keliner gerufen und will zah-
1034 2322 1194 2421 len)
1027 2375 2928 2624 herl Bern:lder des benerkt, zu ihm hinl Entschal-
1032 2559 2895 2738 digen Sie, lieber Doktor. Unere Dohtekpartte...
1029 2689 2380 2861 (das Schachbrett steht schon dort)
1020 2820 2926 2974 Richard: Aber lassen Sie sich doch nicht stören,
1032 2916 2892 3127 Sie haben sa mit den Herpen noch wichtige Dinge
1017 3049 1587 3228 zu besprechen.
