2840 3416
2170 307 2325 429 227
566 419 1282 630 ihn allein, Feiene.
556 612 1279 767 Helene:(befremdet)
550 739 2165 904 Mathilde! Darf ich mit dir reden,Richard!
548 866 2555 1070 Helene: (sieht Mathilde zuerst erstaunt an, dann be-
550 1010 2256 1207 frledigt nickt sie, küsst Mathilde und geht)
535 1145 1245 1349 Mathilde, Richard.
535 1269 2524 1504 Mathilde: Warum wolltest du heute zum letzten Male
530 1452 953 1599 hier sein?
530 1553 2457 1713 Richard: Einmal musste es doch wohl zum letzten
514 1705 940 1847 Male sein.
514 1845 2442 1997 Mathilde? Ich habé keine Rechte an dich. Nur das
517 1971 2008 2116 eine: dass du mir die Wahrheit sagst.
517 2080 2592 2274 Richerd: xrauxxedEgekae So lass mich zuerst
512 2222 1995 2362 dich fragen: marum seid Ihr gekommen?
499 2341 2509 2529 Mathilde: Ich müsst es kaun selber, aber ich meine,
517 2483 2548 2666 es war gerade an der Zeit.(Morgen wäre es zu spät
506 2607 876 2757 gewesen).
493 2723 2550 2933 Richard: Und habt Ihr Buch eingebildet, dass solch
491 2868 2338 3067 ein törichter, kindischer. Schritt an einem Ent-
