3272 3512
1231 535 1850 731 Dregulein: Nes?
1236 679 2825 870 Karl Bern: Ob diese kleine Friesel überh
1226 848 2239 989 die Fanny spielen könnte?
1236 963 2237 1119 Dregulein: Vielleicht --
1231 1080 3095 1243 Karl Bern: Ee könnte nämlich bedeutungsvoll für
1226 1217 3028 1365 sie werden - schicksalvoll gerädezu. Durch ei-
1224 1348 3083 1496 nen tufall sind mir nämlich gewisse äussere Le-
1236 1458 3054 1651 vensumstände bekannt geworden - es wäre denk-
1236 1611 3009 1783 bar, dass einschauspielerischer Erfolg für die
1224 1733 2980 1900 kleine eine Art Hettung- oder sagen wir Er-
1228 1862 1912 2039 lösung bedeutete.
1224 1996 3140 2175 Dregulein: Sind Sie dazu da, um Schicksal zu spie-
1219 2139 2999 2280 len? Es könnte ja auch ein Misserfolg sein-
1224 2263 3014 2409 eine Schädigung ihrer Carrière...man kann nie
1205 2364 1530 2548 wissen.
1202 2521 2660 2696 Richerd:(schreibt ensig einen Friefl
1212 2651 3016 2811 Karl Bern:l werkt ex: zu Dregulein) Natürlich.
1193 2782 2959 2933 schliesslich haben wir je nicht in der Hand
1205 2901 2686 3052 vielleicht stehen die Chancen gleich.
1205 3066 3100 3281 Dregulein: Reden Sie doch einmal mit der Rovede-
