3320 3624
2441 492 2597 648 254
893 560 2884 737 atte:(von linke) Auten ihend, Herr Prasident. Ich
861 744 2792 893 habe ja heute schon einmal das Vergnügen gehabt.
861 838 2868 1046 Prickeilversteht nicht gleicht ich so - Sie meinen
856 1007 1551 1150 puf dem Friedhof?
848 1103 2782 1330 Rutte: Vergnügen let freilich nicht das richtige
854 1267 1083 1392 Wort.
856 1374 2785 1567 Gradel: Ja, das hatte er sich heute vor acht Tegen
843 1499 2691 1681 nicht träumen lassen, der Herr Kommerzialrat..
841 1647 2837 1801 Helene:(winkt von der Loge aus, ihren Vater herein)
880 1780 2605 1928 ie entschuldigen,meine Herren.(in die Loge)
838 1905 2936 2077 Rutte: (zu Gradl) Was sagst du dazuf, dase Frau Eider-
838 2048 2730 2215 hof im Theater lett, wo doch jeder Mensch weiee,
828 2173 2782 2366 dess der Konnerzlalrat, wie man so segt, in ihren
835 2324 1720 2467 Armen gestorben ist...
825 2433 2688 2605 Gradl: Warum nichtz Ofriztell wird sie ja doch
820 2576 2889 2764 nicht un ihn trauern und privet mahrscheinlich auch
817 2691 1080 2847 nicht.
804 2798 2826 3040 Ratte: Keer freilich. Aber vor den Krieg wer
809 2951 2134 3133 eoner doch necht möglich gewegen.
812 3079 2686 3362 Gradl: Ja, mir leben in einer sitrenloefn helt.
