3176 3736
1059 537 2814 759 ddes Rotens, wenn da eo lange verten wildet
1064 711 2841 894 ich möchte nur noch Mathilde ddteu engen.(eu
1064 885 1482 1054 inen hent
1059 967 2870 1158 Antolnetterten Rolene mit Mlick auf Mathildel
1061 1124 2949 1291 Sofort fangt sie zu strahlen an. Se iet gerade-
1071 1231 3015 1438 zu rährend. Narum hetratet er sie nicht endlicht
1081 1371 2908 1554 Richerdi Rart da mir schen verziehen, Mathilde.
1066 1521 1932 1712 Une Siesgnedige Frag
1078 1637 1849 1808 Aschilde: wes dem
2519 1719 2845 1893 et atot
1078 1789 2427 1958 Richerdi daee ich vorgeetern Abend
1289 1898 1789 1987 gekommen bin.
1085 2072 1837 2234 nahen
2270 2110 2500 2227 deite
1100 2156 2792 2359 vethiide: Da hart plotzlich den Dienet über
1088 2340 1547 2480 nen mürsent
1088 2434 2870 2637 Richerdi Lelder. Darf ich vielleicht morgen.
1081 2582 2908 2756 Pr. Telthi konnen die soch Danetag in unsere
2113 2710 2969 2879 dern und Reiene ne-
1088 2722 1811 2896 loge zur Frenldre
1114 2848 1634 3022 turlich auch.
1170 2959 2744 3189 ie treten zn Rofene und lätslaette htal
