3272 3464
2781 320 2941 444 271
1154 451 1987 584 Gregor: (verschwindet)
1151 579 2827 776 Dregulein: Also seid Ihr so weit... Hat er
1156 720 2280 890 etwas von sich hören lassen?
1151 863 2317 1016 Franzi: Was geht mich das an.
1565 959 1920 1040 Mach dir
1178 988 2956 1146 regulein:Mankenxxaxxch Richts draus. Jetzt
1141 1124 2911 1279 kannst du haben wen du willst. Aile sind wir
1151 1255 3000 1412 Schufte, es hat nur nicht jeder die Gelegenheit.
1159 1385 2830 1570 (jetzt werden die roten Rosen gebracht mit
1159 1543 1642 1642 einem Brief)
1173 1666 2076 1799 tregmlein: Also doch...
1183 1780 2847 1974 Franzi: Sie irren sich; Sie sind von einem
1156 1925 3054 2068 andern, von einem grösseren Schuften. (sie liest:
1156 2043 2152 2206 seinen Brief, nicht laut)
1154 2204 2411 2347 4. Bern kommt. Franzi, tregulein.
1166 2315 2968 2482 Bern: Also hier sind ie noch? Ich will Ihnen
1151 2453 2601 2610 nur gratulieren. Sie sind wunderbar.
1171 2591 2712 2731 Franzi: Aber jetzt kommt das Schwerzte.
1166 2716 2650 2872 Bern: Das wird ganz von selber gehen.
1173 2837 3155 3025 Garderohiére: (komnt) Fraulein kranzi, Ihr Auftritt.
1129 2990 2177 3187 lrdingelzeichen von antenl
