<?xml version="1.0" encoding="UTF-8" standalone="yes"?>
<PcGts xmlns="http://schema.primaresearch.org/PAGE/gts/pagecontent/2013-07-15" xmlns:xsi="http://www.w3.org/2001/XMLSchema-instance" xsi:schemaLocation="http://schema.primaresearch.org/PAGE/gts/pagecontent/2013-07-15 http://schema.primaresearch.org/PAGE/gts/pagecontent/2013-07-15/pagecontent.xsd">
    <Metadata>
        <Creator>prov=READ-COOP:name=PyLaia@TranskribusPlatform:version=2.7.0:model_id=50870:lm=none:date=22_01_2024_18:09</Creator>
        <Created>2023-09-27T14:33:36.783+02:00</Created>
        <LastChange>2024-01-22T18:09:59.336+01:00</LastChange>
        <TranskribusMetadata docId="1589031" pageId="60123228" pageNr="212" tsid="145631472" status="IN_PROGRESS" userId="40391" imgUrl="https://files.transkribus.eu/Get?id=IRVIFAOZTEDYPGFFWWFRYDZR&amp;fileType=view" xmlUrl="https://files.transkribus.eu/Get?id=QVBFKGDLAHDHZIBSAAALXONB" imageId="48548306"/>
    </Metadata>
    <Page imageFilename="1589031_0212.jpg" imageWidth="3272" imageHeight="3512">
        <ReadingOrder>
            <OrderedGroup id="ro_1711794405158" caption="Regions reading order">
                <RegionRefIndexed index="0" regionRef="tr_1"/>
            </OrderedGroup>
        </ReadingOrder>
        <TextRegion orientation="0.0" id="tr_1" custom="readingOrder {index:0;}">
            <Coords points="704,495 704,3238 3093,3238 3093,495"/>
            <TextLine id="tr_1_tl_1" custom="readingOrder {index:0;}">
                <Coords points="1108,615 2886,617 2886,493 2806,474 2354,499 2180,452 1910,499 1111,502"/>
                <Baseline points="1125,579 1213,573 1301,576 1389,572 1478,572 1566,572 1654,570 1742,564 1831,564 1919,563 2007,561 2095,561 2184,558 2272,558 2360,555 2448,555 2537,552 2625,552 2713,552 2801,552 2890,552"/>
                <TextEquiv>
                    <Unicode>18ie sehen waider nach rechte und setzen sich</Unicode>
                </TextEquiv>
            </TextLine>
            <TextLine id="tr_1_tl_2" custom="readingOrder {index:1;}">
                <Coords points="1111,777 2233,725 2310,766 2566,725 2853,772 2855,623 2820,612 1114,631"/>
                <Baseline points="1125,710 1211,707 1298,707 1385,707 1472,704 1559,704 1646,704 1733,701 1820,702 1907,699 1994,698 2080,695 2167,694 2254,692 2341,694 2428,692 2515,689 2602,692 2689,692 2776,686 2863,677"/>
                <TextEquiv>
                    <Unicode>dann auf die Bank, auf der früher der Legen-</Unicode>
                </TextEquiv>
            </TextLine>
            <TextLine id="tr_1_tl_3" custom="readingOrder {index:2;}">
                <Coords points="1108,885 1323,912 1538,879 1783,921 1783,780 1725,758 1497,783 1455,763 1359,791 1301,761 1229,788 1166,761 1108,780"/>
                <Baseline points="1122,845 1155,843 1188,840 1222,839 1255,839 1289,839 1322,839 1356,839 1389,839 1423,839 1456,839 1489,839 1523,839 1556,841 1590,840 1623,839 1657,839 1690,839 1724,839 1757,839 1791,839"/>
                <TextEquiv>
                    <Unicode>Sohliesser sasel</Unicode>
                </TextEquiv>
            </TextLine>
            <TextLine id="tr_1_tl_4" custom="readingOrder {index:3;}">
                <Coords points="1102,1042 1984,1039 2401,965 2770,1006 2891,1064 2946,1025 2949,882 1596,921 1453,882 1257,926 1105,896"/>
                <Baseline points="1119,979 1210,973 1302,970 1394,973 1486,970 1578,970 1670,969 1761,967 1853,964 1945,966 2037,965 2129,964 2221,961 2313,960 2404,959 2496,958 2588,958 2680,958 2772,958 2864,958 2956,961"/>
                <TextEquiv>
                    <Unicode>Pricke:(tritt an Fr. Veithl Anusieren Sie sich,</Unicode>
                </TextEquiv>
            </TextLine>
            <TextLine id="tr_1_tl_5" custom="readingOrder {index:4;}">
                <Coords points="1114,1144 1188,1125 1276,1166 1411,1108 1436,1133 1510,1114 1634,1149 1637,1023 1436,1023 1386,1050 1323,1025 1182,1058 1116,1042"/>
                <Baseline points="1131,1113 1156,1112 1182,1109 1207,1107 1233,1107 1258,1107 1284,1107 1309,1107 1335,1106 1360,1103 1386,1101 1412,1101 1437,1100 1463,1098 1488,1101 1514,1104 1539,1102 1565,1101 1590,1101 1616,1100 1642,1098"/>
                <TextEquiv>
                    <Unicode>gnädige Fraut</Unicode>
                </TextEquiv>
            </TextLine>
            <TextLine id="tr_1_tl_6" custom="readingOrder {index:5;}">
                <Coords points="1111,1271 1276,1317 1521,1251 1811,1287 2070,1240 2161,1284 2271,1243 2522,1271 2616,1238 2696,1282 2957,1243 2957,1125 2880,1102 2249,1174 1869,1141 1783,1182 1499,1114 1326,1171 1114,1163"/>
                <Baseline points="1128,1230 1219,1236 1311,1236 1403,1235 1494,1234 1586,1233 1678,1232 1769,1230 1861,1229 1953,1227 2045,1227 2136,1227 2228,1225 2320,1224 2411,1222 2503,1221 2595,1219 2686,1215 2778,1215 2870,1218 2962,1218"/>
                <TextEquiv>
                    <Unicode>Dr.Veith: Ich hin etwas zerstreut. Flauben die</Unicode>
                </TextEquiv>
            </TextLine>
            <TextLine id="tr_1_tl_7" custom="readingOrder {index:6;}">
                <Coords points="1102,1381 1362,1436 2103,1375 2180,1433 2392,1458 2566,1453 2767,1381 2949,1397 2949,1251 2916,1249 2745,1301 2558,1254 2277,1309 1612,1262 1102,1323"/>
                <Baseline points="1119,1376 1210,1373 1302,1370 1394,1370 1486,1366 1578,1364 1670,1361 1761,1361 1853,1362 1945,1362 2037,1363 2129,1360 2221,1356 2313,1358 2404,1355 2496,1357 2588,1357 2680,1355 2772,1355 2864,1355 2956,1346"/>
                <TextEquiv>
                    <Unicode>nicht Nerr Prietdent, dese wir die Verlebung 1e</Unicode>
                </TextEquiv>
            </TextLine>
            <TextLine id="tr_1_tl_8" custom="readingOrder {index:7;}">
                <Coords points="1100,1527 2031,1552 2235,1530 2238,1453 2111,1392 1976,1444 1406,1450 1251,1414 1102,1447"/>
                <Baseline points="1116,1517 1172,1514 1228,1510 1284,1510 1341,1506 1397,1505 1453,1509 1510,1509 1566,1505 1622,1507 1679,1502 1735,1502 1791,1499 1847,1498 1904,1497 1960,1499 2016,1499 2073,1499 2129,1499 2185,1499 2242,1502"/>
                <TextEquiv>
                    <Unicode>die Zeitung setzen solitenz</Unicode>
                </TextEquiv>
            </TextLine>
            <TextLine id="tr_1_tl_9" custom="readingOrder {index:8;}">
                <Coords points="1102,1654 1229,1709 1406,1640 1770,1676 2241,1648 2384,1687 2505,1648 2798,1701 2858,1662 3013,1684 3015,1552 2605,1571 2417,1527 2086,1579 1927,1530 1880,1566 1808,1538 1249,1588 1102,1555"/>
                <Baseline points="1119,1639 1214,1636 1309,1636 1404,1633 1499,1636 1594,1632 1689,1630 1784,1631 1879,1633 1974,1635 2069,1633 2164,1633 2259,1630 2354,1631 2449,1629 2544,1628 2639,1630 2734,1621 2829,1622 2924,1621 3019,1624"/>
                <TextEquiv>
                    <Unicode>Pricke: Ite eie neinen gnädtge Frau Hofrent-</Unicode>
                </TextEquiv>
            </TextLine>
            <TextLine id="tr_1_tl_10" custom="readingOrder {index:9;}">
                <Coords points="1111,1814 1618,1789 1943,1827 1943,1714 1778,1679 1665,1703 1585,1670 1436,1706 1378,1676 1345,1703 1111,1712"/>
                <Baseline points="1125,1770 1166,1770 1207,1770 1248,1770 1290,1770 1331,1768 1372,1769 1413,1770 1455,1769 1496,1767 1537,1767 1578,1767 1620,1767 1661,1770 1702,1767 1743,1767 1785,1769 1826,1768 1867,1769 1908,1771 1950,1776"/>
                <TextEquiv>
                    <Unicode>1ich auch zufrieden.</Unicode>
                </TextEquiv>
            </TextLine>
            <TextLine id="tr_1_tl_11" custom="readingOrder {index:10;}">
                <Coords points="1136,1979 1251,1943 1417,1982 1665,1913 2166,1946 2599,1905 2905,1943 2908,1800 2726,1781 2351,1836 2238,1786 2153,1827 1797,1797 1703,1844 1510,1847 1136,1808"/>
                <Baseline points="1152,1908 1244,1902 1337,1902 1429,1899 1522,1902 1614,1899 1707,1896 1800,1899 1892,1896 1985,1899 2077,1895 2170,1895 2262,1895 2355,1894 2448,1892 2540,1889 2633,1890 2725,1887 2818,1887 2911,1884"/>
                <TextEquiv>
                    <Unicode>r. Woithi Ach mehr, ale ich es sagen kann. Die</Unicode>
                </TextEquiv>
            </TextLine>
            <TextLine id="tr_1_tl_12" custom="readingOrder {index:11;}">
                <Coords points="1100,2089 1466,2056 1535,2092 1811,2059 2263,2098 2445,2053 2822,2098 2924,2084 2927,1940 2748,1932 2685,1976 2439,1916 2304,1968 2202,1924 2139,1976 1943,1938 1703,1979 1546,1940 1417,1982 1102,1962"/>
                <Baseline points="1119,2036 1209,2033 1300,2033 1391,2032 1482,2034 1573,2030 1663,2030 1754,2030 1845,2030 1936,2029 2027,2030 2117,2033 2208,2028 2299,2029 2390,2030 2481,2027 2571,2027 2662,2024 2753,2021 2844,2021 2935,2027"/>
                <TextEquiv>
                    <Unicode>hat ihn ja ihr Leben dang geliebt, Ieh weise.</Unicode>
                </TextEquiv>
            </TextLine>
            <TextLine id="tr_1_tl_13" custom="readingOrder {index:12;}">
                <Coords points="1111,2211 1530,2175 1971,2208 2073,2161 2191,2208 2285,2169 2288,2106 1114,2086"/>
                <Baseline points="1125,2171 1183,2169 1241,2165 1300,2165 1358,2167 1416,2163 1475,2165 1533,2165 1591,2163 1650,2167 1708,2162 1766,2159 1825,2159 1883,2159 1941,2159 2000,2159 2058,2159 2116,2156 2175,2156 2233,2154 2292,2152"/>
                <TextEquiv>
                    <Unicode>gar nicht, wes geworden wäre-</Unicode>
                </TextEquiv>
            </TextLine>
            <TextLine id="tr_1_tl_14" custom="readingOrder {index:13;}">
                <Coords points="1097,2354 1400,2326 1563,2359 1863,2290 2023,2337 2268,2310 2268,2252 2205,2219 1885,2199 1640,2238 1458,2202 1373,2244 1097,2202"/>
                <Baseline points="1113,2290 1171,2293 1229,2293 1287,2293 1345,2292 1403,2290 1461,2292 1519,2290 1577,2293 1635,2291 1694,2290 1752,2291 1810,2291 1868,2290 1926,2290 1984,2289 2042,2289 2100,2290 2158,2290 2216,2288 2275,2290"/>
                <TextEquiv>
                    <Unicode>Fricks: Hun ist ja alles gut.</Unicode>
                </TextEquiv>
            </TextLine>
            <TextLine id="tr_1_tl_15" custom="readingOrder {index:14;}">
                <Coords points="722,2357 736,2357 769,2335 802,2343 832,2329 854,2335 896,2318 926,2321 929,2277 896,2279 879,2257 832,2249 797,2222 725,2222"/>
                <Baseline points="737,2329 764,2324 792,2321 820,2320 847,2320 875,2320 903,2320 931,2320"/>
                <TextEquiv>
                    <Unicode>wir</Unicode>
                </TextEquiv>
            </TextLine>
            <TextLine id="tr_1_tl_16" custom="readingOrder {index:15;}">
                <Coords points="689,2467 929,2437 1031,2492 1257,2505 2249,2420 2632,2467 2905,2442 2905,2326 2731,2351 2572,2299 2219,2370 1946,2318 1819,2370 1403,2326 1317,2359 1053,2324 970,2365 868,2324 689,2348"/>
                <Baseline points="704,2430 814,2427 924,2424 1034,2418 1144,2420 1255,2424 1365,2423 1475,2424 1585,2426 1695,2421 1806,2423 1916,2421 2026,2417 2136,2417 2246,2415 2357,2413 2467,2413 2577,2413 2687,2413 2797,2417 2908,2415"/>
                <TextEquiv>
                    <Unicode>wol alles gut Mathilder(zu Richard) Zächle doch Richard, eie</Unicode>
                </TextEquiv>
            </TextLine>
            <TextLine id="tr_1_tl_17" custom="readingOrder {index:16;}">
                <Coords points="1108,2610 1521,2566 1761,2574 1825,2618 2387,2572 2489,2607 2685,2577 2844,2627 2905,2618 2908,2442 2748,2489 2329,2459 1453,2514 1108,2492"/>
                <Baseline points="1122,2553 1211,2550 1300,2550 1390,2550 1479,2547 1569,2550 1658,2550 1748,2550 1837,2556 1927,2550 2016,2544 2105,2544 2195,2547 2284,2544 2374,2547 2463,2544 2553,2544 2642,2544 2732,2544 2821,2541 2911,2547"/>
                <TextEquiv>
                    <Unicode>sehen zu une her. (mit Beziehung auf Fr. Veith</Unicode>
                </TextEquiv>
            </TextLine>
            <TextLine id="tr_1_tl_18" custom="readingOrder {index:17;}">
                <Coords points="1108,2748 1530,2756 1739,2715 2059,2762 2249,2698 2552,2762 2833,2682 2800,2594 2596,2577 2522,2624 2351,2574 2224,2616 2084,2585 1827,2616 1706,2574 1577,2624 1108,2613"/>
                <Baseline points="1122,2687 1207,2684 1293,2684 1379,2681 1465,2684 1551,2685 1637,2686 1723,2684 1809,2681 1895,2681 1981,2681 2066,2678 2152,2679 2238,2678 2324,2681 2410,2680 2496,2678 2582,2678 2668,2678 2754,2678 2840,2684"/>
                <TextEquiv>
                    <Unicode>und Prickel Verdirb ihnen die Freude nicht.</Unicode>
                </TextEquiv>
            </TextLine>
            <TextLine id="tr_1_tl_19" custom="readingOrder {index:18;}">
                <Coords points="1169,2861 1218,2839 1268,2858 1367,2833 1422,2850 1480,2811 1508,2828 1546,2811 1546,2762 1480,2740 1329,2748 1282,2731 1240,2753 1169,2753"/>
                <Baseline points="1185,2810 1211,2812 1237,2813 1263,2815 1289,2815 1316,2813 1342,2813 1368,2813 1394,2813 1420,2813 1447,2813 1473,2812 1499,2810 1525,2814 1552,2816"/>
                <TextEquiv>
                    <Unicode>Ertettuer.</Unicode>
                </TextEquiv>
            </TextLine>
            <TextLine id="tr_1_tl_20" custom="readingOrder {index:19;}">
                <Coords points="1546,2891 1690,2878 1736,2894 1794,2869 1847,2891 1891,2864 1935,2878 1987,2858 2040,2883 2042,2751 2026,2745 1891,2748 1874,2765 1827,2751 1670,2784 1549,2751"/>
                <Baseline points="1561,2866 1586,2866 1611,2865 1637,2863 1662,2863 1688,2863 1713,2863 1739,2863 1764,2861 1790,2860 1815,2860 1841,2860 1866,2860 1892,2858 1917,2857 1943,2857 1968,2856 1994,2854 2019,2853 2045,2852"/>
                <TextEquiv>
                    <Unicode>will Ihne prlat</Unicode>
                </TextEquiv>
            </TextLine>
            <TextLine id="tr_1_tl_21" custom="readingOrder {index:20;}">
                <Coords points="1114,2957 1444,2949 1695,2996 1767,2963 1836,2996 1913,2963 2031,2996 2147,2960 2312,2993 2707,2949 2966,2993 3087,2966 3087,2913 2911,2855 2729,2894 2569,2844 2472,2883 2307,2855 1734,2900 1114,2872"/>
                <Baseline points="1128,2944 1226,2943 1324,2942 1422,2945 1521,2945 1619,2944 1717,2944 1815,2943 1914,2941 2012,2941 2110,2941 2208,2941 2307,2944 2405,2947 2503,2947 2601,2947 2700,2947 2798,2947 2896,2950 2994,2953 3093,2959"/>
                <TextEquiv>
                    <Unicode>Fricke/Mir war auch manchmal hungegnung ein wen</Unicode>
                </TextEquiv>
            </TextLine>
            <TextLine id="tr_1_tl_22" custom="readingOrder {index:21;}">
                <Coords points="1136,3018 1221,3024 1229,3015 1265,3015 1290,3026 1326,3015 1408,3018 1411,2963 1392,2966 1378,2952 1345,2957 1331,2944 1138,2949"/>
                <Baseline points="1152,3016 1178,3016 1204,3014 1230,3011 1257,3010 1283,3010 1309,3010 1336,3010 1362,3010 1388,3010 1415,3010"/>
                <TextEquiv>
                    <Unicode>beboten</Unicode>
                </TextEquiv>
            </TextLine>
            <TextLine id="tr_1_tl_23" custom="readingOrder {index:22;}">
                <Coords points="1125,3081 1202,3117 1282,3079 1392,3117 1508,3095 1535,3115 1571,3098 1645,3109 1681,3090 1681,3018 1643,3037 1563,3002 1428,3029 1125,3015"/>
                <Baseline points="1140,3073 1167,3074 1194,3075 1222,3073 1249,3074 1276,3075 1304,3075 1331,3074 1358,3073 1386,3074 1413,3075 1440,3075 1468,3075 1495,3075 1522,3077 1550,3078 1577,3078 1604,3078 1632,3078 1659,3078 1687,3078"/>
                <TextEquiv>
                    <Unicode>xrhene bang.</Unicode>
                </TextEquiv>
            </TextLine>
            <TextLine id="tr_1_tl_24" custom="readingOrder {index:23;}">
                <Coords points="1108,3261 1204,3299 1679,3230 1794,3280 1891,3217 2216,3269 2376,3241 2492,3285 2806,3266 2806,3145 2709,3112 2362,3148 2230,3106 2098,3126 2056,3087 1874,3128 1701,3087 1588,3134 1351,3095 1108,3139"/>
                <Baseline points="1122,3207 1206,3207 1291,3208 1375,3204 1460,3206 1544,3206 1629,3204 1713,3205 1798,3204 1882,3204 1967,3204 2052,3205 2136,3205 2221,3206 2305,3206 2390,3202 2474,3205 2559,3204 2643,3204 2728,3207 2813,3210"/>
                <TextEquiv>
                    <Unicode>Pr. Velth:Sohner hat manss mit den Kindern.</Unicode>
                </TextEquiv>
            </TextLine>
            <TextEquiv>
                <Unicode></Unicode>
            </TextEquiv>
        </TextRegion>
    </Page>
</PcGts>
