3304 3592
2635 327 2804 434 289
1047 429 2484 625 genzen Geschiohte nichts verstanden.
1071 551 2840 732 Sohn. Noch mindestens eine Niertelstunde hätte
1047 734 1752 854 es dauern sollen.
1039 817 2372 1025 Dogelnenn: Er war noch nicht ausz
1035 949 2237 1166 Der Beron und Loblein konnen.
1057 1103 2601 1279 Baren: Dae hat uns gerade noch gefehlt.
1052 1205 2889 1423 Esblein: Der Doktor Fraun hat gemeint, man soll
1042 1335 2757 1491 sie vorläufig hier ins Konversationszimmer
1057 1476 1940 1613 Baron: Warum? Heshalb?
1064 1606 2877 1801 Zsbidin: Die Rettungsgesellschaft ist verstän-
1054 1791 1266 1889 digt.
1061 1847 2794 2001 Baron: Die zum Schluese hätte sie wohl noch
1061 2011 2457 2152 durchhalten können.EEine Dieziplin!
1057 2108 2896 2338 Roreda:(tritt ein( Gaten Abend, Herr baron. Das
1054 2255 3018 2420 Fraulein hat sich noch nicht erholt,wie ich höre?
1069 2396 3001 2599 (Noch zwei Schauspieler kommen ins Konversations-
1054 2530 2716 2721 zinmer und entfernen sich gleich wieder)
1066 2662 2896 2818 Dr. Braun: (kommt rasch) Eefst unmöglich sie auf
1057 2799 2137 2916 der Bühne liegen zu lassen.
2035 2860 2442 2965 noch immer
1066 2887 2708 3094 Löblein:(zu breun) Sie lettricht stmacht?
1037 3011 2735 3238 Dr. Breun: Der Konnisckr ist auf der Bühne.
