3192 3640
919 659 1473 836 sehen Sie aus-
929 809 2239 939 Inspizient: Bitt schön,Herr John.
934 911 2846 1071 (Türe linke wird geöftnet, John tritt auf die Büh-
919 1096 1093 1216 ne.1
941 1166 2826 1343 Baron: (kommt von links, erregt zu Läblein) von
926 1306 2319 1505 der Friesel versteht men kein Nort.
944 1458 2529 1613 Eyblein: Das ist ja leider in dem Haus -
931 1573 2863 1762 Baron: Inmer die Ausrede mit dem Haus - und kein
926 1720 2726 1900 Tempo, kein Tempo. Doktor Wesser sagt auch, wir
929 1857 2661 2019 hatten das Stück lieber verschieben sollen.
941 1992 2651 2152 Egblein: Messer - wer liest denn das Blatt?
944 2119 2916 2289 Baron: Geben Sie Acht, was wir morgen überhaupt zu
929 2264 1817 2419 lesen bekommen werden.
936 2374 2941 2576 Karl Bern:(tritt zum Baron) Ich habe den Kindruck,
926 2559 1755 2681 die Leute gehen mit.
936 2614 2861 2788 daron: Ja, die Autoren haben nanchmal merkwürdigs
931 2771 2783 2951 Eindrücke. Nur die Horeda hatte das Stück ret-
934 2928 1398 3085 ten können.
931 3060 2077 3198 karl Bern: (zuckt die Achsel)
