3304 3576
2809 386 2957 595 284
1140 527 2867 712 Dr, Braun: Fretaunlichermeise hat man nichts
1145 690 1490 795 bemerkt.
1145 819 2829 972 Karl Bern: Wer hat denn eigentlich Klavier
1152 957 1516 1074 gespielt?
1137 1018 2418 1234 Dr. Fraun: Der sohn als Moritztz.
1140 1213 2943 1448 bregulein: die beirtesgegennart hätre ich ihm
1130 1363 1779 1531 nicht zugetraut.
1132 1502 2911 1701 Dr. Fraun: De hätt es seiner Frau nicht ge-
1128 1657 3030 1852 gönnt. Noch eine Stunde hätte er weitergespielt.
1118 1759 2950 1944 Karl Bern: Und das Publikum hätte gemeint, das
1108 1883 2031 2048 gehört zu meinem Stück.
1098 2012 2952 2204 Dr. Braun: Na jetzt ist ja alles in Ordnung.Ich
1091 2141 2287 2362 geh wieder in die Loge hinauf.
1101 2316 2884 2479 eregulein: War'e nicht vielleicht besser,Herr
1074 2415 2916 2588 Doktor, Sie bleiben auf der Bühne, in der Nähe-?
1064 2513 3018 2731 r. Braun: Sie haben recht. Ee ist ja ch bald aus.
1076 2697 2124 2858 (zu Karl Bernl Nicht mehr?
1074 2831 2802 3016 Dregulein: Den dürfen Sie nicht fragen, Herr-
1055 2965 2457 3118 Doktor. Der kennt sein Stück nicht.
1050 3076 1864 3242 Dr. Breun: (rasch abl
