3288 3512
2717 394 2872 540 256
1175 504 2905 685 Fricker Eine gewisse Originalität gebe ich
1178 655 2916 781 Ja zu, aber - wie soll ich nur sagen - diese
1173 755 2938 950 Auesphäre der Indiekretien. ihen erhist,
1157 901 2485 1065 Helens: Wahrheit meinet du, Vater.
1185 1056 2909 1215 Fricke, Vielleicht auch nur ein Schritt von
1159 1183 2405 1328 der Wahrheit zur Indiekretien.-
1175 1328 2823 1492 (aus boge I treten Deron und Pekter Fraun)
1154 1429 2999 1579 Braun: Gregöt hat einen besondere guten Abend.
1159 1574 2989 1807 deroni Seine neue Partnerin scheint ihn zu in-
1143 1724 1577 1851 epirieren.
1143 1802 3001 2022 Dr. Freun: Schon möglich. Es sollen auch Privst-
1131 1966 2227 2121 prohen stattgefunden haben.
1532 2067 1905 2156 W. Aest.
1136 2095 3022 2281 Deron: tu die Draus-
1131 2236 2095 2403 türgen sind das Unglück.
1131 2393 2335 2560 kr. Fraun: Ee geht sa gehr gut.
1405 2464 1816 2543 Nein seine
1117 2508 2930 2663 daroni Konnenie mit auf die Dühne. Ich will
1114 2616 2311 2797 retten, nas noch zu retien iet.
1131 2745 2919 2952 lberon, dr. braun die Stafen blaeb.-Beron Gradl
1091 2879 1778 3038 begrüest Relene!
1107 3008 2909 3238 Grafl. Eder die Hand, Prunteta, dieren die, ner
