3176 3528
1028 570 1691 703 Helene: (wehrt ab
1035 693 1737 877 Fricke:(geht mit 1
1044 959 2442 1087 Ludwig: (hatte sich von dieser Szene
1044 1092 1241 1250 ten!
1041 1224 1934 1380 Dregulein: (tritt zu Zus
1076 1364 1467 1511 regulein.
1032 1481 1929 1634 Ludwig: Doktor Gerold.
1046 1607 2756 1776 Dregulein: Entschuldigen Sie, wenn ich frage
1037 1710 2763 1863 die dunkelroten Rosen waren wohl von Ihnen?
1037 1870 2877 1994 Ludwig: Sie hat also die Blümen noch erhalten?
1044 1982 2792 2156 dregulein: Janohl. Auch Ihren Brief, Kurkelr
1044 2133 2760 2305 Ludwig: (befremdet (Hiese 7 glauben ie, dass
1037 2277 2808 2426 irgend ein Zusammenhang - hat sie vielleicht
1041 2389 2726 2575 eine demerung gewacht Sie haben mir gach
1032 2524 2289 2705 oftenbar irgend etwas zu sagen?
1035 2666 1678 2820 Dregulein: Wein.
1018 2779 2083 2957 Ludwig: Ich möchte bitten.
1037 2930 2856 3085 Dregulein: Es ist möglicherweise nicht im Sin-
