3304 3528
2612 316 2769 425 245
1168 430 2852 644 weise ick auch, dass er niemals eine Andere
1173 594 2392 781 geliebt hat als dich, Mathilde.
1176 720 2952 938 Mathilde: Hab ich mir auch manchmal eingebil-
1183 855 2940 1059 det, aber es stimmt nicht. Diese Liebe zu mir
1190 995 2978 1185 war immer nur ein Aufatmen zwischen der Einen
1192 1166 1807 1330 und der Andern.
1185 1233 2995 1461 Helene: Wenn du ein wenig klug sein molitest,
1195 1437 1748 1589 du Kindskopf.
1195 1418 3009 1734 Vsthilde: Was du klug nennet, -ich glgabe, das
1204 1712 2232 1867 w채re nicht sehr anst채ndig.
1211 1800 2936 2012 Helene: Und mas du anst채ndig nennst, das ist
1206 1964 2216 2116 vielleicht etwas zu klug.
1209 2078 2936 2268 Mathilag- ob auch eine Mutter so spr채che-?
1202 2194 3106 2375 Delene: Seine bin ich, nicht deine, Mathilde. Und
1223 2344 2463 2529 dazu seine und deine Schwester.
1216 2449 3088 2679 Methilde: das sind mir zu verwickelte Verwandt-
1226 2594 3061 2755 schaftsverhaltnisse, dazu reicht mein Kindskopt
1226 2762 1644 2914 nicht aus.
