3192 3480
2627 409 2775 582 262
1165 509 2378 675 n Abend retten -(wenn es geschm
2682 578 2893 701 wird.
1058 661 2518 820 Und die Friesel soll lauter sprechen
2572 711 2763 815 kein
1058 782 1766 941 wort versteht man.
1082 922 1769 1096 roblein:trasch ab)
1077 1048 2879 1232 Coreda: Herr Daron - erlauben Sie mir Ihnen zu
1046 1194 2834 1360 Ihrem sensationellen Achtungserfolg zu gratu-
1034 1324 1350 1486 lieren.
1037 1448 2739 1612 Baron: Danke. Sie sind hoffentlich auch mit
1034 1579 2356 1757 Ihrer Nachfolgerin einVekstanden.
1032 1714 2822 1895 Horeda: Nachfolgerinz- Ich wüeste nicht. Ich
1022 1845 2782 2007 habe auch niemale eine Vorgängerin gehabt-
1681 1969 2437 2080 nu reso ein e Aumet
1025 1978 2656 2159 ich bin und bleibe ein Planez, Herr Baron.
1022 2116 2813 2271 Baron: Gewiss. (kurzer Abschied,geht in seine
1039 2263 1222 2375 togel
1008 2394 2851 2532 Dregulein: 50, dein Entlassungsgesuch scheint
1010 2527 1417 2665 bewilligt.
999 2608 2903 2815 Roveda: Mer spricht von einen Entlassungsgesuch-
1006 2775 2915 2974 es mer eine Pipterenz auf der Probe, wie sie hun-
996 2891 1793 3062 derte Male vorkannt.
1037 3029 2506 3283 esgulein: Da sehst nicht nach Berlinz
