<?xml version="1.0" encoding="UTF-8" standalone="yes"?>
<PcGts xmlns="http://schema.primaresearch.org/PAGE/gts/pagecontent/2013-07-15" xmlns:xsi="http://www.w3.org/2001/XMLSchema-instance" xsi:schemaLocation="http://schema.primaresearch.org/PAGE/gts/pagecontent/2013-07-15 http://schema.primaresearch.org/PAGE/gts/pagecontent/2013-07-15/pagecontent.xsd">
    <Metadata>
        <Creator>prov=READ-COOP:name=PyLaia@TranskribusPlatform:version=2.7.0:model_id=50870:lm=none:date=22_01_2024_18:09</Creator>
        <Created>2023-09-27T14:33:26.567+02:00</Created>
        <LastChange>2024-01-22T18:09:40.960+01:00</LastChange>
        <TranskribusMetadata docId="1589031" pageId="60122821" pageNr="116" tsid="145631370" status="IN_PROGRESS" userId="40391" imgUrl="https://files.transkribus.eu/Get?id=GAGTAYKHWYDGCOGQMQRUKXLO&amp;fileType=view" xmlUrl="https://files.transkribus.eu/Get?id=QWJSWEVPYAHJSAEOBXEISAWO" imageId="48547899"/>
    </Metadata>
    <Page imageFilename="1589031_0116.jpg" imageWidth="3304" imageHeight="3480">
        <ReadingOrder>
            <OrderedGroup id="ro_1711794250369" caption="Regions reading order">
                <RegionRefIndexed index="0" regionRef="tr_1"/>
            </OrderedGroup>
        </ReadingOrder>
        <TextRegion orientation="0.0" id="tr_1" custom="readingOrder {index:0;}">
            <Coords points="1232,466 1232,3114 3077,3114 3077,466"/>
            <TextLine id="tr_1_tl_1" custom="readingOrder {index:0;}">
                <Coords points="2795,541 2822,548 2843,546 2854,555 2866,555 2889,534 2902,541 2925,539 2928,468 2911,468 2889,452 2873,463 2866,458 2831,465 2817,458 2797,463"/>
                <Baseline points="2808,525 2838,522 2869,522 2899,521 2930,519"/>
                <TextEquiv>
                    <Unicode>104</Unicode>
                </TextEquiv>
            </TextLine>
            <TextLine id="tr_1_tl_2" custom="readingOrder {index:1;}">
                <Coords points="1272,669 2263,727 2939,669 2939,594 2558,601 2474,552 2215,589 2125,532 2027,578 1795,532 1272,594"/>
                <Baseline points="1286,662 1373,659 1460,661 1547,662 1635,665 1722,666 1809,665 1897,663 1984,663 2071,662 2159,662 2246,665 2333,664 2421,665 2508,665 2595,664 2683,662 2770,662 2857,659 2945,659"/>
                <TextEquiv>
                    <Unicode>Fritzi Bauer:(ist plötzlich dal Pitte, Herr</Unicode>
                </TextEquiv>
            </TextLine>
            <TextLine id="tr_1_tl_3" custom="readingOrder {index:2;}">
                <Coords points="1270,841 1309,825 1373,834 1421,809 1550,830 1584,821 1582,786 1504,747 1449,761 1371,708 1353,722 1268,731"/>
                <Baseline points="1283,796 1308,799 1334,802 1359,802 1385,802 1410,802 1436,803 1462,805 1487,805 1513,805 1538,805 1564,806 1590,808"/>
                <TextEquiv>
                    <Unicode>Baron...</Unicode>
                </TextEquiv>
            </TextLine>
            <TextLine id="tr_1_tl_4" custom="readingOrder {index:3;}">
                <Coords points="1270,951 2279,942 3010,995 3010,853 2742,857 2657,818 2471,816 2361,864 2118,825 1997,851 1712,775 1270,864"/>
                <Baseline points="1283,937 1369,937 1456,940 1542,943 1629,943 1715,940 1802,940 1888,937 1975,941 2061,941 2148,940 2235,939 2321,941 2408,943 2494,943 2581,943 2667,943 2754,943 2840,943 2927,943 3014,946"/>
                <TextEquiv>
                    <Unicode>Baron: (zu karl dern) Sind Sie einverstanden.</Unicode>
                </TextEquiv>
            </TextLine>
            <TextLine id="tr_1_tl_5" custom="readingOrder {index:4;}">
                <Coords points="1252,1082 1341,1110 1453,1084 1554,1105 1761,1105 1761,1009 1699,1029 1616,1011 1252,1011"/>
                <Baseline points="1265,1065 1290,1067 1315,1068 1340,1070 1365,1071 1390,1071 1415,1071 1440,1071 1465,1072 1490,1074 1515,1072 1540,1071 1565,1073 1590,1074 1615,1074 1640,1075 1665,1077 1690,1077 1715,1077 1740,1077 1766,1077"/>
                <TextEquiv>
                    <Unicode>Herr Doktor?</Unicode>
                </TextEquiv>
            </TextLine>
            <TextLine id="tr_1_tl_6" custom="readingOrder {index:5;}">
                <Coords points="2286,1153 2384,1153 2423,1178 2519,1144 2556,1169 2675,1146 2723,1165 2758,1153 2762,1052 2719,1039 2629,1066 2579,1043 2439,1068 2398,1048 2290,1061"/>
                <Baseline points="2298,1149 2323,1149 2349,1151 2375,1152 2401,1152 2427,1151 2453,1148 2478,1143 2504,1140 2530,1140 2556,1140 2582,1140 2608,1138 2633,1137 2659,1139 2685,1138 2711,1135 2737,1137 2763,1140"/>
                <TextEquiv>
                    <Unicode>nein Haule</Unicode>
                </TextEquiv>
            </TextLine>
            <TextLine id="tr_1_tl_7" custom="readingOrder {index:6;}">
                <Coords points="1268,1279 1598,1291 1696,1233 1788,1256 1889,1213 2329,1229 2423,1275 2678,1222 3038,1226 3003,1123 2423,1178 1575,1167 1268,1119"/>
                <Baseline points="1280,1199 1368,1208 1456,1205 1544,1208 1632,1211 1721,1211 1809,1211 1897,1211 1985,1209 2073,1210 2162,1211 2250,1211 2338,1213 2426,1211 2514,1214 2603,1214 2691,1211 2779,1214 2867,1212 2955,1213 3044,1211"/>
                <TextEquiv>
                    <Unicode>Karl Bern: Sehr liebenswürdig, aber ich glaube</Unicode>
                </TextEquiv>
            </TextLine>
            <TextLine id="tr_1_tl_8" custom="readingOrder {index:7;}">
                <Coords points="1268,1371 1985,1355 2286,1401 2386,1359 2471,1396 2533,1357 2934,1364 2934,1286 2788,1256 2212,1236 1813,1307 1268,1279"/>
                <Baseline points="1280,1346 1367,1343 1454,1343 1541,1348 1629,1349 1716,1347 1803,1350 1891,1349 1978,1349 2065,1350 2153,1352 2240,1352 2327,1353 2415,1354 2502,1354 2589,1354 2677,1354 2764,1352 2851,1354 2939,1352"/>
                <TextEquiv>
                    <Unicode>Ihre Stimme ist doch etwas zu hell für die</Unicode>
                </TextEquiv>
            </TextLine>
            <TextLine id="tr_1_tl_9" custom="readingOrder {index:8;}">
                <Coords points="1263,1504 1314,1511 1350,1495 1380,1518 1426,1492 1504,1504 1502,1435 1467,1414 1440,1437 1421,1431 1412,1440 1359,1424 1325,1431 1300,1414 1261,1426"/>
                <Baseline points="1274,1474 1300,1476 1326,1477 1352,1479 1378,1480 1405,1480 1431,1482 1457,1483 1483,1483 1510,1480"/>
                <TextEquiv>
                    <Unicode>Fanni.</Unicode>
                </TextEquiv>
            </TextLine>
            <TextLine id="tr_1_tl_10" custom="readingOrder {index:9;}">
                <Coords points="1598,1559 1635,1573 1756,1563 1832,1582 1978,1573 1978,1458 1898,1502 1779,1479 1742,1506 1710,1483 1655,1504 1598,1499"/>
                <Baseline points="1611,1560 1637,1557 1664,1557 1690,1557 1717,1557 1744,1557 1770,1557 1797,1557 1824,1558 1850,1560 1877,1560 1904,1559 1930,1558 1957,1557 1984,1557"/>
                <TextEquiv>
                    <Unicode>vielleicht</Unicode>
                </TextEquiv>
            </TextLine>
            <TextLine id="tr_1_tl_11" custom="readingOrder {index:10;}">
                <Coords points="1261,1648 1417,1694 1591,1635 1958,1674 2054,1644 2244,1694 2384,1651 2921,1639 2921,1531 2774,1570 2664,1525 2474,1552 2212,1511 1962,1575 1657,1577 1520,1490 1261,1552"/>
                <Baseline points="1274,1608 1356,1608 1439,1611 1521,1612 1604,1612 1687,1609 1769,1614 1852,1611 1935,1619 2017,1617 2100,1617 2183,1618 2265,1617 2348,1620 2431,1623 2513,1623 2596,1626 2679,1624 2761,1624 2844,1629 2927,1620"/>
                <TextEquiv>
                    <Unicode>Baron. Jale käme er auf die Idee) Ist viel-</Unicode>
                </TextEquiv>
            </TextLine>
            <TextLine id="tr_1_tl_12" custom="readingOrder {index:11;}">
                <Coords points="1259,1804 1408,1813 1536,1747 2235,1795 2529,1772 2529,1694 1779,1712 1259,1660"/>
                <Baseline points="1271,1745 1334,1747 1397,1747 1460,1748 1523,1746 1586,1745 1649,1751 1712,1751 1775,1751 1838,1753 1902,1754 1965,1756 2028,1754 2091,1755 2154,1757 2217,1757 2280,1757 2343,1760 2406,1758 2469,1758 2533,1757"/>
                <TextEquiv>
                    <Unicode>leicht - Fräulein Friesel hier?</Unicode>
                </TextEquiv>
            </TextLine>
            <TextLine id="tr_1_tl_13" custom="readingOrder {index:12;}">
                <Coords points="1261,1905 1401,1942 1589,1882 1779,1926 2212,1894 2474,1928 2526,1914 2524,1809 2219,1779 1923,1843 1259,1802"/>
                <Baseline points="1274,1874 1340,1877 1406,1877 1472,1880 1539,1883 1605,1882 1671,1883 1737,1884 1804,1881 1870,1884 1936,1888 2002,1889 2069,1887 2135,1890 2201,1890 2267,1889 2334,1891 2400,1892 2466,1892 2533,1889"/>
                <TextEquiv>
                    <Unicode>Esblein: (ruft) Fräulein Friesel!</Unicode>
                </TextEquiv>
            </TextLine>
            <TextLine id="tr_1_tl_14" custom="readingOrder {index:13;}">
                <Coords points="1261,2066 1332,2047 1437,2095 1566,2024 1777,2015 2955,2036 2955,1969 2595,1905 2490,1944 2414,1900 2153,1944 1878,1896 1621,1967 1481,1912 1261,1949"/>
                <Baseline points="1274,1996 1358,2008 1442,2010 1526,2011 1611,2010 1695,2011 1779,2011 1864,2012 1948,2017 2032,2017 2117,2019 2201,2017 2285,2020 2369,2018 2454,2020 2538,2021 2622,2026 2707,2026 2791,2026 2875,2026 2960,2029"/>
                <TextEquiv>
                    <Unicode>Gregor: (ruft in den Zuschauerraun) Friesel!</Unicode>
                </TextEquiv>
            </TextLine>
            <TextLine id="tr_1_tl_15" custom="readingOrder {index:14;}">
                <Coords points="1259,2180 1600,2221 1834,2153 2593,2219 2776,2173 3035,2194 3035,2123 2595,2066 2024,2116 1864,2072 1256,2079"/>
                <Baseline points="1271,2139 1359,2139 1448,2139 1536,2142 1625,2141 1713,2145 1802,2145 1890,2145 1979,2148 2067,2147 2156,2150 2244,2150 2333,2151 2421,2154 2510,2154 2598,2157 2687,2158 2775,2160 2864,2160 2952,2162 3041,2166"/>
                <TextEquiv>
                    <Unicode>Franzis Stimme: (aus dem Zuschauerraum) Bitte</Unicode>
                </TextEquiv>
            </TextLine>
            <TextLine id="tr_1_tl_16" custom="readingOrder {index:15;}">
                <Coords points="1245,2309 1373,2338 1586,2283 2315,2292 2451,2357 2680,2302 3035,2297 3015,2201 2868,2247 2714,2196 2123,2185 2001,2240 1243,2178"/>
                <Baseline points="1256,2268 1345,2271 1434,2271 1523,2271 1612,2274 1701,2280 1790,2280 1879,2280 1968,2280 2057,2283 2147,2286 2236,2286 2325,2286 2414,2289 2503,2286 2592,2289 2681,2291 2770,2295 2859,2294 2948,2295 3038,2286"/>
                <TextEquiv>
                    <Unicode>Baron: Fraulein Friesel, wollen Sie sich ziel-</Unicode>
                </TextEquiv>
            </TextLine>
            <TextLine id="tr_1_tl_17" custom="readingOrder {index:16;}">
                <Coords points="1965,2361 1981,2359 2011,2373 2017,2366 2043,2370 2066,2357 2098,2377 2139,2350 2185,2345 2187,2304 2148,2318 2141,2309 2125,2315 2102,2297 2077,2295 2068,2304 2017,2292 1969,2299"/>
                <Baseline points="1978,2351 2004,2349 2031,2348 2057,2348 2084,2346 2110,2344 2137,2343 2163,2341 2190,2339"/>
                <TextEquiv>
                    <Unicode>zun</Unicode>
                </TextEquiv>
            </TextLine>
            <TextLine id="tr_1_tl_18" custom="readingOrder {index:17;}">
                <Coords points="1236,2442 1348,2462 1389,2416 1619,2407 1751,2448 1926,2414 2611,2467 2909,2442 2907,2377 2753,2343 2646,2373 2531,2334 2448,2377 2176,2343 2077,2380 1233,2336"/>
                <Baseline points="1247,2402 1330,2405 1413,2405 1497,2406 1580,2406 1664,2408 1747,2408 1830,2411 1914,2411 1997,2411 2081,2411 2164,2408 2247,2411 2331,2412 2414,2420 2498,2423 2581,2422 2664,2423 2748,2426 2831,2426 2915,2426"/>
                <TextEquiv>
                    <Unicode>detekt bitte auf die Sihne heraufbenühen.</Unicode>
                </TextEquiv>
            </TextLine>
            <TextLine id="tr_1_tl_19" custom="readingOrder {index:18;}">
                <Coords points="1231,2533 1531,2540 1788,2629 1933,2572 2652,2613 2703,2602 2701,2451 2538,2474 2265,2428 1999,2501 1229,2469"/>
                <Baseline points="1244,2533 1317,2533 1390,2536 1463,2536 1537,2536 1610,2539 1683,2539 1756,2541 1830,2539 1903,2544 1976,2542 2049,2545 2123,2547 2196,2548 2269,2548 2342,2550 2416,2549 2489,2551 2562,2552 2635,2554 2709,2557"/>
                <TextEquiv>
                    <Unicode>Franzi: (konnt über die Treppe herauf)</Unicode>
                </TextEquiv>
            </TextLine>
            <TextLine id="tr_1_tl_20" custom="readingOrder {index:19;}">
                <Coords points="1240,2719 1738,2749 1878,2687 2192,2737 2494,2689 2742,2733 2822,2689 3072,2698 3072,2609 2531,2591 2352,2636 2224,2588 2107,2634 2027,2602 1683,2632 1238,2572"/>
                <Baseline points="1253,2668 1344,2668 1435,2668 1526,2668 1617,2671 1709,2671 1800,2674 1891,2674 1982,2675 2073,2675 2165,2677 2256,2680 2347,2680 2438,2680 2529,2684 2621,2686 2712,2686 2803,2689 2894,2687 2985,2691 3077,2689"/>
                <TextEquiv>
                    <Unicode>Baron: Sie werden die Freundlichkeit haben und</Unicode>
                </TextEquiv>
            </TextLine>
            <TextLine id="tr_1_tl_21" custom="readingOrder {index:20;}">
                <Coords points="1231,2822 1635,2882 1999,2806 2249,2856 3077,2859 3074,2733 2932,2781 2620,2737 2478,2767 2020,2687 1866,2749 1488,2712 1231,2746"/>
                <Baseline points="1244,2787 1335,2793 1427,2793 1518,2799 1610,2799 1702,2801 1793,2802 1885,2802 1977,2805 2068,2806 2160,2808 2252,2809 2343,2810 2435,2811 2527,2813 2618,2814 2710,2816 2802,2819 2893,2820 2985,2820 3077,2820"/>
                <TextEquiv>
                    <Unicode>die Folle der Kanni lesen. Ich möchte gern den</Unicode>
                </TextEquiv>
            </TextLine>
            <TextLine id="tr_1_tl_22" custom="readingOrder {index:21;}">
                <Coords points="1226,2928 2237,2978 2292,2948 2561,3026 2749,2978 3017,3008 3012,2854 2976,2847 2891,2877 2389,2827 2189,2838 2075,2895 1224,2861"/>
                <Baseline points="1238,2918 1327,2924 1416,2924 1505,2927 1594,2930 1683,2927 1772,2930 1861,2933 1950,2936 2039,2936 2129,2936 2218,2939 2307,2942 2396,2945 2485,2945 2574,2942 2663,2945 2752,2947 2841,2944 2930,2950 3020,2951"/>
                <TextEquiv>
                    <Unicode>Schluss des Aktes tann hören. (zu Karl Bernl</Unicode>
                </TextEquiv>
            </TextLine>
            <TextLine id="tr_1_tl_23" custom="readingOrder {index:22;}">
                <Coords points="1222,3125 1758,3072 2017,3120 2192,3097 2327,3152 2419,3086 2735,3106 2824,3161 3042,3141 3040,3010 2994,3005 2902,3054 2437,2985 2127,3033 1811,2983 1394,3012 1220,2969"/>
                <Baseline points="1232,3056 1322,3059 1413,3062 1504,3059 1595,3062 1685,3065 1776,3065 1867,3068 1958,3068 2048,3071 2139,3072 2230,3074 2321,3075 2411,3077 2502,3080 2593,3081 2684,3080 2774,3083 2865,3086 2956,3088 3047,3086"/>
                <TextEquiv>
                    <Unicode>Geben Sie dem Fräulein vielleicht Ihr Buch,Ner</Unicode>
                </TextEquiv>
            </TextLine>
            <TextEquiv>
                <Unicode></Unicode>
            </TextEquiv>
        </TextRegion>
    </Page>
</PcGts>
