3320 3640
2729 471 2897 634 283
945 564 1261 670 heraus.
960 704 2912 906 (in diesem Augenblick ist der Aht zu Ende, Applaus
940 800 1349 935 setzt ein)
937 973 2897 1144 Aneager: Es ist häehete Zeit, Herr Doktor, dass wir
924 1105 1980 1287 noch unten zurecht komnen.
919 1183 2389 1426 Kerl Sernefnach kurzem Zögern mit den
2550 1281 2889 1426 ager die
919 1341 1439 1468 Stüfen hinabl
919 1476 1921 1615 (Applaus verstärkt sich).
906 1595 2703 1810 Fricke:stritt aur der Loge IV euf den Grng, di
896 1722 2736 1913 Türe bletht öffen, Helene steht an der Brüstung
885 1856 1577 2004 und Apoleudiert).
891 2017 2811 2224 Daron Gradl:(komnt vion links) Meine Hochachtung
875 2146 1494 2263 Herr Präeident.
870 2232 1690 2410 kricke: Guten Abend.
875 2353 2959 2607 Gradl: Schayt beinahe nach einem Erfolg aus.xhanber-
867 2514 1983 2659 Fricke: (unbestimmt) Scheint.
862 2648 2879 2871 Bradl: Ich frage mich nur, warum heiesd man heutzu-
849 2744 2682 3021 tag sones Konbdiet Sehr lästig ist sa die Ge-
834 2886 1734 3112 schichte bicher nicht.
836 3018 2278 3275 Pricke: Wird vielleicht noch konnen.
