3144 3608
1002 378 2644 612 Richers: Es ist nicrt nerf vos sie so jne
1014 624 1383 733 zu reden.
1014 685 2816 931 ladnig: Da hest Recht. sich bin genz überzeug
1016 847 2739 997 von ihren Talent. Schafe, das sich Hanburg
1007 1040 1542 1135 schlagen hat.
1000 1116 2742 1319 Richerd: Konnt sicher was Anderes, mas fesse-
1002 1245 2059 1457 laanig: Wir wollen hoften.
1007 1368 2606 1597 Rieherd: Und da sis sich nicht gleich un
1002 1518 1942 1697 hat - an deiner Sstelle.
1000 1683 1311 1783 Ludwig:
1000 1752 2735 1973 Richerd: Ich mürde mir keine Sogzen machen.
1002 1909 2887 2071 tudnig: Weiest du, Frauen sind manchmal sehr bi-
997 2040 2908 2225 rerr. Neute ist mein Nochzeitstag. In Liebesdin-
988 2163 2816 2349 gen ist alles möglich. Sie konnte seither ein
988 2297 2858 2485 halbes butzend Liebhaber gehabt haben und doch
988 2435 2437 2601 Richerd: Und inner noch dich Lieben.
978 2551 2777 2792 lndnig: Aoh bott, mir heben inner nur das eine
983 2735 1202 2825 Wort.
966 2789 2851 3027 Richerditangeduldigl Wochtest du mir nicht end-
976 2951 2861 3151 nich segen, wes du eigentlich von mir münschest?
1844 3106 2049 3234 col
