3272 3608
1122 579 1926 765 kriesel und -verzei
2673 653 2909 795 letzte
1149 727 1757 913 Indickretion--
1111 854 1749 1046 Richerdf Bitte./
1102 992 2980 1202 Karl bern: An dem jungen Mädchen, das eigentlich
1093 1134 2963 1326 in gewissem Sinne immer Ihre Braut war. Sie füh-
1093 1249 2912 1444 len das ja selbst. Daher tet lnen nicht roht
1093 1382 2697 1598 zumnt rtmah
1105 1518 2895 1763 ichard: Ich fühle, -ich fühle, dass ich krenzi
1087 1672 1344 1781 liebe.
1063 1757 2918 1988 Kerl Bern: Nabe ich keinen Monent lang bezwei-
1072 1902 2868 2109 felt, sonst brauchten wir gar nicht ddarüber zu
1066 2056 2942 2230 reden. Aber im richtigen Moment Abschied nehmen
2481 2186 2614 2263 ut
564 2136 2936 2351 91f dukuls können, das ist Liebe und Klugheit zugleich,/Sie
600 2236 960 2369 Ament
481 2316 939 2466 Petel ten
1060 2307 2939 2490 werden aufatnen, lieber Doktor, wenn Sie sich nur
461 2410 927 2549 inde Greus
1052 2425 2954 2647 einnal entschlossen haben. Und nicht(sie sttert.
437 2505 907 2673 ers tu teti
1066 2567 2856 2768 dregulein:ltritt zu ihnen, wie mit der Absicht
1046 2706 2398 2886 zu kibitzen) Spanische Eröftnung-
1037 2827 2886 3031 Karl Bern: Das heisst spanisch? Ich habe keine
1025 2963 1970 3122 Annung von der Theorie.
1034 3093 2076 3276 Dregulein: Mer ist an Zug7
