3208 3480
2696 454 2850 585 264
1128 541 2844 714 Ein Lustknabe bist du, kein Autor - lass dir
1126 677 1775 852 das gesagt sein.
1160 820 2917 1011 (zür Loge Ir öfinet sich, Helene tritt. heraus.
1121 958 2217 1131 verschwindet gleich wieder)
1119 1101 2855 1225 Roveda: Ei sieh doch, man ist wohl eifersüch-
1128 1211 2676 1407 tig...Nun geh nur zu deinem Bräntchen.
1131 1347 2160 1520 Iregulein ist abgegangen!
1101 1460 2954 1635 Koveda: Auf morgen alsol (Sie nimmt ihn plötz-
1103 1600 2809 1768 lich beim Kopf) Was bist du für ein süsser-
1478 1736 1681 1805 ie st
1114 1722 2924 1934 kerll - nur leiderkein Echeht. (sie hüsst ihn,
1114 1870 2855 2019 (In diesem Augenblick öftnet Heiene die Türe
1094 2008 1934 2185 der Loge, steht starr!
1126 2160 2917 2319 Toveda: Ja, Fraulein, das kommt vor - auf Wieder
1096 2266 2616 2418 sehen, Herr Bern. (zurück in ihre Logel
1073 2397 2680 2586 Reiene:(in ihre loge,schliesst die Fürel
1078 2537 2231 2671 Karl Bern: (steht unschlüssigt
1073 2685 2832 2834 Richard: (kommt die Stufen herauf, zu Bern) an
1068 2786 2480 2973 Herr sern, ich gratuliere. d Suf f
1057 2920 2874 3111 Kerl Bern: zu früh. Was sagen Sie übrigene zu
1082 3062 2908 3270 präulein Friesel2) Habe ich nicht recht gehabt?
