3304 3592
1081 577 1389 730 Lippen.
1081 706 2781 888 Franzi: (benützt mechanisch den Liprenstiftl
1076 856 1619 1014 AxrkantxEEEX
1071 952 2988 1167 Hrit: Und die Frau Mäne Idest fragen,, ob sie un-
1078 1125 2389 1283 ten warten soll nach dem Thedter?
1105 1212 2912 1409 Franzi: Nein, nicht wartén, keinesfalle. Ich bin
1081 1379 2934 1557 geladen für später,-vielleicht. Und wenn nicht,
1063 1515 2300 1666 Ich find schon allein nachhaus.
1068 1626 2919 1833 Fr. Nentzler: Sie müssen schon hinunter auf die
1066 1794 3045 1962 Bühne, Fräulein Friesel. Sie kommen ja gleich dran.
1068 1927 2988 2127 Mili: Also auf Wiedersehen, Fräulein Franzi. Und
1068 2075 1663 2243 ich gratuliere.
1071 2189 2971 2376 Fr. Mentaler: Was fallt Ihnen denn ein um Gottes-
1061 2374 2591 2527 willen. Gratulierey bevor ’e aus ist!
1076 2477 2043 2662 (Pr. Mentzler und Mili ab.
1101 2640 2722 2783 ranzi: (erhebt sich und mill auch kank abl
1059 2722 3005 2870 (In diesem Angenblick erhebt sich auch Gregor,der
1051 2892 2843 3070 fast unsichtber auf einem Sersel Rechte rück-
1044 2998 1801 3114 warte gesessen ist)
