3144 3704
2562 349 2765 562 226
832 519 2789 703 Relene: It de i eonpathiret btet, der reine Jeh
868 643 2908 865 selber niehtreber de ionteret ir oder fassiatert
824 792 2897 986 ihn das spür ich gente genen. Vnd deren glaube ich-
838 913 2919 1105 Er nacht mir Sorge. Oktenbar steckt er in irgend ei-
830 1054 2859 1243 ner fatalen Liebergeschiehte, aus der er rnicht he-
822 1195 2835 1373 raus kann. Ich kenne des. Dei früheren Gelegenhei-
819 1319 2940 1494 ten hat er sich manchmal mit mir ausgesprochen. Dies-
813 1446 2354 1646 mel verschlieset er sich auch vor mir.
811 1597 2721 1789 Kerl Dern: Und du glaubst, dass ich -(verbessert
811 1746 2662 1913 sich auf ihren Blickl Sie glauben, dass Ach--
570 1854 2738 2076 Hesene: Et du ihm simpethisch biet, das weiss ich
2059 1997 2211 2108 ihm
803 1997 2770 2184 selber nicht. Aber du imponieret oder faszinierst
803 2130 2802 2338 ihn, das spür ich sehr genau. Under ist sehr beein-
803 2273 2848 2467 Alussber. Eigensinnig aber schnach. Es ist höchste
789 2392 1681 2565 tert, dass er heiratet.
797 2530 1854 2697 Karl Sern: Fraulsin Vesth?
778 2648 2811 2875 Delendt Ja. Seine Hebesgesohichten sind mir schon
