3288 3496
2751 324 2940 521 288
1155 447 2439 649 Rlchard. Ich vorstehe Sie nicht.
1162 611 3064 814 Karl Dern, Sie ist harrliche Denn sie let fref.
1162 755 3011 961 ler überlagt noch einen Angenülick, dann tritt
1146 919 2427 1027 er entschlosren in die Loge IV.)
1148 1049 2481 1196 Hchard, (will in die Loge IIt.Iin
1146 1141 2860 1300 (In diesem Augenblick rasch über die Stiege
1186 1297 2974 1423 r.Ludwig. erold, dunkler Ueberzieher, hinaufge-
1134 1439 1880 1581 schlagener Zragen!
1122 1565 2346 1709 Richard: (höchet erstannt) Du 7
1122 1690 2997 1873 Iudnigt Wie du siehet. Ich habe einen ganz ver-
1129 1814 2836 1979 steckten Platz auf der Galerie. Es hat mich
1113 1967 2917 2121 niemand gegehen. Wer mir übrigene rvollkomnen
1117 2076 2957 2275 gleichgültig. Was saget du zu Franzi? Munder-
1117 2195 2929 2391 voll - nicht wahrt Warum hart du mir übrigene
1110 2325 1937 2528 nicht telegrapfiert?
1094 2484 2751 2654 Rychardi Ich habe dir doch telegraphiert.
1101 2616 2938 2794 Ludnigi des Unglück mit meinem Schniegervater
1103 2730 2119 2893 sa, aber nichts verffranzt.
1091 2855 2898 3054 Richerdi. Do hat sich nicht ungebracht, wie da
1089 3009 1409 3154 riehet.
