3160 3544
2543 318 2683 445 306
913 438 2119 628 Helene: Ee war keine Ohnnacht.
922 590 2218 725 Ericke: Dieses Fraulein Friesel?
922 714 2207 872 Helene: Sie hat sich umgebracht.
937 861 2487 996 Fricke: Was hat - Richard damit zu tun?
928 983 2162 1143 Helene: Sie war seine Geliebte.
931 1138 1656 1272 Fricke: Wo ist er?
937 1215 2575 1398 Helene: Im Theater.Karl Dern ist bei ihm.
933 1389 2135 1540 Fricke: Im, so steht die Sache.
931 1493 2491 1671 Fr. Veith: (zu Mathilde) Mein armee Kind.
942 1633 2627 1766 Helene: Es ist das Beste, Vater, du bringst
931 1757 2083 1909 jetzt Frau Veith nachhause-
946 1909 1712 2067 Fr. Veith:(Bewegung!
931 2013 2749 2205 Helene: o bitte, überlassen Sie Mathilde ganz
940 2137 2636 2336 ruhig mir. (zu ihrem Vaterl Mach dir keine
985 2281 2704 2448 orgen, Vater, ich spreche dich heute (bestimmt
949 2392 2722 2602 noch. Aber jetzt ist es gewiss das Beste Ihr
944 2573 1161 2724 gent.
942 2686 2080 2803 Erickealbewegt und unsicher)
955 2810 2211 2945 Mathilde:(nach wie vor unbewegt
955 2932 2507 3067 Fr. Veith: (will mit ihrer Tochter reden)
