3256 3480
2643 367 2812 477 235
1227 434 2884 624 Mathilde: Ich telefoniere dir abende. Auf
1238 619 2161 756 Wiedersehent leie gehtl
1231 727 2915 891 Fricke: (noch unter der Todesnachricht) Man
1211 855 2868 1027 hatte essihm nicht angesehen und ex war um
1218 984 2852 1130 ein paar jünger als ich.- Ja, ich muss ins
1229 1144 2852 1274 Büro,. Ich werde zu Fuse hingehen. Willst
1211 1256 2933 1423 du mich nicht ein bischen begleiten? Ee ist
1213 1369 1824 1524 so schön heute.
1202 1488 2942 1679 Helene: (zögernd) Ich - ich muss leider -ich
1211 1664 2303 1769 erwarte nämlich Herrn Bern.
1200 1760 2913 1943 Fricke: Sof Richard ist doch nicht mehr zu-
1186 1911 1457 2008 hause.
1182 2017 2936 2184 Helene: (lachelnd) Frotzdem. Ich erwarte ihn.
1193 2179 1871 2299 Fricke: Hn. Nun-
1168 2294 2976 2461 Helefne:(Sinfach) Du hast etwas gegen lhn, Re-
1173 2418 1358 2566 terr
1159 2517 2931 2731 Pricks.Des wäre falsch ausgedrückt. Ich habe
1155 2681 2868 2834 sehr viel Respekt vor seinem Talent. Aber.
1157 2803 2841 2978 ataktte- ich kann mir nicht helfen, die
1144 2909 2837 3091 richtige Gesellschaft für Richard scheint
1148 3080 2915 3264 er mir doch nicht zu sein. Für dich übrigene
