3288 3608
2528 296 2761 438 68 e
2282 426 3059 594 mich. (ungeschickt)
1121 459 2215 608 Hichard: ach ja, ich erinners
1121 560 3040 748 Ich hielt die Angelegenheit nicht für offizieil.
1121 700 3011 887 Karl Bern: Im Theater mussten es alle. Ein net-
1123 835 3045 1008 tes Mädel übrigens - tiefere Natur möglicherwei-
1114 957 3045 1138 se. Sie soll die Sache anfange ziemlich tragisch
1116 1116 2982 1282 genommen haben. Ist auch jetzt vielleicht noch
1123 1219 2003 1380 nicht ganz drüber weg.
1145 1354 2203 1530 Hichand: Alles ist möglich.
