3256 3480
2614 356 2774 507 234
1366 351 1539 507 etwas
1138 485 1735 619 leichtszu klug.
1134 564 2876 757 Mathilde: Ob auch eine Mutter so spräche ...
1129 715 3017 913 Helene: Seine bin ich, nicht deine Mutter, Mathil-
1126 871 2480 1007 de, dazu deine und seine Schwester.
1126 978 2995 1143 Mathilde: Das sind mir zu verwickelte Verwandt-
1111 1119 2955 1287 schaftsverhältnisse, dazu reicht mein Kindekopf
1124 1252 1525 1398 nicht aus.
1116 1356 2131 1530 Fricke kommt. Begrüssung.
1109 1502 2512 1666 Helene: Du hast schon gehört,Vater?
1121 1638 2034 1777 Fricke: xtdanExiux Was?
1101 1742 2616 1938 Helene: Sidon Iet plötzlich gestorben.
1111 1876 2141 2042 Fricke: (ziemlich kühl) ahl
1094 2012 2963 2190 Helene: Indwigs Diener hat eben hertelefoniert.
1094 2141 1943 2307 Richerd ist eben hin.
1096 2282 3084 2426 Fricke: Die arme Antoinette. Morgen werden sie wohl
1082 2413 2846 2564 wieder da sein. Wie alt mag er gewesen sein?
1079 2529 2232 2683 Kaum fünfzig glaube lch. Ne-
1079 2668 2886 2846 Mathilde: Ich werde mich jetzt empfehlen, Herr
1082 2784 2235 2935 Prasident. Mana erwartet mich.
1072 2933 2396 3118 Holens: Mann sch ich dich wiederz
