3160 3704
2186 492 2335 695 or
1024 531 1670 709 ideni dung gefre
980 656 2735 802 Richard: lwie oben) Ich kenne das Sprichwort.
2221 758 2674 836 liebe doct
968 795 2813 992 Sidon: Eines von den wenigen vernünftigen (Wur
977 914 2767 1092 so entgeht man der Gefahr des Ringenbleihene
985 1060 2947 1255 Richerd: Und mer verheiratet ist der hat das Hän-
997 1197 1901 1333 genbleiben hinter sich.
1424 1289 2518 1389 Es kommt immer dgkauf an wo-
1016 1319 2893 1506 idon: (herzlicht Sie dürterfer einen so viet 4-
997 1458 2713 1604 teren Mann nicht ihel nehnderlieber Detter
992 1597 2747 1760 Aschard: (ablehnendlich bitte Sie meinetwegen
1243 1706 1521 1806 thne dor
997 1721 2674 1887 genz uersorft zu sein, Herr Konnerzialrat.
985 1823 2793 2016 sidon: Sie dürfen es einen un so viel älteren
990 1979 2823 2135 Menne nichtübel nehmen, lieber Doktor, wenn e
1109 2101 1341 2182 nich et
1375 2096 1523 2184 ei
985 2099 2672 2277 Dir sieht es besanders sppethlach wären-
1428 2230 1645 2313 vnd
1002 2216 2918 2403 es konnt eben auch darauf an in richtigen Moment
1016 2357 1709 2438 nicht u anum
997 2352 2876 2542 zuzugretsenzu wissen, we der nehen Flück zu Ein-
1460 2506 2871 2654 telleicht schon martet. (81ick zu Ma-
985 2486 1402 2657 de ron
992 2632 2835 2820 childe, die mit Kerl dern und Reiene zusamnen-
982 2762 2874 2915 stehtl Und sich nicht durch sentimentale Beden-
994 2918 1216 3040 ken
990 3005 2847 3222 Richerd: Ich verziehere die Herr Konnerzlalrat
1804 3140 1996 3222 nnt
1002 3142 2513 3352 dess überhaut nichte auf Tror Kürtst.
