3160 3592
1120 582 3009 822 Rutte: Er konnt inner auf die Gedenkenverbinden-
1124 782 1401 939 gen an.
1122 840 2803 1021 Pr. Eiderhok: Ganz richtig. Ich dene bei
2162 988 2859 1103 kulben danin
1371 1002 1674 1094 ntertar
1115 1028 2113 1164 Hochzelten an gar nichte.
2063 1068 2758 1197 ur eber cinterite
1122 1155 2911 1333 Gradel:(ihr zutrinkend) auf die Gedanken, Gnä-
1120 1317 2247 1448 digste, die Sie nicht denkent
1131 1439 1852 1610 Pr. Eiderhof: Pfui!
1124 1533 2960 1725 Artoinette:(ist zu Methilde getreten) derkindt
1115 1681 2887 1840 FetztrtxdexExnex Ja, Kind, jetzt wirde ernst.
1127 1791 2714 1988 Mathilde: Wie lang bleibt Ihr dgn forts
2376 1901 2683 1998 ein An
1129 1965 2937 2129 Antoinette: Drei Wochen, so weit man überhaupt
1120 2080 2840 2242 ein Prograum machen kann und gar bit etnen
1667 2176 2317 2265 meinen kam
1117 2207 2972 2383 Fert. Du meisrt, dass Richardten in der Praxis
1688 2317 1974 2397 naht noch
1129 2350 2960 2524 vertreten wird? Er hat's dir gar nicht gesagt?
1122 2472 2963 2596 Mathilde: Er sagt mir überhaupt nicht ge viel.
2221 2571 2594 2664 Murim
1291 2578 1977 2669 dirar colete
1136 2573 2941 2775 Antoinette (lächelnd) Na - Eigentlich hätt Ioh
1181 2718 1416 2808 gedacht
1171 2751 2941 2934 aden, dass du die Erate von uns Freien sein
1131 2904 2833 3066 wird. Nun, wenn du heiratest, wird es wenige
1127 3021 1977 3186 etens für inner sein.
