<?xml version="1.0" encoding="UTF-8" standalone="yes"?>
<PcGts xmlns="http://schema.primaresearch.org/PAGE/gts/pagecontent/2013-07-15" xmlns:xsi="http://www.w3.org/2001/XMLSchema-instance" xsi:schemaLocation="http://schema.primaresearch.org/PAGE/gts/pagecontent/2013-07-15 http://schema.primaresearch.org/PAGE/gts/pagecontent/2013-07-15/pagecontent.xsd">
    <Metadata>
        <Creator>prov=READ-COOP:name=PyLaia@TranskribusPlatform:version=2.7.0:model_id=50870:lm=none:date=22_01_2024_18:09</Creator>
        <Created>2023-09-27T14:33:15.350+02:00</Created>
        <LastChange>2024-01-22T18:09:21.617+01:00</LastChange>
        <TranskribusMetadata docId="1589031" pageId="60122356" pageNr="20" tsid="145631271" status="IN_PROGRESS" userId="40391" imgUrl="https://files.transkribus.eu/Get?id=EQRLQTJBJJSEJYIGRKTCADPO&amp;fileType=view" xmlUrl="https://files.transkribus.eu/Get?id=WYPOKSGRVMYNWZCPDFMOCMBU" imageId="48547434"/>
    </Metadata>
    <Page imageFilename="1589031_0020.jpg" imageWidth="3176" imageHeight="3704">
        <ReadingOrder>
            <OrderedGroup id="ro_1711794083185" caption="Regions reading order">
                <RegionRefIndexed index="0" regionRef="tr_1"/>
            </OrderedGroup>
        </ReadingOrder>
        <TextRegion orientation="0.0" id="tr_1" custom="readingOrder {index:0;}">
            <Coords points="1008,544 1008,3148 2913,3148 2913,544"/>
            <TextLine id="tr_1_tl_1" custom="readingOrder {index:0;}">
                <Coords points="1001,689 1130,650 1419,704 1510,664 1747,734 1963,678 2120,732 2404,657 2622,696 2819,650 2821,544 2772,535 2467,577 2085,525 1869,589 1595,596 1004,567"/>
                <Baseline points="1014,638 1104,644 1195,644 1285,641 1376,639 1467,641 1557,634 1648,634 1738,630 1829,629 1920,626 2010,626 2101,623 2191,621 2282,617 2373,620 2463,614 2554,617 2644,611 2735,608 2826,605"/>
                <TextEquiv>
                    <Unicode>schon künnern. Viel anderes werde ich ja nicht</Unicode>
                </TextEquiv>
            </TextLine>
            <TextLine id="tr_1_tl_2" custom="readingOrder {index:1;}">
                <Coords points="992,840 1069,856 1187,802 1327,830 1405,804 1576,823 1578,708 1510,664 1323,729 1241,722 1182,748 1114,713 994,701"/>
                <Baseline points="1008,779 1036,779 1065,779 1093,779 1122,777 1151,776 1179,776 1208,776 1237,776 1265,776 1294,774 1323,774 1351,776 1380,774 1409,773 1437,773 1466,772 1495,770 1523,768 1552,768 1581,770"/>
                <TextEquiv>
                    <Unicode>mehr zu tun he</Unicode>
                </TextEquiv>
            </TextLine>
            <TextLine id="tr_1_tl_3" custom="readingOrder {index:2;}">
                <Coords points="999,966 1241,973 1482,919 2019,938 2211,915 2214,830 2003,842 1899,797 1468,868 1344,821 1001,844"/>
                <Baseline points="1011,898 1068,907 1129,907 1189,910 1250,906 1311,904 1371,907 1432,904 1492,902 1553,901 1614,897 1674,895 1735,895 1795,895 1856,892 1917,891 1977,891 2038,889 2098,889 2159,887 2220,883"/>
                <TextEquiv>
                    <Unicode>Lndwigi x</Unicode>
                </TextEquiv>
            </TextLine>
            <TextLine id="tr_1_tl_4" custom="readingOrder {index:3;}">
                <Coords points="997,1097 1278,1107 1421,1048 1660,1088 1738,1048 2052,1051 2141,1097 2350,1079 2474,1121 2720,1076 2725,910 2537,952 2345,922 2190,961 1982,917 1763,973 1562,919 1503,966 999,966"/>
                <Baseline points="1011,1038 1096,1038 1182,1038 1268,1035 1354,1034 1440,1028 1526,1026 1611,1026 1697,1017 1783,1026 1869,1024 1955,1019 2041,1022 2127,1020 2212,1019 2298,1013 2384,1011 2470,1008 2556,1004 2642,1002 2728,1002"/>
                <TextEquiv>
                    <Unicode>Sidon: Dre diesee Naus - da jetzt konnt die</Unicode>
                </TextEquiv>
            </TextLine>
            <TextLine id="tr_1_tl_5" custom="readingOrder {index:4;}">
                <Coords points="1013,1236 1337,1196 1433,1229 1599,1198 1644,1158 1822,1198 1855,1189 1857,1123 1630,1093 1529,1116 1452,1083 1135,1126 1015,1102"/>
                <Baseline points="1026,1167 1067,1169 1109,1169 1150,1169 1192,1169 1234,1169 1275,1169 1317,1169 1359,1167 1400,1167 1442,1165 1484,1164 1525,1164 1567,1163 1609,1160 1650,1158 1692,1158 1734,1158 1775,1158 1817,1158 1859,1158"/>
                <TextEquiv>
                    <Unicode>Einsankeit, mein Sohn.</Unicode>
                </TextEquiv>
            </TextLine>
            <TextLine id="tr_1_tl_6" custom="readingOrder {index:5;}">
                <Coords points="1004,1360 1313,1379 1355,1339 1573,1351 1864,1285 1991,1318 2408,1271 2805,1297 2807,1172 2568,1208 2286,1100 2045,1243 1006,1236"/>
                <Baseline points="1020,1298 1109,1301 1199,1301 1288,1298 1378,1295 1467,1292 1557,1289 1646,1289 1736,1283 1825,1286 1915,1283 2005,1280 2094,1280 2184,1277 2273,1271 2363,1268 2452,1271 2542,1268 2631,1265 2721,1265 2811,1265"/>
                <TextEquiv>
                    <Unicode>ludnig: Wie kauret du so reden -da mirst uns</Unicode>
                </TextEquiv>
            </TextLine>
            <TextLine id="tr_1_tl_7" custom="readingOrder {index:6;}">
                <Coords points="1020,1456 1372,1442 1642,1494 1775,1452 1848,1491 2322,1447 2481,1496 2884,1419 2887,1309 2441,1362 2202,1323 1836,1374 1395,1332 1266,1391 1022,1367"/>
                <Baseline points="1032,1429 1125,1432 1218,1427 1311,1427 1404,1424 1497,1423 1590,1420 1683,1420 1776,1420 1869,1417 1962,1416 2055,1413 2148,1410 2241,1402 2334,1401 2427,1402 2520,1400 2613,1399 2706,1396 2799,1396 2892,1396"/>
                <TextEquiv>
                    <Unicode>immer willkonnen sein, nicht nur Antoinette, auch</Unicode>
                </TextEquiv>
            </TextLine>
            <TextLine id="tr_1_tl_8" custom="readingOrder {index:7;}">
                <Coords points="1011,1630 1046,1620 1067,1637 1090,1613 1149,1576 1172,1588 1196,1583 1194,1524 1172,1527 1163,1517 1149,1522 1088,1494 1076,1501 1067,1494 1048,1498 1032,1513 1004,1517"/>
                <Baseline points="1020,1555 1046,1558 1072,1560 1098,1562 1124,1564 1150,1566 1176,1565 1202,1563"/>
                <TextEquiv>
                    <Unicode>mir.</Unicode>
                </TextEquiv>
            </TextLine>
            <TextLine id="tr_1_tl_9" custom="readingOrder {index:8;}">
                <Coords points="1001,1752 1313,1738 1388,1773 1496,1705 1639,1738 1860,1705 2432,1792 2570,1740 2774,1775 2828,1768 2833,1620 2556,1585 2504,1618 1004,1630"/>
                <Baseline points="1017,1683 1107,1689 1198,1690 1289,1689 1380,1689 1471,1687 1562,1684 1653,1683 1744,1678 1835,1677 1926,1680 2016,1673 2107,1673 2198,1672 2289,1668 2380,1668 2471,1665 2562,1662 2653,1662 2744,1659 2835,1647"/>
                <TextEquiv>
                    <Unicode>Sidon: Aoh, sag das nicht. Auch die Schwieger-</Unicode>
                </TextEquiv>
            </TextLine>
            <TextLine id="tr_1_tl_10" custom="readingOrder {index:9;}">
                <Coords points="1011,1853 1107,1867 1149,1895 1208,1857 1297,1855 1313,1850 1316,1766 1290,1766 1250,1742 1217,1761 1142,1742 1060,1747 1051,1735 1013,1745"/>
                <Baseline points="1026,1817 1052,1820 1079,1822 1105,1823 1132,1823 1159,1823 1185,1823 1212,1821 1239,1819 1265,1815 1292,1813 1319,1811"/>
                <TextEquiv>
                    <Unicode>vater-</Unicode>
                </TextEquiv>
            </TextLine>
            <TextLine id="tr_1_tl_11" custom="readingOrder {index:10;}">
                <Coords points="1022,1970 1423,2019 2734,1996 2737,1862 2617,1846 2558,1885 2078,1855 1656,1895 1527,1855 1154,1895 1025,1853"/>
                <Baseline points="1035,1951 1120,1951 1205,1950 1291,1948 1376,1946 1461,1945 1547,1942 1632,1942 1717,1940 1803,1940 1888,1937 1973,1935 2059,1934 2144,1932 2229,1931 2315,1929 2400,1925 2485,1925 2571,1922 2656,1922 2742,1922"/>
                <TextEquiv>
                    <Unicode>Lndnig:leichtlich pracktupiert) Na, ich will</Unicode>
                </TextEquiv>
            </TextLine>
            <TextLine id="tr_1_tl_12" custom="readingOrder {index:11;}">
                <Coords points="1011,2125 1283,2099 1386,2167 1463,2136 1787,2162 1914,2106 2312,2141 2859,2050 2859,2014 2741,1984 1013,2012"/>
                <Baseline points="1023,2077 1115,2080 1207,2080 1299,2080 1391,2080 1483,2077 1575,2074 1667,2073 1759,2069 1851,2070 1944,2065 2036,2065 2128,2063 2220,2059 2312,2058 2404,2057 2496,2057 2588,2054 2680,2056 2772,2053 2865,2041"/>
                <TextEquiv>
                    <Unicode>doch lieber selbst noch einmal nachhause teie-</Unicode>
                </TextEquiv>
            </TextLine>
            <TextLine id="tr_1_tl_13" custom="readingOrder {index:12;}">
                <Coords points="1022,2268 2451,2249 2453,2129 2385,2120 1025,2162"/>
                <Baseline points="1035,2208 1106,2211 1177,2210 1248,2208 1319,2211 1390,2207 1461,2205 1532,2203 1603,2202 1674,2202 1745,2199 1816,2199 1887,2199 1958,2196 2029,2195 2100,2190 2171,2189 2242,2188 2313,2190 2384,2189 2456,2184"/>
                <TextEquiv>
                    <Unicode>fonieren. (will ab, vorbei an Richeral</Unicode>
                </TextEquiv>
            </TextLine>
            <TextLine id="tr_1_tl_14" custom="readingOrder {index:13;}">
                <Coords points="1018,2404 1264,2427 1531,2373 1756,2418 1967,2371 2448,2404 2610,2371 2612,2279 2425,2244 1020,2270"/>
                <Baseline points="1032,2328 1111,2338 1190,2342 1269,2342 1349,2336 1428,2337 1507,2337 1586,2337 1666,2334 1745,2331 1824,2331 1903,2331 1983,2328 2062,2323 2141,2322 2220,2322 2300,2319 2379,2319 2458,2319 2537,2317 2617,2316"/>
                <TextEquiv>
                    <Unicode>Richerd: Klso, auf ein guter Niederschen.</Unicode>
                </TextEquiv>
            </TextLine>
            <TextLine id="tr_1_tl_15" custom="readingOrder {index:14;}">
                <Coords points="1022,2514 2401,2535 2488,2483 2664,2521 2666,2408 2554,2371 2134,2411 1963,2373 1780,2418 1653,2375 1231,2432 1025,2404"/>
                <Baseline points="1035,2474 1116,2475 1198,2477 1280,2477 1362,2474 1444,2472 1525,2470 1607,2468 1689,2465 1771,2465 1853,2465 1934,2464 2016,2461 2098,2459 2180,2459 2262,2453 2343,2453 2425,2453 2507,2452 2589,2449 2671,2447"/>
                <TextEquiv>
                    <Unicode>jndnig: Du willst schon gehen? Möchtesieu</Unicode>
                </TextEquiv>
            </TextLine>
            <TextLine id="tr_1_tl_16" custom="readingOrder {index:15;}">
                <Coords points="1025,2626 1245,2673 1498,2615 1630,2664 2263,2648 2460,2589 2908,2601 2908,2507 2870,2500 2460,2544 1787,2504 1405,2568 1027,2549"/>
                <Baseline points="1038,2608 1131,2608 1225,2603 1319,2598 1413,2602 1506,2599 1600,2597 1694,2598 1788,2593 1881,2593 1975,2590 2069,2589 2163,2587 2256,2580 2350,2581 2444,2584 2538,2583 2631,2584 2725,2584 2819,2584 2913,2578"/>
                <TextEquiv>
                    <Unicode>nicht - ich kleide mich nur un - ich hätte gern</Unicode>
                </TextEquiv>
            </TextLine>
            <TextLine id="tr_1_tl_17" custom="readingOrder {index:16;}">
                <Coords points="1032,2760 1245,2807 1360,2753 1527,2798 1899,2711 2071,2744 2615,2708 2615,2659 2209,2666 2101,2622 1032,2666"/>
                <Baseline points="1044,2722 1122,2722 1201,2721 1280,2716 1359,2713 1438,2715 1516,2712 1595,2710 1674,2713 1753,2710 1832,2708 1910,2707 1989,2710 2068,2707 2147,2707 2226,2709 2304,2704 2383,2701 2462,2706 2541,2703 2620,2698"/>
                <TextEquiv>
                    <Unicode>ein pesr Nortg mit dir nlch gesprochen.</Unicode>
                </TextEquiv>
            </TextLine>
            <TextLine id="tr_1_tl_18" custom="readingOrder {index:17;}">
                <Coords points="1022,2915 1294,2941 1360,2898 1452,2938 1710,2891 1923,2943 2066,2910 2040,2774 1449,2800 1379,2767 1252,2807 1025,2779"/>
                <Baseline points="1038,2844 1089,2850 1141,2851 1193,2855 1245,2852 1297,2850 1348,2848 1400,2847 1452,2850 1504,2847 1556,2847 1607,2845 1659,2844 1711,2844 1763,2844 1815,2839 1866,2842 1918,2844 1970,2842 2022,2844 2074,2838"/>
                <TextEquiv>
                    <Unicode>Richerd:lbefrendet/ Jetztz</Unicode>
                </TextEquiv>
            </TextLine>
            <TextLine id="tr_1_tl_19" custom="readingOrder {index:18;}">
                <Coords points="1039,3072 1337,3067 1536,3011 1881,3067 2096,3037 2193,3077 2528,3041 2788,3074 2791,2849 2737,2842 2460,2936 2164,2934 2120,2898 1923,2943 1813,2910 1041,2924"/>
                <Baseline points="1053,2978 1140,2984 1227,2984 1314,2987 1401,2984 1488,2982 1575,2979 1663,2977 1750,2978 1837,2973 1924,2972 2011,2972 2098,2972 2185,2970 2273,2970 2360,2971 2447,2962 2534,2961 2621,2969 2708,2966 2796,2963"/>
                <TextEquiv>
                    <Unicode>laanig: Eperielt wegen eines Falles - frasch</Unicode>
                </TextEquiv>
            </TextLine>
            <TextLine id="tr_1_tl_20" custom="readingOrder {index:19;}">
                <Coords points="1027,3182 1180,3170 1266,3203 1529,3163 1939,3163 1939,3063 1834,3072 1773,3034 1161,3079 1104,3051 1027,3086"/>
                <Baseline points="1041,3116 1086,3118 1131,3117 1176,3116 1222,3116 1267,3113 1312,3116 1357,3116 1403,3111 1448,3115 1493,3113 1538,3113 1584,3113 1629,3113 1674,3110 1719,3110 1765,3113 1810,3113 1855,3113 1900,3113 1946,3113"/>
                <TextEquiv>
                    <Unicode>durch das nächete Zinne</Unicode>
                </TextEquiv>
            </TextLine>
            <TextEquiv>
                <Unicode></Unicode>
            </TextEquiv>
        </TextRegion>
    </Page>
</PcGts>
