<?xml version="1.0" encoding="UTF-8" standalone="yes"?>
<PcGts xmlns="http://schema.primaresearch.org/PAGE/gts/pagecontent/2013-07-15" xmlns:xsi="http://www.w3.org/2001/XMLSchema-instance" xsi:schemaLocation="http://schema.primaresearch.org/PAGE/gts/pagecontent/2013-07-15 http://schema.primaresearch.org/PAGE/gts/pagecontent/2013-07-15/pagecontent.xsd">
    <Metadata>
        <Creator>prov=READ-COOP:name=PyLaia@TranskribusPlatform:version=2.7.0:model_id=50870:lm=none:date=22_01_2024_18:09</Creator>
        <Created>2023-09-27T14:33:22.974+02:00</Created>
        <LastChange>2024-01-22T18:09:35.202+01:00</LastChange>
        <TranskribusMetadata docId="1589031" pageId="60122664" pageNr="83" tsid="145631334" status="IN_PROGRESS" userId="40391" imgUrl="https://files.transkribus.eu/Get?id=TNSNPTOZBKJLNQEGYPNYAKGF&amp;fileType=view" xmlUrl="https://files.transkribus.eu/Get?id=QHFGXECAEUAKNLKGDSKOHIRT" imageId="48547742"/>
    </Metadata>
    <Page imageFilename="1589031_0083.jpg" imageWidth="3288" imageHeight="3608">
        <ReadingOrder>
            <OrderedGroup id="ro_1711794196455" caption="Regions reading order">
                <RegionRefIndexed index="0" regionRef="tr_1"/>
            </OrderedGroup>
        </ReadingOrder>
        <TextRegion orientation="0.0" id="tr_1" custom="readingOrder {index:0;}">
            <Coords points="1078,616 1078,3314 3037,3314 3037,616"/>
            <TextLine id="tr_1_tl_1" custom="readingOrder {index:0;}">
                <Coords points="1065,736 1721,702 1786,741 2224,678 2887,695 2889,549 2846,540 2284,576 2154,627 1929,586 1813,612 1687,554 1512,605 1169,566 1067,605"/>
                <Baseline points="1078,707 1168,709 1259,707 1350,705 1441,704 1532,702 1622,698 1713,696 1804,695 1895,693 1986,687 2076,686 2167,683 2258,685 2349,677 2440,675 2530,677 2621,675 2712,675 2803,669 2894,672"/>
                <TextEquiv>
                    <Unicode>mutet, oftenber nach früheren Apfahrungen, dass</Unicode>
                </TextEquiv>
            </TextLine>
            <TextLine id="tr_1_tl_2" custom="readingOrder {index:1;}">
                <Coords points="1104,845 1442,842 1505,878 1546,840 2374,813 2442,859 2643,803 2952,840 2981,741 2159,741 2118,707 1762,750 1537,711 1447,753 1106,738"/>
                <Baseline points="1117,842 1210,839 1303,836 1397,836 1490,833 1584,830 1677,830 1771,824 1864,821 1958,821 2051,821 2144,816 2238,814 2331,808 2425,806 2518,803 2612,803 2705,803 2799,800 2892,797 2986,797"/>
                <TextEquiv>
                    <Unicode>ie in irgend eine Beziehung verstrickt sind, die</Unicode>
                </TextEquiv>
            </TextLine>
            <TextLine id="tr_1_tl_3" custom="readingOrder {index:2;}">
                <Coords points="1079,985 1638,1014 1762,958 1934,999 2042,956 2200,990 2367,944 2822,966 2827,813 2597,859 2098,828 1854,886 1733,837 1546,842 1343,908 1082,876"/>
                <Baseline points="1093,967 1179,967 1266,967 1353,964 1440,964 1526,961 1613,958 1700,956 1787,958 1873,953 1960,950 2047,950 2134,947 2220,948 2307,943 2394,942 2481,937 2567,934 2654,934 2741,931 2828,937"/>
                <TextEquiv>
                    <Unicode>Innen mehr Unruhe und Leid bringt, als Glück.</Unicode>
                </TextEquiv>
            </TextLine>
            <TextLine id="tr_1_tl_4" custom="readingOrder {index:3;}">
                <Coords points="1074,1137 1469,1145 1568,1099 1830,1091 1897,1125 2120,1079 2660,1111 2662,970 2495,941 2340,1012 2042,958 1921,1012 1079,985"/>
                <Baseline points="1090,1102 1168,1102 1247,1101 1326,1102 1404,1099 1483,1097 1562,1093 1640,1096 1719,1090 1798,1088 1877,1086 1955,1084 2034,1081 2113,1079 2191,1077 2270,1075 2349,1072 2427,1069 2506,1069 2585,1069 2664,1072"/>
                <TextEquiv>
                    <Unicode>Richerd: Nat Helene Sie danit betrauts-</Unicode>
                </TextEquiv>
            </TextLine>
            <TextLine id="tr_1_tl_5" custom="readingOrder {index:4;}">
                <Coords points="1077,1268 1399,1283 1515,1229 2159,1210 2297,1263 2510,1217 2674,1246 2783,1195 2952,1208 2955,1118 2667,1091 2502,1152 2418,1096 2297,1094 1873,1154 1660,1113 1079,1171"/>
                <Baseline points="1093,1230 1186,1231 1279,1230 1372,1230 1465,1227 1558,1224 1651,1221 1745,1221 1838,1218 1931,1212 2024,1211 2117,1212 2210,1211 2303,1206 2397,1203 2490,1202 2583,1200 2676,1195 2769,1194 2862,1194 2956,1203"/>
                <TextEquiv>
                    <Unicode>Karl Fern: Sie hat mich mit gar nichte betreut.</Unicode>
                </TextEquiv>
            </TextLine>
            <TextLine id="tr_1_tl_6" custom="readingOrder {index:5;}">
                <Coords points="1074,1404 1215,1365 1459,1411 1885,1401 1972,1355 2050,1399 2464,1375 2556,1425 2839,1396 2841,1290 2710,1225 2345,1266 2229,1237 2096,1300 1895,1249 1750,1302 1643,1268 1597,1312 1077,1278"/>
                <Baseline points="1087,1370 1174,1365 1262,1362 1350,1361 1438,1359 1526,1356 1613,1355 1701,1354 1789,1353 1877,1354 1965,1353 2052,1349 2140,1342 2228,1340 2316,1337 2404,1336 2491,1335 2579,1332 2667,1329 2755,1326 2843,1335"/>
                <TextEquiv>
                    <Unicode>sie hat sich nur mir gegenüher ausgeprochen.</Unicode>
                </TextEquiv>
            </TextLine>
            <TextLine id="tr_1_tl_7" custom="readingOrder {index:6;}">
                <Coords points="1082,1537 1389,1551 1525,1508 1999,1537 2001,1387 1963,1372 1750,1411 1529,1387 1459,1413 1370,1377 1174,1418 1084,1401"/>
                <Baseline points="1096,1490 1141,1493 1186,1493 1232,1493 1277,1493 1323,1491 1368,1490 1413,1490 1459,1490 1504,1487 1550,1487 1595,1487 1640,1484 1686,1484 1731,1484 1777,1484 1822,1481 1867,1481 1913,1478 1958,1478 2004,1484"/>
                <TextEquiv>
                    <Unicode>Richard: Das merke ich.</Unicode>
                </TextEquiv>
            </TextLine>
            <TextLine id="tr_1_tl_8" custom="readingOrder {index:7;}">
                <Coords points="1079,1679 2962,1600 2962,1522 2814,1486 2674,1520 2488,1481 2340,1529 2154,1500 1902,1549 1544,1512 1186,1568 1082,1539"/>
                <Baseline points="1093,1624 1186,1624 1280,1624 1374,1620 1468,1618 1561,1616 1655,1613 1749,1614 1843,1609 1936,1606 2030,1606 2124,1606 2218,1600 2311,1597 2405,1594 2499,1594 2593,1591 2686,1588 2780,1585 2874,1585 2968,1585"/>
                <TextEquiv>
                    <Unicode>Karl Bern: Bitte, menn Sie keine Lust haben mich</Unicode>
                </TextEquiv>
            </TextLine>
            <TextLine id="tr_1_tl_9" custom="readingOrder {index:8;}">
                <Coords points="1082,1764 1266,1759 1355,1815 1467,1764 1619,1788 1902,1742 2393,1788 2679,1752 2681,1648 2606,1626 2488,1660 2122,1636 1975,1684 1784,1643 1084,1672"/>
                <Baseline points="1096,1756 1175,1753 1254,1753 1333,1753 1413,1751 1492,1753 1571,1749 1651,1747 1730,1745 1809,1741 1889,1738 1968,1738 2047,1738 2126,1735 2206,1732 2285,1735 2364,1729 2444,1726 2523,1726 2602,1724 2682,1729"/>
                <TextEquiv>
                    <Unicode>anzuhören, ich bestehe keineswegs darauf.</Unicode>
                </TextEquiv>
            </TextLine>
            <TextLine id="tr_1_tl_10" custom="readingOrder {index:9;}">
                <Coords points="1087,1931 1341,1938 1433,1880 1779,1912 1866,1876 2006,1917 2439,1863 2548,1897 2756,1851 2962,1895 2964,1781 2662,1754 1682,1800 1539,1767 1350,1815 1263,1759 1089,1808"/>
                <Baseline points="1099,1884 1192,1881 1286,1881 1379,1881 1473,1879 1567,1877 1660,1875 1754,1872 1847,1869 1941,1869 2035,1866 2128,1866 2222,1862 2315,1860 2409,1859 2503,1855 2596,1854 2690,1849 2783,1849 2877,1846 2971,1848"/>
                <TextEquiv>
                    <Unicode>Richard: Aber ich bestehe jetzt darauf, dass Sie</Unicode>
                </TextEquiv>
            </TextLine>
            <TextLine id="tr_1_tl_11" custom="readingOrder {index:10;}">
                <Coords points="1089,2035 1174,2030 1222,2057 1285,2059 1353,2030 1457,2059 1491,2030 1595,2018 1595,1977 1505,1941 1416,1960 1370,1934 1278,1943 1229,1919 1157,1951 1089,1934"/>
                <Baseline points="1102,2019 1128,2018 1154,2016 1180,2014 1206,2013 1233,2013 1259,2013 1285,2013 1311,2013 1337,2013 1364,2013 1390,2013 1416,2013 1442,2012 1468,2010 1495,2010 1521,2010 1547,2010 1573,2012 1600,2016"/>
                <TextEquiv>
                    <Unicode>weiterreden.</Unicode>
                </TextEquiv>
            </TextLine>
            <TextLine id="tr_1_tl_12" custom="readingOrder {index:11;}">
                <Coords points="1087,2202 1515,2197 1682,2137 1781,2173 1999,2127 2072,2185 2756,2127 2873,2166 3030,2122 3032,2023 2865,1958 1984,2045 1706,2011 1091,2064"/>
                <Baseline points="1102,2150 1198,2144 1295,2141 1392,2141 1489,2141 1585,2139 1682,2135 1779,2132 1876,2129 1972,2126 2069,2126 2166,2124 2263,2122 2359,2120 2456,2120 2553,2116 2650,2114 2746,2111 2843,2111 2940,2105 3037,2108"/>
                <TextEquiv>
                    <Unicode>test dert. Fottr mlsten Sie nir gecterror ausrich-</Unicode>
                </TextEquiv>
            </TextLine>
            <TextLine id="tr_1_tl_13" custom="readingOrder {index:12;}">
                <Coords points="1099,2292 1193,2316 1251,2284 1314,2284 1365,2318 1491,2292 1525,2304 1556,2282 1631,2294 1636,2168 1515,2197 1474,2180 1435,2197 1406,2173 1375,2193 1263,2183 1229,2209 1101,2205"/>
                <Baseline points="1114,2275 1140,2277 1166,2278 1192,2278 1219,2278 1245,2278 1271,2278 1297,2276 1324,2272 1350,2274 1376,2275 1402,2273 1429,2271 1455,2269 1481,2270 1507,2272 1534,2270 1560,2269 1586,2269 1612,2268 1639,2266"/>
                <TextEquiv>
                    <Unicode>tig zu sein.</Unicode>
                </TextEquiv>
            </TextLine>
            <TextLine id="tr_1_tl_14" custom="readingOrder {index:13;}">
                <Coords points="1101,2413 2350,2415 2352,2304 2268,2289 1104,2309"/>
                <Baseline points="1114,2407 1176,2405 1238,2404 1300,2401 1363,2401 1425,2401 1487,2401 1549,2398 1612,2398 1674,2398 1736,2395 1798,2392 1861,2389 1923,2391 1985,2391 2047,2389 2110,2386 2172,2383 2234,2383 2296,2383 2359,2386"/>
                <TextEquiv>
                    <Unicode>Vehard. Ich erauche ste derur.</Unicode>
                </TextEquiv>
            </TextLine>
            <TextLine id="tr_1_tl_15" custom="readingOrder {index:14;}">
                <Coords points="2519,2420 2548,2430 2582,2408 2647,2437 2681,2418 2788,2432 2788,2292 2720,2299 2689,2289 2660,2311 2614,2299 2580,2316 2519,2301"/>
                <Baseline points="2532,2410 2558,2412 2584,2413 2610,2413 2637,2414 2663,2416 2689,2414 2716,2413 2742,2413 2768,2412 2795,2410"/>
                <TextEquiv>
                    <Unicode>halk</Unicode>
                </TextEquiv>
            </TextLine>
            <TextLine id="tr_1_tl_16" custom="readingOrder {index:15;}">
                <Coords points="1094,2570 1287,2597 1750,2526 2016,2563 2098,2522 2701,2505 2969,2548 2972,2415 2834,2456 2086,2410 1955,2461 1810,2396 1575,2451 1096,2468"/>
                <Baseline points="1108,2535 1201,2535 1294,2534 1387,2530 1481,2529 1574,2528 1667,2526 1761,2526 1854,2520 1947,2517 2041,2518 2134,2519 2227,2515 2320,2513 2414,2510 2507,2505 2600,2506 2694,2502 2787,2502 2880,2499 2974,2493"/>
                <TextEquiv>
                    <Unicode>Karl Dern: Also, kurz und gut, ich gtauberdie Be-</Unicode>
                </TextEquiv>
            </TextLine>
            <TextLine id="tr_1_tl_17" custom="readingOrder {index:16;}">
                <Coords points="2209,2575 2234,2580 2241,2589 2253,2577 2260,2582 2268,2575 2396,2575 2396,2536 2343,2541 2326,2526 2306,2529 2287,2514 2260,2539 2231,2526 2209,2529"/>
                <Baseline points="2222,2574 2247,2574 2273,2574 2298,2574 2324,2573 2349,2571 2375,2571 2401,2571"/>
                <TextEquiv>
                    <Unicode>deet</Unicode>
                </TextEquiv>
            </TextLine>
            <TextLine id="tr_1_tl_18" custom="readingOrder {index:17;}">
                <Coords points="1096,2689 2142,2647 2277,2681 2611,2635 2899,2679 2938,2572 2722,2539 2401,2597 2103,2543 1909,2546 1842,2594 1762,2556 1428,2609 1367,2570 1099,2592"/>
                <Baseline points="1111,2673 1202,2667 1294,2664 1385,2662 1477,2661 1568,2658 1660,2655 1751,2652 1843,2651 1934,2649 2026,2649 2117,2646 2209,2644 2300,2646 2392,2646 2483,2643 2575,2637 2666,2634 2758,2634 2849,2634 2941,2637"/>
                <TextEquiv>
                    <Unicode>sorgnisse Ihrer Schwester sind gerechtfertigt.</Unicode>
                </TextEquiv>
            </TextLine>
            <TextLine id="tr_1_tl_19" custom="readingOrder {index:18;}">
                <Coords points="1280,2742 1578,2732 1580,2662 1471,2669 1447,2689 1394,2686 1379,2701 1350,2696 1333,2679 1283,2693"/>
                <Baseline points="1296,2732 1322,2732 1348,2732 1374,2731 1401,2729 1427,2729 1453,2729 1479,2727 1506,2725 1532,2724 1558,2722 1585,2720"/>
                <TextEquiv>
                    <Unicode>inwell</Unicode>
                </TextEquiv>
            </TextLine>
            <TextLine id="tr_1_tl_20" custom="readingOrder {index:19;}">
                <Coords points="1104,2805 1384,2827 1834,2778 2127,2841 2343,2836 2468,2773 2865,2802 2967,2764 2952,2693 2413,2725 2166,2647 1725,2667 1624,2739 1106,2718"/>
                <Baseline points="1117,2798 1209,2795 1302,2795 1395,2792 1487,2792 1580,2786 1673,2783 1765,2783 1858,2780 1951,2780 2044,2777 2136,2776 2229,2776 2322,2772 2414,2772 2507,2769 2600,2765 2692,2765 2785,2765 2878,2762 2971,2762"/>
                <TextEquiv>
                    <Unicode>soe sind nicht der Mann für eine Beziehung mit</Unicode>
                </TextEquiv>
            </TextLine>
            <TextLine id="tr_1_tl_21" custom="readingOrder {index:20;}">
                <Coords points="1106,2948 1195,2928 1309,2984 1384,2926 1634,2919 1883,2962 2011,2899 2485,2880 2822,2935 2844,2798 2638,2778 2534,2824 2125,2841 2047,2805 1984,2844 1837,2800 1774,2848 1650,2805 1520,2858 1425,2814 1297,2860 1108,2834"/>
                <Baseline points="1120,2924 1206,2917 1292,2917 1378,2914 1465,2909 1551,2906 1637,2906 1724,2900 1810,2897 1896,2898 1983,2896 2069,2892 2155,2889 2241,2886 2328,2885 2414,2882 2500,2879 2587,2878 2673,2876 2759,2873 2846,2876"/>
                <TextEquiv>
                    <Unicode>einer jungen Kyestlerin, besonder- Mtt etwer</Unicode>
                </TextEquiv>
            </TextLine>
            <TextLine id="tr_1_tl_22" custom="readingOrder {index:21;}">
                <Coords points="1096,3076 1186,3081 1241,3054 1450,3086 1527,3052 1575,3076 1725,3071 1728,2926 1704,2919 1454,2991 1099,2964"/>
                <Baseline points="1111,3046 1142,3048 1173,3047 1204,3046 1235,3046 1266,3046 1297,3046 1328,3046 1359,3046 1390,3045 1421,3043 1452,3041 1483,3040 1514,3040 1545,3038 1576,3037 1607,3037 1638,3037 1669,3037 1700,3039 1732,3043"/>
                <TextEquiv>
                    <Unicode>Schauspielerin.</Unicode>
                </TextEquiv>
            </TextLine>
            <TextLine id="tr_1_tl_23" custom="readingOrder {index:22;}">
                <Coords points="1101,3221 1907,3202 2033,3161 2442,3192 2507,3153 2623,3194 2807,3168 2814,2998 2606,3054 1106,3071"/>
                <Baseline points="1117,3159 1206,3154 1295,3154 1385,3154 1474,3148 1564,3145 1653,3142 1742,3139 1832,3136 1921,3136 2011,3130 2100,3124 2190,3124 2279,3121 2368,3118 2458,3115 2547,3112 2637,3112 2726,3109 2816,3115"/>
                <TextEquiv>
                    <Unicode>Richerd: Mar Sie zu erläntern haben werden.</Unicode>
                </TextEquiv>
            </TextLine>
            <TextLine id="tr_1_tl_24" custom="readingOrder {index:23;}">
                <Coords points="1104,3291 1892,3311 2130,3274 2413,3315 2618,3272 2761,3318 2851,3265 3013,3296 3018,3158 2618,3209 2284,3168 1716,3228 1626,3194 1399,3238 1106,3219"/>
                <Baseline points="1117,3288 1212,3286 1307,3285 1402,3282 1497,3279 1592,3279 1687,3276 1782,3273 1877,3270 1972,3268 2068,3264 2163,3264 2258,3261 2353,3261 2448,3261 2543,3258 2638,3258 2733,3255 2828,3255 2923,3255 3019,3255"/>
                <TextEquiv>
                    <Unicode>Kerl. Bern: Ich versuche. Eine Künstlerin brfucht</Unicode>
                </TextEquiv>
            </TextLine>
            <TextEquiv>
                <Unicode></Unicode>
            </TextEquiv>
        </TextRegion>
    </Page>
</PcGts>
