3304 3496
2667 402 2835 551 262
1094 505 2949 693 den Abend retten - wenn es geschwind aus wird.
1085 635 2831 794 Und aie Friseel soll lauter sprechen - kein
1082 770 1823 936 nert versteht man.
1097 911 1818 1075 Fobleinsfrasch abl
1104 1020 2937 1219 Corodai Herr Baron - erlauben Sie mir Ihnen zu
1080 1174 2876 1373 Ihrem seneationellen Achtungserfolg zu gratu-
1070 1296 1385 1453 Lioren.
1077 1417 2809 1607 Baroni Danke. Sie sind hoffentlich auch mit
1065 1595 2400 1744 Ihrer Nachfolgerin einverstanden.
1075 1693 2886 1866 Rovoda: Nachfolgerint- Ioh wieste nicht. Ier
1061 1833 2843 2006 habe auch niemale eine Vorgangerin gehabt-
1077 1960 2720 2160 Ich bin und bieibe ein Planst, Herr Baron.
1068 2100 2867 2273 Baroni Gewier. (kurzer Abschied,geht in seine
1070 2251 1279 2371 vogel
1053 2359 2922 2554 Treguleini 2so, dein Entlaseungegesuch scheint
1049 2518 1481 2660 bewziligt.
1049 2629 2985 2814 Revedar Wer epricht von einem Entleseungegesuch-
1056 2761 2982 2944 er war eine Pisterenz auf der Probe, wie sie hun-
1044 2886 1857 3059 derte Male verkannt.
1027 3025 2578 3240 wreguletnt Da gehet nicht nach Verlirz
