3288 3480
2744 299 2887 471 287
2120 464 2714 632 Schlag treffen.
1024 491 1261 644 Löblei
1989 612 2926 780 war ist denn geschehen?
1017 639 1466 795 Karl Bern:(
1562 730 2914 908 imepirienten) Es geht nicht andere.
1017 762 1515 928 Loblein: (zum
1019 893 2221 1073 lassen Sie den Vorhang fallen.
1019 999 2766 1192 Dregulein: Warten Sie noch einen Augenblich.
1019 1118 2894 1325 Löblein: Sowas war noch nicht das seit man auf
1024 1286 2031 1456 der Wettrhester spielt.
1024 1374 2611 1604 Karl Bern: Fräulein - ich beschwöre Sie!
1022 1545 2487 1690 Franzi: (wie zum Bemuektsein komnend)
1024 1678 2384 1851 Löblein: Ee ist der letzte Moment!
1026 1784 2808 1994 Karl Dern: (wirft sich beinahe auf die Wieel
1026 1942 2218 2132 Franzilerhebt sich plötzlicht
1029 2058 2894 2250 dregulein: Die Andern können doch nichts dafürt
1026 2206 1542 2389 ZxaptzixxEXX
1024 2300 3010 2532 Löblein: Lang kann er nicht mehr da unten spielen.
1034 2468 2297 2635 Inspizient: Alerletzter koment!
1026 2596 2939 2776 Franzi: (wiederholt wie mechenisch) Ailerietzter
1017 2707 2946 2897 Homent! ( auf die Bühne, vom Inspizienten an Arn
1036 2892 1915 3035 gehalten und geführt!
1024 2961 2031 3188 Harl Bern: boti sei Denkt
