3272 3608
691 573 2806 800 Ereguletn: Igtelendl 6ib'e aufl Man soll nichts foreie
688 762 880 865 ren.
688 868 2785 1075 Richard: stritt ein,grüsst zu den Schaispielern, nimnt
700 1013 2074 1193 aber an einer Pensternische Platzl
679 1149 2103 1317 Kellner: (nimnt Bestellung entgegen)
685 1273 2877 1456 Dögelmann: (zu Dregulein) Still, viert Lakei, dritter Ver-
671 1400 1864 1565 schmorener, achter Lanzknecht.
682 1533 2883 1710 Dregulein: Du hast deine Uöhe überschritten. Du hättest
2254 1645 2460 1734 weit
673 1678 2803 1852 auch die Kolle in dem neuen Stück zurückgehen sollen.
2345 1760 2960 1899 Nogeline Suel
671 1799 2331 1967 mer glaubt dir heute noch einen Don Juan?
2475 1846 2966 1991 arsta Tumit
673 1929 2948 2088 Karl Ber: (tritt ein, begrüest zueret Richard, der dem Ein-
673 2053 2954 2263 gang nah sitzt, bleibt bei ihm stehen, grüest zu den Andern
673 2198 1710 2375 Sohn: Gaten Abend, Meister.
2260 2221 2632 2398 bistort
662 2345 2963 2534 Karl Bern: Bin kein Meister. (zu Richardft Ich brenne auf,
665 2446 1433 2602 eine Partie Schach.
659 2567 1864 2756 Richerd: Stehe zur Verfügung.
662 2729 2091 2871 Dögelmann: Auf ein Wort, Herr Dektor.
644 2842 1979 3013 Barl Bern: Ich bis kein Doktor.
650 2971 3022 3163 Richerd:(zu Karl dernl Laszen Sie sich nicht stören. (rinnk
647 3107 1179 3255 eine Zeitung
