3320 3592
2727 439 2878 605 273
1042 621 1551 802 Gregor: Trasel
1529 588 2477 797 n auf Franzi zul diso-2
1049 777 1503 928 Franzi: (frei
1395 767 2328 951 rend) Was münschen Siez
1039 913 1314 1067 Gregor
1476 911 2245 1075 wiegen wünsche ich.
1057 1057 1213 1196 ran
1466 1032 2212 1228 willst du wissen?
1418 1186 1894 1362 & oder nein.
1289 1312 1957 1496 lferner Blickl
1158 1448 2797 1635 exor: Ob KixdxXX du mit mir komnet? Du
1105 1592 2021 1751 art es mir versprochen.
1095 1713 2449 1897 ranzi: Nichte hab ich versprochen.
1054 1816 2929 2018 Gregor: Mit dem Kuss hast du'’s mir versprochen.
1062 1988 2505 2139 Franzi: Der steht doch in der Kolle.
1102 2114 2949 2293 regor: Der ist nicht drin gestanden. Das waren
1057 2235 3024 2432 deine Lippen. Dein Mund und mein Mund. Das weisst
1059 2391 2939 2575 du sehr gut. Du sollst dichmicht mit mir spie-
1057 2558 1239 2669 len.
1062 2656 2916 2848 Löblein:ltritt ein) Sie sind noch der Ich hab
1057 2787 2997 2972 Sie schon auf der Bühne gesucht. Sie kommen doch
1070 2911 2999 3108 gleich dran. (zu Gregor) Und Sie doch auch. Aber
1075 3070 3098 3244 es ist vielleicht ganz gut. Man versteht Sie nicht,
