3288 3480
2813 373 2978 496 232
1179 476 2018 654 Beron: Es scheint so.
1172 609 2956 785 Koreda: Ich verstehe. Mein innigetes Beileid.
1179 750 1762 906 lentfernt sicht
1165 841 3003 1002 Baron: (zu Löpleik) Was machen wir nur? Glauben
1162 999 2265 1189 sie -IBtick auf die Roreda1
1162 1130 3040 1332 Loblein: Sie ist sa studiert, eine Probenwürden
1157 1266 1527 1421 genügen.
1157 1374 2423 1567 Baron: Und morgen - ein Sonntagl
1147 1513 3072 1698 Lsblein: Wäre ja keinesfalls möglich. Würde auch
1133 1670 1836 1764 nicht gut wirken.
1135 1811 1979 1890 Kommissär: (tritt ein)
1133 1925 2497 2078 Baron: Guten Abend, Herr Kommissär.
1123 2055 3050 2186 Kommissär: Der Tatbestand ist aufgenommen - wenn
1120 2169 2929 2379 Herr Daron mir noch zweckdienliche Angaben zu
1128 2315 1700 2426 machen hätten?
1130 2381 2068 2544 Baron: Ich musste nicht.
1123 2581 2922 2672 Dr. Braunftritt ein) Der Fall liegt klar.Frem-
1105 2667 3092 2855 des Verschulden ist jedesfalle völlig ausgeschlos-
1108 2788 1685 2951 sen. Aetantee
1105 2909 2623 3072 komnissar: Hotzliche Sinnesréhirrung.
1093 3033 3023 3245 Kerl Bern:/ der herzugetreten istspriotzlicht sie
