3288 3464
2709 280 2872 393 285
1626 435 2547 577 der sie verlassen hat?
1104 400 1478 572 Brief von
1099 548 2300 661 Karl Bern: Und auf meinen Rat.
1111 666 2945 840 Dregulein: Man sollte ihr den Brief überhaupt
1092 840 2337 946 nicht geben, auch nachner nicht.
1094 925 2909 1144 Karl Bern: Wer weiss! Vielleicht ist das. ihre
1104 1125 1426 1219 Rettung.
1104 1250 2290 1332 Dregulein: Oder ihr Untergang.
1104 1363 2992 1542 Karl Bern: Hätte man denn das Recht ihn zu un-
1104 1495 1584 1622 terschlagen?
1097 1634 2930 1805 tregulein: Ich würde es ruhig auf mich nehmen.
1092 1763 2255 1871 Karl Bern: Schicksal epielen?
1109 1885 2744 2041 regulein: Mues ja ein elender Kerl sein.
1097 2031 2547 2210 Farl Bem: Sie kennen ihn ja nicht.
1132 2168 2888 2342 regulein: Ich weise. genug. Hiteine rat
1109 2302 2815 2467 teter de (zum Beispiel, dass er mit seiner
1085 2455 2945 2622 braut da ist.. Hatte er ihr das nicht ersparen
1083 2582 1386 2721 können?
1083 2704 2817 2869 Karl Bern: Wir sind schwache Menschen alle.
1097 2824 2050 2973 (jetzt kört man Applaus!
1087 2945 2897 3130 Was ist denn das? Ie kann doch noch nicht aus
