3160 3592
755 573 2844 812 Methilde: Er segt wir 체berhauft nicht so viel. Narue
763 769 1412 913 sollte er auch.
766 847 2950 1076 Antoinette: (Zachelnd( Und eigentlich h채tte ich gedacht.
763 972 2893 1184 dese du die Erete von uns Breien sein wirst. Nun menn
763 1130 2738 1353 du heiratest, so wird es wenigetens f체r immer sein
774 1317 1589 1448 oder doch f체r lange.
774 1364 2738 1627 Vsthilde: Wie kenn nen an seinen Nochzeltstag so
780 1600 1027 1736 cherf
790 1611 2819 1880 Antoihette: Ee ist ein Ragmie ein anderer. (hlie
788 1776 2287 2029 Freu Biderhof) Das mar seine Jetzte-
