3320 3576
724 321 1075 481 30.10.30.
2777 401 2925 580 283
1166 526 2966 691 des Mlarierspiel, höchete Spannung bei den Zu-
1164 628 3065 845 rüchbleibenden. Des Klarierspiel sistiert plötz-
1166 809 2818 976 lich, man hört sprechén von der Bühne herl.
1157 923 2198 1089 Karl Bern: Es geht weiter.
1169 1072 3043 1232 Tregulein: Bei den Menn können die sich auf den
1147 1193 2912 1386 Knieen bedanken. Der hat den Abend gerettet.
1142 1331 3057 1517 Karl Bern: Wer weiss, ob dieses improvisierte Ge-
1133 1447 3009 1666 klimper die Stimmung für den Schluss nicht gün-
1133 1604 1814 1751 stig vorbereitet.
1142 1727 2973 1930 Dr. Braun: (konnt schnell) Wo ist die Friesel?
1140 1874 3026 2024 Dregulein: Sie ist schon unten. Hören Sie nicht,
1244 2004 1852 2135 geht ja weiter.
1130 2113 3069 2280 Dr. Braun: Ja, was ist denn da eigentlich passiert?
1108 2246 2987 2471 Dregulein: Eine plötzliche Bemusstseinsstörung.
1111 2410 2345 2545 eine Art von Ohnnacht offenbar.
1123 2514 3055 2748 Dr. Braun: Ich habe tatsächlich geglaubt, der Deron
1101 2673 1748 2833 wird mahneignig.
1094 2806 2920 2978 Dregulein: Ee wer schon sehr unruhig im Fuübli-
1084 2920 1256 3050 kum?
