3320 3592
1062 622 2553 810 Bregulein: (zu Bern) Sie kennen die Sc.
1062 759 1951 912 Karl Bern: Ich glaube.
1060 889 2028 1057 Dregulein! von ihm also?
1055 1029 2339 1195 Karl Bern: Wie sind informiert?
1101 1149 2861 1312 regulein: So ziemlich. Sie hat ihn eben erst.
1055 1271 2925 1442 entdeckt.. Sie xtxnekk hatte vorher nicht ge-
1057 1399 3016 1600 miest, dase er im Theater ist. Daher dieser plötz
1055 1549 1857 1714 liche Zusammenbruch.
1062 1689 2991 1849 Harl Bern: Wenn der Brief früher gekommen wäre.
1057 1821 1539 1974 mer weis..
1055 1941 3060 2112 Dregulein: Sie darf ihn niemals bekommen. Das wäre
1044 2066 2063 2249 nur eine neue Verwirrung.
1057 2196 2891 2377 Karl Bern:eWissen Sie das so genau? Es könnte
1052 2321 3093 2517 auch die Lösung sein. Eine günstige mein ich. Derxx
1047 2476 2632 2644 xxhKAxhxxLLEX
1055 2606 2940 2756 Dregulein: Wie können Sie das sagen? Der Menech-
1047 2728 3006 2912 hat ihr doch vor wenigen Tagen den Abschied gege-
1057 2897 1228 2998 ben.
1042 2968 3093 3164 Karl Bern: Ich war daran Schuld. Ich habe ihm gera-
1057 3149 1223 3279 ten.
