3192 3640
1042 600 2384 735 Franzi: (bleibt regungelos liegen!
1052 737 2841 882 (Vorhang hebt sich wieder, verstärkter Applaus
1049 885 2159 984 Verbeugung der Schauspieler)
1064 984 2940 1182 repizient:(nach vor zu Karl Bernl So gehen Sie
1042 1136 2311 1305 doch endlich heraus, Herr Doktor.
1037 1272 2200 1431 Karl Bern: Beim nächsten Mal.
1047 1405 2137 1557 (Vorhang senkt sich wiederl
1037 1545 2838 1670 Gregor: (nach rückwärts zu Franzi ) Friesel, so
1035 1651 2168 1835 stehen Sie doch auf! Franzil
1069 1774 2879 1927 sblein: (auf die Bühne) Was ist denn? Friesell
1037 1890 2826 2106 Fritzi dauer: Mir scheint eie ist ohnmächtig.
1040 2040 2828 2251 Irepizient: Wo bleibt denn das Fräulein krie-
1025 2217 1209 2340 se1?
1037 2314 2976 2514 Zoblein: Aufl (zu Karl Bernl Sie müssen jetzt un-
1027 2459 1922 2604 bedingt. alsein heraus)
1030 2572 1999 2770 Karl dern: Nas ist denn?
1037 2744 2142 2833 (Der Applaus wird schwächer)
1015 2814 2865 2995 Esblein: Auf den Vorhang,geschwindl Geschwind!
1023 2969 2906 3116 Sonst ist es überhaupt aus. (zu Franzi) Friesel!
1025 3126 2911 3271 dregulein: list auf die Prene gekommen, rasch zum
