3208 3544
2522 326 2694 439 299
901 432 2763 621 Reporter: Was wollen Sie von mir? Das wär noch
910 599 2827 712 schöner -kennen Sie mich vieleicht nicht? Fel-
915 712 2042 888 senburg, Neueste Nachrichten.
918 839 2623 1001 Portiar: Entschuldigen, Herr von Felsenburg.
903 984 2044 1146 Reporter: lrasch ine Theaterl
915 1131 2557 1264 Ludwig:Der Abschlues war etwas sonderbar.
910 1237 2706 1408 Dogelmann: (kommt aus dem Theater, mit offenen
903 1367 2037 1539 Ueberzieher, etwas posierend)
908 1497 2545 1649 Eine vereinzelte Stimme: Hoch Dögelmann!
901 1627 1708 1799 Dögelmann: (wehrt abl
915 1769 2783 1941 Junges Madchen: treicht ihm eine Kartel Darf ich
891 1889 1823 2044 bitten, Herr Dygelmann.
893 2007 2866 2169 Dogelmann: (gibt ein Autogramm, Ewei andere drängen
891 2145 1379 2316 sich herzu 1
898 2262 2790 2402 (Die Aerzte der Rettungsgesellschaft von rechts,
883 2414 2814 2579 rasch zur Bühnentur hinauf, entsprechende Bewegung
883 2547 1220 2694 ringsun)
878 2657 2839 2849 Karl Bern:lkomnt aus den Thester, läset die Kerzte
878 2812 2277 2964 vorbei, gewahrt Heiene, rasch zu ihrl
869 2927 1936 3116 Holene: Was ist geschehen?
