3272 3608
2424 565 2891 660 und äussere.
939 575 2003 729 Freiheit, verstehen Sie mich
2368 702 2835 851 menschliche
959 695 2072 888 Fur ihre künstlerische und f
2275 822 2899 988 e. lieber Doktor,
952 829 2253 998 Existenz braucht sie das. Und 31
1076 939 1436 1023 ie rubi
954 966 2918 1140 sie sind ein Tyrann, ein Beeitznarr, ein Egoist und
964 1076 2887 1282 wie alle braven Bürger im Grunde Ihrer Seele ein
2043 1213 2419 1323 kenne
959 1252 1365 1382 Ehilieter.
1392 1223 2928 1419 inohniech( sie sslarber nich se cest gt¬
969 1385 2613 1541 Richerd: xaaeguargena
1367 1453 2199 1544 nau zu kennen. na
974 1482 2921 1659 Karl Bern: Rettkammen Gewiss kenne ich Sie. Men-
969 1612 2774 1783 sohen zu kennen, das ist ja die Vorgussafzung:
2162 1720 2490 1808 nuhto
978 1749 2923 1930 ach nein, nicht Vorausetzung, es istz mein einziges
978 1896 1277 2055 Talent.
971 2003 2918 2207 Richerd:, bageduldigl konnen wir zu Ende. Was mün-
976 2172 1717 2329 schen die von mir?
986 2268 2948 2449 Karl Bern: Vor allen, dass Sie nicht zu mir reden.
988 2400 2953 2564 wie ein Couleurstudent. Auf diese Artelessen sieh
988 2529 2901 2723 lasst sich nichts erledigen und gewiss keine Le-
991 2671 1389 2833 benstrage.
986 2767 2936 2980 Richerd: Sie wissen deh, dass es sich un eine Ze-
991 2943 1737 3090 bensfrage handelt?
986 3053 2950 3285 Kerl Ser: fanbeirrt) da. Und in einer Lebensfrege
