3224 3624
987 551 2864 749 Hschard: (sehr ruhigl Ich habe es natürlich abge-
985 689 2187 863 lehnt - ihm zu telegraphieren.
992 801 2898 997 kranzt: Das ist alles? Du hattest ihm wohl etwas
1071 944 1228 1023 vit
978 978 1934 1140 anderes erwidern können.
978 1080 1991 1271 Richerd:(fragender Blickl
985 1204 2898 1405 Franzi: Gerade du. Dass er ein Eeck und ein Marr
980 1383 1142 1531 ist.
1004 1436 2671 1662 Lcherd: da hätie ich ein beck sein müssen.
975 1627 2216 1789 Franzi: Nein, Richard ;ein Mann.
978 1736 2321 1925 Lent:lkonnt, serviert ab und gehtl
975 1891 2886 2049 TRichard und Franzl schneigen indese, Richerd hat
966 2015 2180 2144 sich erhoben, geht zum Fenster)
1002 2144 2895 2325 ranzi: Ein Mann hätte segen müssen: Schweigt Du
956 2287 2841 2445 hast kein Recht mehr über die, nicht einmal mehr
968 2397 2841 2588 das Recht zu fragen. Sie liebt einen Andern, sie
961 2523 2824 2717 liebt mich, sie hat nie einen Andern geliebt als
952 2697 1183 2838 mich.
959 2798 1922 2984 Richerd:Racht kurz auf)
956 2929 2829 3122 Franzi:(ist auch aufgestanden) Mein ist sie, wie
954 3029 2838 3239 sie nienale die deing mar. Das hättest da segen
944 3189 2814 3360 müssen. Und da hest es nicht gesagt. Und merund
2972 2395 3103 2597 4.
