3304 3512
1233 515 1672 684 Im Vorzitne
1235 665 2974 812 Eygelmann: Oder ich könnte im Winterrock he-
1237 829 2945 1005 reinkommen mit Hut und Stock und Fedor sagt
1233 933 2976 1081 zu mir: "willst du nicht lieber draussen ab-
1230 1069 3102 1259 legen, lieber Freundzuder est dort sehr hinghte
1226 1204 3090 1418 Lyblein: Herrgott noch einmal, Gehen wir weiter.
1216 1330 3061 1565 Herr Gregor -- (ihm vorsprechend) ..."das ist
1221 1530 1601 1627 schön"...
1233 1603 3021 1812 Gregor: (gelangweilt, in seiner Kolle) "Das ist
1216 1765 3050 1895 schön, dass du dich wieder einmal blicken lässt
1226 1879 2978 2095 Togelmann: (steht wieder in der Füre und rea-
1216 2059 1720 2138 giert nicht)
1237 2187 2223 2270 Gregor: (beinahe schreiend
2501 2178 2793 2361 ist schl
1216 2311 2582 2475 du dich wieder einmal blicken läss
1223 2446 2660 2615 Sogslmann:(in der Rolle, nähertretend
2698 2465 3004 2596 Ja, mein
1252 2586 2974 2762 ieber, wenn man bräutigen ist - ah, weich ein
1206 2705 1544 2852 Parfum".
1209 2829 3116 2997 Lybdein: aber Herr Dygelmann, schnuppern Sie doch
1202 2957 3009 3147 nicht. Er genügt ja, menn Sie segen: Welch ein
1202 3088 1503 3244 Parfun.
