3160 3640
2602 409 2751 582 269
2100 574 2730 695 gangen sind etc.
1710 630 1875 751 eber
1501 574 1667 769 odes
804 633 1504 785 Auftritt erwarten.
2177 681 2351 777 de
2052 711 2765 865 tber, an dem zu Be-
809 748 1792 855 Links ist auch ein Fjanir
809 847 2511 1031 ginn des Prückes ein Klavierspieler sitzt.
815 951 2930 1191 Wern der Norhang aufgeht Stille, wan hört nur als dum-
820 1098 2751 1325 phes Genurmel Worte, die auf der Bühne gesprochen
820 1314 1138 1440 werden.
825 1296 2976 1581 inks zienlich vorn, also rücknarts in Hinsicht auf die
825 1499 2799 1712 Reeidenztheaterbühne, der Inepizient, das Regiebuch
836 1637 2882 1857 in der Hand. Er gibt eben zwei Schauspielörn, Herren
836 1792 2826 1995 im Frack, ein Zeichen, die Schauspieler setzen sich
841 1918 2874 2113 in Loxitur, auf ein zweiter Zeichen öffnet ein Thea-
847 2068 2786 2255 terarbeiter die Deitentüre und die beiden Herren
849 2198 2853 2383 treten durch diese Türe auf die Bühne in das Bern-
847 2327 2978 2530 sche Stück. Der Inepizient rasch auf den Fehenspitzen
849 2484 1744 2653 von länke nach rechts.
863 2546 2888 2783 Der Regisseur Löblein steht links vor, sicht durch
855 2757 2404 2896 nen Spalt der Dekoration auf die Bühne.
863 2885 2815 3059 Dregulein: (auf den Zehenspitzen von rechts, vorei
868 2994 2484 3197 tig zu Fyblein hin, leisel Sie passen auf
