3288 3512
2752 361 2893 517 288
1104 474 2782 677 (ein Klingelzeichen erkönt. Richerd erhebt
1093 668 2690 802 sich rasch,tritr zu Fricke und Fr. Veithl
1086 769 2386 913 Helene: schon das erste Zeichen.
1083 899 2209 1067 Mathilde:lbleibt regungslet)
1081 1020 2457 1197 Helene: Was glbt'« denn Mathilder
1081 1163 2195 1303 Mathilde: Nichts besonderee.
1064 1310 1905 1449 Helene: Sprich doch.)
1069 1421 1923 1579 Mathilde: Ee ist aus.
2686 1418 2948 1643 Lachen
1053 1574 2839 1737 Helene: Wae sprichet du für einen Unsinn? Fe
1041 1673 2506 1838 hat ja noch nicht einmal angefangen.
1053 1817 2249 1980 Methiider Die da unten ist oe.
1050 1966 2148 2098 Aelene: Wiege, die da unterz
1048 2079 2289 2240 Uethilde: Die die Fannt spielt.
1041 2211 2457 2358 Helens: Wie kommet du auf die Ideer
1041 2353 2613 2511 Mathilde: Du muest es ja gewusst haben.
1038 2466 2870 2648 Helene: Ich schwöre dir - aber vielleicht hart
1029 2601 1477 2738 du recht.
1008 2716 2554 2903 Hathilde: Und er liebt sie noch immer.
1411 2830 1966 2910 er arcenen
1017 2856 2915 3044 Relene; Man muse ait den Mannern ein wenig be-
1015 2997 2882 3191 auid haben, oder sich entechlieseen en setneter
