2824 3400
2282 302 2417 467 228
619 442 2385 651 schluss etwas ändern könnte, den man reiflich
617 609 1120 769 erwogen hat?
609 727 1358 909 Mathilde: Richard!
607 872 2500 1061 Kichard: Glaubst du wirklich, Mathilde, dass man
612 1024 2481 1179 nach dem was geschehen ist - (unterbricht sich)
604 1137 2326 1304 Ich hab es ja versucht, aber ich kann nicht.
592 1258 2456 1452 Mathilde: Du hast- es wohl nicht auf die rechte
599 1425 1204 1540 Weise versucht.
592 1533 2400 1700 Richard: (ausbrechend) Weisst du, Mathilde, dass
592 1675 2316 1815 sie noch lebte, wenn ich sie nicht verlassen
587 1796 842 1960 hatte?
590 1916 2530 2110 Mathilde: Wahrscheinlich. Aber immerhin (vorsich-
1177 2036 1346 2110 auch
572 2078 2542 2247 tigl - gibt es)andere Menschen - einen, der sich
575 2176 2270 2358 einbildet, dass sie um ihn gestorben ist -
572 2294 2407 2483 Richerd: Und er hat möglichermeise Recht. Aber
565 2466 2373 2638 Ihr ahnt wohl alle nicht, wie wenig es darauf
562 2596 906 2714 ankommt.
560 2692 2473 2893 Msthilde: Und auch darauf nicht, dass vielleicht
545 2866 2488 2989 sehr bald ein Inderer gekomnen wäre, auch wenn dur
