3144 3528
2553 375 2699 493 324
942 464 2685 673 dern als du zu sprechen glaubst. (ninnt den
952 642 2671 767 Brief aus der Tagche) Vor einer Stunde habe
1106 748 1550 844 cernen
954 767 2601 918 ich n geschrieben. Er ist nicht mehr in
957 909 1721 1053 ihre Hände gelangt.
947 1046 1709 1216 Mathilde: (wehrt abl
949 1168 2123 1312 Richard: Du solist ihn lesen.
945 1286 2630 1466 Mathilde: Er ist nicht an mich gerichtet.
952 1445 2659 1606 Richard: Eu sollst ihn hören. (liest) "Ich
954 1536 2728 1695 liebe dich. Verzeih mir - ich Tiebe nur dich
952 1668 2805 1858 allein.“Vor einer Stunde habe ich diesen Brief
954 1824 1736 1978 an sie geschrieben.
1690 1913 2084 2002 titut ci pt
959 1901 2882 2113 Mathilde: Mir weren nicht verteht(ah warst freif
966 2089 2853 2264 Richard: Vielleicht hätte sie's auch getan,wenn
954 2192 2839 2344 sie diesen Brief gelesen hätte. Vielleicht hat
2106 2310 2385 2394 mecuulu
957 2329 2868 2529 sie es wirklich gar nicht um mich gekan. (Schuldi
962 2488 2728 2635 Ich weiss nicht.) Ale Schuld empfinde ich nur
969 2630 2300 2764 eines: dass ich bin,wie ich bin..
952 2726 2882 2909 Mathilde: (Ich versteh es gut.) Aber wenn ich mich
964 2858 2731 3038 frage, ob ich dich anders wollte, als du bist.
