3320 3512
1061 503 2003 730 Richerd: So, Marun denn?
1064 633 2955 859 Helene: Weil die Hauptrolle unbesetzt wird. F체r
1076 772 2952 964 die Koreda wird wahrscheinlich Fr채ulein Friesel
1066 929 2922 1129 spielen, weisst du, die gewesene Freundin von Ge-
1074 1076 2008 1241 rold. Du kennst sie ja.
1076 1188 2833 1383 Zichard: Die soli die Hauptrolie spielen,das
1081 1343 1866 1487 kann ja gut werden.
1076 1465 2810 1642 Helene: Dern sagt, dass sie sehr begabt ist.
1079 1589 3069 1796 Richard: Hoffen mir. (eucht seine Erregung zu ver-
1081 1731 3019 1936 bergen, z체ndet sich eine Zigsrette an. Telefonzei-
1086 1866 3092 2045 chen von nebenan. Er zuckt merklich zusammen) Menn
1091 2013 3049 2162 jemand zuf채llig nach mir fragen sollte. Helene, wer
1084 2137 2686 2287 immer es sei, ich bin nicht mehr zuhause.
1084 2267 2379 2446 Helene: (etwas befremdet, geht abl
1084 2404 2992 2534 Mathilde: Du solltest dich nicht verleugnen las.
1084 2556 1579 2678 sen, Richard.
1094 2673 2182 2840 Richard: Man muss manchmal.
1081 2785 2994 2950 Mathilde: Nie mues man. Es gibt keine Angelegen-
1091 2902 3009 3087 heit auf der Weltydie sich nicht besser mit Auf-
1081 3057 2260 3219 richtigkeit erledigen liesse.
