3288 3464
2828 369 2965 492 218
1089 494 2762 668 sich das Fräulein schon in einem groesen I
1098 631 2791 810 aie Toilette machen leesen und die Mili kri
1091 766 1742 932 ihren Auschied.
1089 903 2909 1081 Franzl: Reden Sie keinen Uneinn. Mili, und wenn.
1089 1035 2928 1204 ich nachetene einen Grafen heirat“ Sie bleiben
1081 1155 2928 1336 meine Privat-und Hofschneiderin in jedem Fall.
1076 1294 3026 1460 Matrer: (wieder herein, macht noch eine letzte Ord-
1076 1443 2938 1624 nung) Wo, wird'e jetzt schön genug sein für den
1071 1563 1624 1720 Herrn Gregorz
1076 1688 3041 1876 Trenzi:(sicht die eingelaufene Post, darunter ist
1084 1778 1463 1849 ein Brief,
1084 1835 3014 1999 un, den sie zueret öfrnen will, dann zögert eie.
1076 1979 2926 2118 lest den Orief wieder hin.ökinet die Schleife
1081 2089 3038 2268 einer Zeltungeblatter, ein groezer Porträt auf der
1069 2229 2640 2385 Eiteleeitel Die Roreda wieder einmal...
1076 2351 3033 2532 ilt: lessen dt enechaun, fränlein.4444 das wäch-
1059 2480 2960 2691 ete Uel wird schon der Miid von Fraudein Frenzt
1113 2578 1260 2652 din
1079 2640 1524 2759 trauf sein.
1079 2725 1837 2916 rauesen Flingell
1240 2889 2583 3043 er Prenzi: Der wird er schon sein.
1062 2994 2468 3153 datier: lriil hinee gehen ofmnen
1118 3134 2923 3320 ranti: Ptelleicht iat der Fraulein Kilt so gut
