2840 3416
2307 329 2451 499 228
520 465 836 640 allein?
526 613 1882 802 Baronin: (zuerst unschlüssig, verlde
2182 677 2432 828 Zimmerl
515 730 1373 876 Helene:stritt hervor)
515 868 2121 1033 Mathilde-(bleibt norerst noch rückmärts)
518 1014 2482 1208 Richard: Was soll odas bedeuten? Helene -? Mathilde
507 1176 1309 1320 Heiene: Verzeih uns.
502 1280 2482 1505 Nicherd: Man verfolgt mich hicher - mes füllt Rack
496 1450 688 1561 ein?
486 1543 2626 1731 delene: Du molltest heute zum letzten Male hier sein?
483 1686 1728 1853 Richard: Was wollt Ihr von mir?
478 1805 1813 1981 Heiene: Ich musste dich sprechen.
478 1957 2591 2151 Richard: Und hier? Zuhause war gar keine Gelegenheitz
473 2089 2405 2283 Relene: du meisst sehr gut, du gabst mir keine so
459 2228 1869 2395 mit dir zu sprechen, wie ich wollte.
457 2326 2464 2517 Richard: Es ist nicht gut, was Ihr da gemacht habt.
457 2490 2466 2666 Helene: Jedenfalls bin ich allein dafür verantwort.
454 2615 669 2743 lich.
441 2719 2424 2918 Mathiide: Das ist nicht richtig. Keineswegs. Mein
451 2867 2498 3085 munsch mer es, mein Willes-splötzlicht Lass mich mit
