3208 3496
1059 453 2141 690 Dregule in: (komnt über die
1061 627 1309 796 chard)
1114 767 2966 933 Ichard: (sichtlich froh über)daf Erscheinen Dre-
1049 914 2980 1092 guleins) Spielen Sie denn nischt mit, Herr Pregu-
1051 1034 1268 1189 Teinz
1039 1150 2819 1336 Dregulein: Ich hab schon mistgespielt. Meine
1025 1285 2951 1481 toile ist schon zu Ende. Ifh bin nämlich der Be-
1015 1423 2797 1616 diente, der dem Herrn Lögelmann die Türe auf-
1013 1553 2894 1741 macht. Grossartig,nicht wahr? Man merkt gleich,
1020 1707 2824 1890 dass ich in lauter feinen/Häusern gedient ha-
1010 1811 2787 2006 be« Ich bitte um Entschulfigung, ich will nur
1008 1939 2814 2119 bei der Frau Roveda einer Kondolenzbesuch ma-
1005 2086 2855 2315 chen. (klopft an die Lopfntüre II, öfinet, tritt
991 2194 1227 2380 sin1
984 2308 2891 2551 Relene:ltritr zu Richerduhd Mathindel ach, Ein-
981 2481 2920 2667 der, es ist so schön suchlbeisannen zu sehen. Ihr
2221 2611 2635 2715 zueinander.
981 2597 2824 2802 wisst ja gar nicht, wie feht Ihr zusmumenspasst.
969 2732 2821 2930 Fricke-ltritz herzul dief ich nehe im Imperial
981 2881 2242 3045 einen Fiach reservigren fessen
