3208 3640
2765 512 2919 617 287
1033 607 2521 789 haben keine Geduld die Herrschaften..
1050 773 2805 959 (Auf eine Weisung des Inspizienten die Mehr-
1040 926 2742 1087 zahl. der Schauspieler wieder auf die Bühnel
1043 1033 2902 1143 Fregor: (ist indessen linke abgegangen,zu Dregu-
1029 1185 2586 1348 lein hin) Die oder überhaupt keine mehr.
1029 1322 2835 1473 Franzi: (als Fanni zur Schwester) Und ich soll
1040 1452 2907 1601 verloren sein? Man darf mich verlassen? Wegwer-
1022 1599 2341 1750 fen darf man mich wie eine Dirne?
1022 1704 2888 1871 Karl Bern: (zu Dregulein) Das auch noch - Dirnel
1024 1843 1436 1950 Unmöglicht
1047 1962 2809 2118 ie Schwester: Fanni... (Beginnender Applaus)
1019 2097 2847 2269 Dregulein: (zu Karl Bern) Was wollen Die denn?
1010 2241 2372 2386 Ee scheipt ihnen ja zu gefallen...
1019 2367 2227 2493 (Man hört Fanni niederstürzen)-
1005 2497 2844 2656 Karl. Bern:(zu Dregulein) Warum stürzt sie denn
1001 2642 1545 2749 schon nieder?
1001 2735 1862 2926 Sregulein: Ganz gut s
1010 2898 1846 3058 (Applaus dauert fort)
1001 3012 2539 3186 Inepizient: (zum Theaterarbeiter, der der
998 3182 2127 3333 bedtent(Herunter! Herunter!
