3144 3624
1066 480 2759 673 zeit allerdings, vor anderthalb Jahren stwa.
1049 595 2877 819 in unserer glücklicheten Zeit -smit einem cher
1047 769 2741 948 leghenden Gesicht) - dass sie sich an ehme
1052 877 2444 1080 meinem Nochzeitstag unbringen wird.
1802 995 2197 1092 si mist
1059 1009 2849 1212 Richerd:lhurzl. Sona Ja. Da hast wohl danals
2378 1120 2567 1209 Eine
1059 1153 2884 1336 auch mancheriei geschworen - in deinen glück-
1056 1299 1621 1463 Lichsten Zeitz
1063 1386 2948 1593 ludnig: Man schwört mancherlei in genissen Stun-
1061 1574 1235 1715 den.
1059 1663 2752 1880 Richard: (deibetverständlich. Aber Ihr seid
1061 1795 2889 1946 doch ih besten Einvernehmen geschieden, so wel
1059 1957 2574 2103 ich meist,freunschaftlich sezusagen.
2313 2037 2668 2145 herueten
1059 2068 2844 2261 Ludnig: Man kann eepeinahe so nennen. Sie ist
1061 2216 2830 2374 eine tapfere kleine Person. Nach dem grossen
1059 2317 2910 2510 Ausbruch im letzten Frühjahr gab es eigentlich
1621 2449 1818 2548 aber
2571 2475 2950 2625 Sehsth
1061 2468 2510 2644 keine Drene Metr. Schuls stierdings
1059 2614 2468 2792 sich soger Gift verschafft - danals
1063 2759 2202 2844 Richard: Woher weisst du das?
1435 2830 2774 3006 die macht Menn sefenun de
1054 2889 1804 3039 Ludnig: Jah weihe
1414 2971 1586 3056 Knd
2294 2948 2585 3051 inn gelar
1059 2988 2945 3178 Richard: Harum hast de er fhr nicht geggenomnent
