3272 3608
2145 550 2408 653 daten
986 621 2808 821 Gesellechaft - (überraschend) Unaßig sollten
979 774 1386 916 heiraten.
989 869 2856 1081 Richard: Derikhittstaxxandrate Mer sagt Ihnen,
989 1023 2476 1174 dass ich dazu nicht entschlossen bin?
2114 1127 2464 1203 meine
986 1127 2822 1325 Karl Bern:/ Fraulein Friesel an Ene? Das wäre
996 1283 2859 1449 ja das allerschlimmste, für Sie Beide. Die währe
986 1410 2825 1590 Entscheidung schieben Sie damit nur hinaus und
996 1551 2888 1709 bringen ie und sich selbst um die besten Jahre.
989 1673 2859 1812 Richard: Sie sehen alles von Grund aus falsch.
1315 1780 1719 1868 sihe ur
1001 1787 2888 1970 erEnilister sind Sie. Ich - ich fühle mich be-
996 1943 2883 2097 reit alles auf mich zu nehmen,Schmerzen,kämpfe-
2367 2038 2525 2111 nur,
996 2062 2788 2233 Karl Bern: Alles das wilden Sie sichtein und
1629 2170 2808 2267 ass Sie sich es nur einbilden.
993 2216 2820 2355 wissen ex selbst, Die Iuen vorberftemte Braut
2289 2296 2437 2360 e
989 2306 2786 2474 werden Sie sich aus einer anderen Welt holen.
993 2459 2949 2622 Richard: Ach so, also darauf komnt es hinaus. Mein
1023 2554 2888 2776 Fraulein Schwester“ hat Sie jaseingehend infor-
981 2717 1829 2885 miert, wie es scheint.
984 2837 2905 3000 karl Bern: Sie sollten es ihr nicht übel nehmen:
1035 2939 1169 3007 i
1198 2937 1461 3012 ean
1997 2934 2313 3027 sucti tet
974 2951 2861 3139 die fühlt, dass Sie daran sind sich an drei Men-
974 3088 2856 3263 schen zu vereündigen, an sich selbst, an Fräulein
