3192 3496
824 230 2218 500 Ich Strallet wann gewickte. Si it abe
2720 459 2886 620 265
1110 502 2403 710 Richard: (Ich verstehe Sie nicht.
1110 651 3011 876 Karl Bern: Sie ist harrlich. Nenneie ist frei.
571 710 961 885 Mudtha
1847 784 2105 867 mund et
1115 803 2886 1023 ler überlegt noch einen Augenblick, dann tritt
582 829 791 952 alle
1108 961 2370 1106 er entschlossen in die Loge IV.
556 930 980 1117 wie übert-
1122 1065 2420 1252 ichard: (will in die Loge III.IIn
1094 1222 2803 1333 (In diesem Augenblick rasch über die Stiege
1080 1323 2914 1541 Erladwig Verold, dankler Ueberzieher, kinaufge-
1070 1465 1799 1577 schlagener Kragen)
1068 1603 2259 1766 Richard: (höchst erstaunt) Du ?
1058 1724 2929 1906 Ludwig: Wie du siehst. Ich habe einen ganz ver-
1056 1849 2770 2038 steckten Platz auf der Galerie. Eg ihat mich
1046 1993 2846 2143 niemand gesehen. War mir übrigens wvollkommen
542 2086 765 2266 Ius
1042 2138 2881 2318 gleichgültig. Was sagst du zu Frenzi? wunder-
497 2188 940 2405 mit mpte
1035 2244 2839 2424 voll - nicht wehr7-Warum hast du mir übrigens
1020 2386 1840 2559 nicht telegraffiert?
1016 2524 2666 2699 Rickerd: Ich habe dir doch telegraphiert.
1023 2630 2900 2832 Ludwig: Das Unglück mit meinem Schwiegervater-
1016 2782 2024 2940 ja; aber nichte vanfranzi.
1001 2900 2820 3106 Richard: Die hat sichspicht ungebracht, wie du
997 3056 1304 3191 siehst.
