3208 3640
2576 511 2739 621 286
961 581 2917 804 tregulein: Geben Sie ihn her., das wird der rich-
956 781 2917 969 tige sein. Ich werd ihn ihr gleich geben, wenn sie
949 906 1249 1032 abgeht.
946 1039 2819 1212 Fr. Mentzel: Jetzt bleibt sie ja bis zum Schluss
949 1179 1520 1299 auf der Bühne.
949 1284 1855 1475 dregulein: (unschlässig.
946 1420 2907 1612 Franzi: (als Fanni) Ich bin es müd um deine Gnadeb
929 1552 2907 1720 zu flehen, wie eine ünderin und vor einem auf den
941 1693 2737 1843 Enieen zu liegen,der um nichts besser ist als
919 1830 2854 2013 ich. (sje öffnet die Türl Herr Moritzky, darf ich
926 1950 1232 2081 bitien.
929 2083 2837 2268 Inspizient:(xxtrdaknnan gibt sohn ein Zeichen!
911 2216 2183 2409 Theaterarbeiter: (öftnet die Für.
906 2371 2359 2534 John :(Moritzky, triti auf die Bühnel
901 2516 2869 2666 Karl Bern:lzu fregulein) Jetzt müsste der Vorhang
899 2646 2829 2812 fallen. Herr Moritzky, darf ich bitten - und fer-
899 2754 2792 2927 tig. Das wäre der Schlues. Alles fällt einem zu
891 2872 1267 3045 spät eid.
876 2999 2884 3227 Anseger:lzu Karl bernl Bitt schön, Herr Doktor, kon-
869 3140 2764 3345 men Sie nach vorn, danit Sie gleich da sind. Sie
