3288 3592
914 1350 1080 1505 Na
734 2709 1031 2899 Trotzel
1090 532 2766 773 Grexor: Ee ist keine darfur der Sac
2156 717 2288 802 ist
1106 741 2967 916 ohn: Jüngere sind da. Das nux auch nicht ohne.
1090 884 2252 991 Karl Bern: (zuckt die Achsein)
1090 1012 2885 1174 John: (ermutigt) So weit ich neulich bei der
1092 1155 2836 1289 Probe bemerkt hab,kommt es verallem bei der
1484 1245 1875 1338 erallen
1097 1261 2911 1448 Efeur auf Jugend an, auf die erptieche Wirkung.
1971 1373 2702 1460 mein ereachlen
1118 1409 1247 1470 er
1090 1413 2977 1580 Das hat die Bauer heute mehr als die Freu Rare-
1080 1535 2145 1692 da. Und die Friesel auch.
1088 1657 2890 1868 Richard: (immer eine Zeitung vor sich, zucht zu
1088 1816 1390 1941 sammen)
1521 1852 2081 1985 Cnacssenhluh
1090 1943 2130 2074 Dregulein/ Ja, die Friezel.
1097 2053 2220 2220 Gregor: Hat denn die Talent?
1088 2175 2925 2313 Dregulein: Schöne Augen hat sie. Etwas schlam-
1092 2358 1734 2480 pert, aber schön.
1092 2400 2592 2627 Oogelmenn: (acht1 Aber kein Valent
2684 2466 2838 2632 A
1080 2580 2824 2749 Dregulein: (etwas gereizt) Und Talent/Auch
1069 2714 2777 2876 wenn sie sich nicht von dir in den Hintern
1076 2836 1648 2991 zmicken lssst.
1085 2939 2571 3127 Oogelmenn: Ruhig, vierzehnter Punuch!-
1891 3019 2866 3197 set in non im Polle
1069 3136 2803 3335 Gregoribe ausserden enielt sie je sehen in
