3288 3528
1144 550 2873 738 die Friesel überhaupt für möglich in meinem
1149 694 1421 866 Stück.
1156 809 3122 988 tregulein: (mit dem Schach beschäftigt, ausneichend
1142 958 3017 1108 Wir wollen hoften, dass die Roveda spielen wird.
1147 1090 2907 1262 Ohne die Koveda - Sie entschuldigen schon-
1152 1227 2983 1389 scheint mir der Abend, der Erfolg einigermassen
1147 1342 1866 1516 in Frage gestellt.
1147 1469 2824 1653 Karl Hern: Vielleicht auch mit der Hoveda.
1144 1611 2345 1785 Pregulein: (zuckt die Achselnl
1147 1751 2941 1910 Karl Bern: Wissen Die, Herr Dregulein, wenn ich
1154 1880 2978 2046 ein anständiger Mensch wäre, würde ich es über-
1139 2015 2220 2164 haupt nicht spielen lassen.
1139 2152 1829 2254 Dregulein: Aber-
1134 2232 2623 2440 Karl Bern: Ich hab keine Freude dran.
1142 2416 2963 2545 Dregulein: Was sie da sagen,gefällt mir nicht,
1132 2523 3061 2702 Herr Bern. Man soll nicht an seinem eigenen Werk
1144 2645 2866 2831 zum Verräter werden. Das ist eigentlich die
1132 2802 2298 2971 schlimmete Art von Eitelkeit.
1125 2927 3017 3108 Karl Bern: (zue timmend) Eine Eitelkeit mit unge-
1130 3059 1900 3188 kehrten Vorzeichen.
