3288 3576
2870 529 3000 668 285
1132 591 2920 825 Karl Bern: Der jedenfalls seitsan dieser Zri-
1112 751 1531 853 schenfall.
1120 880 2711 1050 Sregulein: Vielleicht nicht gar so sehr.
1132 965 1449 1075 Fr. Nentz
1137 1007 2309 1132 der Pertier tritr wieder ein)
1112 1095 1601 1207 Fr. Wentzler:
2147 1125 2454 1219 Brieferl
1095 1155 3032 1317 tortter: da ist gnad ein Frief(für das Fräulein
1095 1269 3050 1459 Kriesel abgegeben worden. Mein Mann hat mir ihn
1085 1394 2150 1549 in die Garderobe gebracht.
1087 1506 3005 1711 Dregulein: Marum haben sie ihn nicht lieber oben
1072 1661 2960 1875 gelassenzdie Friesel hat ja bis zum Schluss auf
1067 1796 1756 1950 der sühne zu tun:
1055 1915 2626 2142 Pr. Mentzler: IntiI abgehen mit den Frief
1075 2072 2950 2254 arl Sern: Vielleicht könnte man den Brief noch
1052 2204 2130 2339 auf die Rühne spedieren?
1060 2329 3007 2534 Sregulein: Jetzt -während sie spieltz. Was so ein
1040 2459 2910 2646 Autor für Ideen hat, wenn er nicht grad dichtet!
1025 2586 3032 2855 Karl Der:lninnt Pr. Nentzler den Brief abl Das ist
1030 2751 1686 2863 ja die Schrift-
1027 2850 2581 3040 Sregulein: lassen Sie den Brief nur da.
1020 2983 1686 3162 Pr. Mentzler (abl
