3160 3640
2278 483 2498 642 ein
759 452 2241 675 nicht sue Herr Konnerrialrat, cher nie
762 659 946 798 gem.
756 740 1999 949 Rute: Mit Nachsicht der Breut-
779 888 2766 1072 Relens:shat sich von Frau Reith und Wethilde verab
762 1038 2495 1209 schiedet, tritt zu Richard) zu bielbst nocht
770 1153 2710 1384 Richerd: Ich möchte gleich mit dir zusannen fort-
770 1329 1027 1451 gehen.
762 1373 2526 1627 Helene: Wir märe es lieber da bliebest noch.
759 1563 1393 1739 Richard:/Blickl
754 1683 2945 1876 Heisne: Ee ist wirklich nicht anzusehen, wie du Mathil-
762 1831 1331 2001 de behandelst.
798 1932 2339 2130 Richerd: Nat sie sich an Eüde beklagt?
768 2085 3012 2261 Heléne: Wie kannet du glauben! Da kennet du sie schlecht
779 2225 2091 2389 in verdienst sie überhaupt nicht.
782 2359 2825 2587 Licherd: Mahrecheinlich hest du Recht. Ich bin ein
756 2476 1817 2688 unnöglicher Menech Melene.
765 2618 2802 2855 Eelene: Ich möchte einmal in Ruhe mit dir reden, Ri-
768 2819 1038 2925 chard.
768 2906 1373 3104 Richerd: Pitte.
754 3065 2373 3229 Helene: Aber du hast ja leider nie Zeit.
