3256 3480
2521 332 2678 470 238
1151 442 2945 615 Helene: (lächelnd) Das wäre unlauterer Wettbe-
1140 601 2915 714 werb, Zxkxxkk und nebstbei - ich bin
1144 748 2818 877 ja nicht geldgierig und vor allem,ich will
1140 845 2811 1002 eine Arbeit haben, die mir Vergnügen macht.
1144 972 2940 1142 Fricke: lernsthafter, aber mild) Hast du dir es
1121 1117 2335 1271 denn auch gut überlegt,Helene?
1112 1246 2966 1441 Helene: Ich rede nie bevor ich es mir überlegt
1124 1388 1331 1508 habe.
1119 1494 2754 1676 Fricke: Sekretärin bei Herrn Karl Bern-
1112 1649 2268 1796 Helene: Nicht das Schlimmste.
1121 1766 1996 1934 IKlingel im Vorzimmer)
1089 1900 2758 2049 Helene: (harmlos) Das dürfte er wohl sein.
1110 2022 2897 2250 ricke: zym Zwecke von Engegementsverhandiun-
1103 2155 1276 2293 gen?
1091 2273 2855 2441 Helene: Er wollte uns auch die Billetts für
1096 2418 2017 2533 seine Première bringen.
1091 2533 2406 2751 Tricke: Welche Liebensmürdigkeit.
