3336 3496
2706 329 2932 495 228 a
1082 473 1665 612 Sechstes Biid.
1107 602 2333 787 Speisezimner im Hause Prickes.
1112 704 3027 860 Prasident Fricke am Mittagstisch mit seinen Kin-
1121 873 2803 1007 dern Helene und Richard. Schwarzer Kaftee.
1114 1007 3040 1187 ichard: (ZxixkrAIxAxTAARAXAAxXX erhebt
1129 1131 2920 1304 sichf Azaux und trinkt seine Tasse stehendl
1126 1246 1570 1324 Axana Agleu
1124 1236 2952 1438 Fricke: (von der Zeitung aufblickend) So eilig?
1124 1380 2993 1567 Tichard: Ich ordiniere heute für Gerold in sei-
1119 1504 2645 1699 ner Wohnung natürlich. (trinkt weiter)
1124 1611 2976 1826 kricke: Ja richtig. Aber heute Abend sieht man
1133 1816 1548 1979 dich dochz
1131 1943 2082 2108 Richard: Mahrscheinlich.
1158 2045 3088 2223 ricke: lhat sich auch erhoben. Blick zum Fenster)
1129 2169 3091 2352 Ganz schön geworden. (zu Helene) Willst du später
1133 2333 2506 2496 ein wenig mit mir spazieren gehenk
1133 2481 1892 2659 Aelene: Gern, Pater.
1148 2537 2971 2754 kricke: Gegen halb vier, wenn'e dir recht ist.
1148 2708 3008 2881 Ich will mich noch auf eine Weile hinlegen. (ab
1136 2874 1587 3032 nach links!
1141 2998 1760 3174 Richerd, Relene.
