3304 3512
2230 468 2831 624 eder ein Irrtum
1035 474 1744 644 keinen Semeis, das
2300 660 2745 768 wie vielte.
1040 621 2042 787 w채re. Ich weiss nicht gen
2233 722 2960 957 (za Kerl Bernl Wer.
1040 812 2109 921 Baron: Etwas mehr Bitterkei-
1025 877 2272 1066 nen ie nicht auch, Herr Doktor?
1038 1012 2955 1255 Gregor: lI. d. R. 1tmit anderem Tonl Ich weiss nicht
1040 1190 1920 1325 genau der wievielte...
1038 1289 2401 1457 Roveda: Und du sagst nichte, Gregor?
1045 1431 2707 1594 Baron: (zu Franzi) Bitte, Fraulein - weiter.
1051 1563 3066 1736 Franzi: (i.d.R.) Und Sie - so denken Sie sich jetzt-
1035 1669 2916 1860 ste steht da und idsst diese Beschimpfung ruhig
1040 1806 1785 1987 체ber sich ergehen.
1058 1917 2756 2127 Gregor: (1. d. R.) O, ich denke mir gar nichts.
1043 2101 1803 2230 Roveda: Das stimmt.
1066 2176 3087 2344 (Die Schauspieler u. s. m. immer gespennter, insbeson-
1045 2373 2650 2489 ders deutlich bei Dregulein zu bemerken)
1043 2489 2970 2663 Franziil1. d. R.) Ioh aber werde Ihnen sagen, Fedor
1048 2619 2714 2763 warum ich so ruhig dastehe und nur l채chle.
1038 2717 3113 2870 Horeda: (kann sich nicht l채nger beherrschen) soll das
1040 2890 2096 3033 nun Spase oder Ernst sein?
1043 2950 3045 3146 Beron: Ich bitte un Rahe, Frau Roveda. Wenn Sie das
