3336 3512
2624 259 2771 417 230
1133 388 2966 592 Mutter war. Und so weies ich auch, dase ex nie-
1124 576 2649 723 male eine Andere geliebt hat als dich.
1138 663 2938 872 Kathilde: Diese Liebe immer hur ein Aufatmen
1129 828 2482 1000 zwischen der einen und der andern.
1161 938 2927 1131 elene: Wenn du ein wenig klug sein wolltest,
1126 1103 1537 1250 Eindskopf.
2305 1225 2883 1340 das wäre nicht
1129 1213 2262 1408 Mathilde: Was du klug nennst
1133 1362 1764 1468 jsehr anständig.
1122 1477 2961 1654 Helene: Was du anständig nennet, ist vielleicht
1129 1622 1782 1780 etwas zu klug..
1122 1755 2766 1913 Mathilde: Ob auch eine Mutter so spräche?
1110 1865 2879 2057 Helene: Seine bin ich, nichtdeine. Aber deine
1129 2014 1530 2126 Schwester.
1129 2122 2863 2239 Vater: (kommt herein und Mathilde geht bald.)
1115 2271 1762 2438 5. Helene, Vater.
1129 2406 2186 2500 Vater: (zum Ausgehen bereit)
1119 2525 2752 2718 Holene: Du weisst schon - der alte Sidon?
1124 2663 2211 2762 Vater: Nicht alter als ich.
1124 2791 2482 2895 Willst du mit mir spazieren gehen?
1110 2913 2718 3074 Helene: (zögerndl Ich erwarte Herrn Bern.
1122 3067 2908 3216 Vater: Richard ist doch nicht mehr zuhause...
