2840 3432
518 385 1475 551 Helene: Meine Freundin.
511 531 2055 735 Baronin: Bitte. (zum Sitzen einladend)
503 697 2384 860 Helene: Sie haben geschwiegen? Mein Bruder weise
511 832 796 965 nichts.
511 929 1279 1115 Berenin; Natürlich.
518 1075 2341 1253 Helne: Also, ich warte heute bis er kommt. Aber
505 1212 2101 1383 Sie verraten nicht, dase jemand hier ist.
508 1335 2461 1509 Baronin: Und Sie können mir garantieren, Fräulein,
503 1473 2491 1651 dass ich keinerlei Unnanehmlichkeiteh haben werde?
503 1608 2180 1774 Helene: Das ist vollkommen ausgeschlossen.
511 1728 2524 1899 Baronin: Ich möchte Fräulein aufmerksam machen, dass
493 1874 1986 2042 der Herr Doktor indess gekündigt hat.
493 1991 1029 2167 Relene: Männ?
505 2139 1189 2292 Beronin: Gestern.
493 2244 1912 2420 Relene: Er will nicht wiederkomnen?.
493 2376 2547 2558 Beronin; Die Wohnung steht noch zu seiner Verfügung.
485 2509 2486 2680 Drei Tage lang. Ob er noch einmal kommen wird, kann
488 2644 1179 2808 ich nicht wissen.
475 2787 1205 2948 Delene: Ich danke.
