2840 3448
2219 268 2373 434 225
681 441 2441 625 Recht. Eine Tote können wir nicht aufwecken.
681 630 2534 784 eine Zukunft können wir nicht vorhersehen. Wir
674 747 2548 934 können auch nicht wissen,was vor Gott das Rich-
686 880 2523 1032 tige ist. Auch alles du von Abgeschmacktheit,
688 1027 2560 1174 Unwürde gesagt hast lase ich gelten. Sicher ist
679 1141 2441 1319 nur eins, dass ich Angst hab um Richard - und
681 1286 2471 1447 duxkz du auch-und dass ich spüre-und du auch-
677 1400 2434 1587 du kannst ihn wieder gesund machen - wenn es
665 1554 1403 1715 nicht zu spät ist.
