3192 3528
2644 334 2791 461 307
1025 417 1592 598 Arnes Mesen!
1028 574 2303 748 Richard: leicht ihn immer nur anl
1028 709 2953 863 Ludwig: Morgen erwarte ich dieh. Wir haben ja als
1028 834 2813 1001 lerlei miteinander zu reden. Auf Wiedersehen!
1018 952 1194 1069 lab)
1013 1084 2828 1268 Helene: (kommt nun auf Richard zu) Mein Bruder
1003 1239 1189 1376 Zarl
1246 1229 2887 1386 Bern: (zu Mathilde) In Ihren Händen liegt.
1013 1356 2143 1525 jetzt viel, alles vielleicht.
1001 1476 2798 1668 Helene: (zu Richard) Da weisst ja, wie wir alle
1003 1611 1501 1763 dich lieben.
988 1734 2918 1903 Karl Bern: Ee ist beinahe eine Frühlingenacht ge-
998 1874 2911 2038 worden. Ich schlage vor noch eine Weile im Frei-
993 1999 2661 2166 en- es wird Ihnen sicher wohl tun,Richard.
986 2126 2788 2298 Richard: Ich dank Euch Allen. Aber ich möchte
983 2256 2774 2423 doch an liebsten - ich verspreche Euch feier-
979 2386 2842 2570 lich keine Dummheit oder etwas allzu Vernünfti-
983 2531 1425 2678 ges zu tun.
966 2649 2931 2850 Methilde: (das erste Nort, das sie spricht) Jasst
954 2791 1781 2955 mich mit ihm allein.
956 2916 2418 3078 Reiene: (eögert erst einen Augenblick
956 3034 2820 3242 Kerl Bern:lnickt, beredet Relene sich mit ihm zu
