3256 3480
2724 360 2872 501 238
1184 433 2706 663 Karl Dern: Mit einem fraule in kriesel.
1184 633 2981 788 Helene: Friesel...? Das war doch die Geliebte
1187 793 1915 920 von Doktor Gegeld.
1182 934 1751 1045 Karl Bern: So2
1975 970 2248 1107 becen
1166 1054 2863 1191 Helene: Die hat doch immer nur ganz kleine
1175 1166 1838 1316 Kollen gespiett?
1162 1275 2972 1474 Kerl Bern: Sie hat Talent. Jedesfalls hat sie
1166 1435 2999 1633 einen sehr echten Ton. Sie ist echter wie mei-
1164 1581 1528 1738 ne Eigur.
1166 1697 2412 1854 Helene: Sei nicht geschmackloe.
1159 1820 2724 1977 Karl Bern: Als wenn Es dir gefiele--
1640 1943 1802 2032 es
1150 1986 2929 2152 Helene: Es hkte mir vielleicht ganz gut ge-
1152 2098 2895 2287 faften, wenn es nicht von dir wäre. Es ist so
1143 2234 2856 2419 viel drin xe dir, was ich an dir nicht mag.
1130 2357 2735 2523 Karl Bern: Wie kenn ich das nachfühlen.
1116 2521 2851 2690 Helene:(scherzend) Auf das eine konnt es ja
1127 2656 2268 2790 nicht an. Du bist noch jung.
1116 2753 2915 2945 Kerl Bern: Jung -7 Er gibt grosse Dichter, die
1127 2897 2858 3077 in meinen Aiter schon tot waren und unsterb-
