3192 3544
2582 273 2736 415 303
901 432 1904 594 (Fricke und Fr. Reith abl.
894 535 2773 749 Lnänig hat sich von dieser Srene fern gehalten.
894 685 2695 892 Dreguleinstritt zu Lndwig hinl Mein Nane ist
906 865 1348 985 Dregulein.
909 968 1808 1100 Ludwig: Doktor Gerold.
909 1083 2879 1282 Dregulein: Entschuldigen, Herr Doktor, wenn ich wir
916 1204 2768 1380 die Frage erlaube, -die dunkelroten Rosen waren
919 1390 1533 1530 wohl von Ihnen?
916 1459 2817 1626 Ludwig: Sie hat also die Blumen noch erhalten?
926 1601 2599 1781 Dregulein: Auch Ihren Brief, Herr Doktor.
931 1724 2886 1926 Ludnig: Sie haben mir offenbar irgendetwas zu se-
933 1918 1113 2019 gen?
924 2029 1950 2179 Dregulein: (zögernd) Mein.
926 2159 1656 2329 Ludnig: Ich bitte.
936 2260 2832 2461 dregulein: Ee ist möglicherweise nicht im Sinne
931 2437 1837 2557 der Dahingeschiedenen.
936 2500 2874 2704 Ludnig: (ungeduldig! Sie werden wohl die Güte he-
938 2650 1923 2825 ben? War hat sie gesagt?
946 2758 2911 2967 dregulein: Diese Blunen, sagte sie,-diese dunkel-
946 2889 2920 3085 roten Rosen, -es waren sonst keine da, -es hat sich
948 3046 2920 3245 also bestinnt auf Ihre Nunen bezogen - die sind
