<?xml version="1.0" encoding="UTF-8" standalone="yes"?>
<PcGts xmlns="http://schema.primaresearch.org/PAGE/gts/pagecontent/2013-07-15" xmlns:xsi="http://www.w3.org/2001/XMLSchema-instance" xsi:schemaLocation="http://schema.primaresearch.org/PAGE/gts/pagecontent/2013-07-15 http://schema.primaresearch.org/PAGE/gts/pagecontent/2013-07-15/pagecontent.xsd">
    <Metadata>
        <Creator>prov=READ-COOP:name=PyLaia@TranskribusPlatform:version=2.7.0:model_id=50870:lm=none:date=22_01_2024_18:09</Creator>
        <Created>2023-09-27T14:33:23.184+02:00</Created>
        <LastChange>2024-01-22T18:09:35.571+01:00</LastChange>
        <TranskribusMetadata docId="1589031" pageId="60122676" pageNr="85" tsid="145631336" status="IN_PROGRESS" userId="40391" imgUrl="https://files.transkribus.eu/Get?id=RHIVSZJRYICMWYOITLYUIIIB&amp;fileType=view" xmlUrl="https://files.transkribus.eu/Get?id=TMZHHKRXJJPSRONNXBPVZLKI" imageId="48547754"/>
    </Metadata>
    <Page imageFilename="1589031_0085.jpg" imageWidth="3288" imageHeight="3608">
        <ReadingOrder>
            <OrderedGroup id="ro_1711794199804" caption="Regions reading order">
                <RegionRefIndexed index="0" regionRef="tr_1"/>
            </OrderedGroup>
        </ReadingOrder>
        <TextRegion orientation="0.0" id="tr_1" custom="readingOrder {index:0;}">
            <Coords points="1000,623 1000,3246 3100,3246 3100,623"/>
            <TextLine id="tr_1_tl_1" custom="readingOrder {index:0;}">
                <Coords points="1153,699 1295,680 1461,749 1552,684 1776,677 1986,756 2988,734 2986,640 2651,620 2301,513 1932,553 1766,630 1644,603 1498,647 1153,595"/>
                <Baseline points="1167,672 1258,675 1349,675 1440,677 1532,677 1623,681 1714,681 1805,684 1897,684 1988,686 2079,689 2170,689 2262,690 2353,692 2444,691 2535,691 2627,697 2718,697 2809,698 2900,701 2992,701"/>
                <TextEquiv>
                    <Unicode>komnt es darauf an den kritischen Moment nicht</Unicode>
                </TextEquiv>
            </TextLine>
            <TextLine id="tr_1_tl_2" custom="readingOrder {index:1;}">
                <Coords points="1148,823 1800,853 1880,816 2001,866 2341,828 2733,828 2832,875 3013,851 3013,776 2750,749 2316,784 2165,744 1858,781 1652,734 1562,766 1148,744"/>
                <Baseline points="1161,806 1253,806 1346,806 1439,808 1532,810 1625,813 1718,818 1811,818 1904,818 1997,820 2090,818 2182,820 2275,824 2368,824 2461,827 2554,824 2647,827 2740,830 2833,830 2926,833 3019,836"/>
                <TextEquiv>
                    <Unicode>zu verpassen. Und ein solcher kritischer Moment-</Unicode>
                </TextEquiv>
            </TextLine>
            <TextLine id="tr_1_tl_3" custom="readingOrder {index:2;}">
                <Coords points="1176,945 1371,960 1463,1027 1882,997 2158,1044 2262,980 2411,1034 2641,994 2884,1019 2934,977 3013,990 3013,923 2825,873 2396,898 2232,846 1989,908 1711,851 1610,893 1173,890"/>
                <Baseline points="1188,937 1279,934 1371,940 1462,940 1554,937 1645,945 1737,943 1828,946 1920,946 2011,949 2103,949 2195,954 2286,952 2378,954 2469,958 2561,960 2652,961 2744,963 2835,963 2927,964 3019,967"/>
                <TextEquiv>
                    <Unicode>ist für Sie und auch für fräulein Friesel eben</Unicode>
                </TextEquiv>
            </TextLine>
            <TextLine id="tr_1_tl_4" custom="readingOrder {index:3;}">
                <Coords points="1138,1109 1193,1106 1233,1069 1324,1099 1381,1079 1471,1074 1505,1096 1632,1079 1629,1012 1572,1032 1540,1007 1466,1027 1419,992 1394,1002 1337,980 1255,1009 1136,1009"/>
                <Baseline points="1152,1072 1177,1069 1202,1066 1228,1066 1253,1067 1279,1068 1304,1070 1330,1072 1355,1070 1381,1069 1406,1071 1432,1072 1457,1072 1483,1072 1508,1072 1534,1074 1559,1075 1585,1075 1610,1078 1636,1084"/>
                <TextEquiv>
                    <Unicode>eingetreten.</Unicode>
                </TextEquiv>
            </TextLine>
            <TextLine id="tr_1_tl_5" custom="readingOrder {index:4;}">
                <Coords points="1128,1203 1709,1210 1835,1262 2160,1287 2239,1242 2393,1282 2981,1230 2944,1161 2686,1166 2530,1109 2475,1151 2358,1116 1907,1171 1773,1126 1632,1161 1540,1126 1128,1136"/>
                <Baseline points="1143,1194 1235,1194 1327,1197 1419,1203 1511,1200 1603,1203 1695,1206 1788,1205 1880,1211 1972,1209 2064,1209 2156,1211 2248,1212 2340,1214 2433,1218 2525,1218 2617,1221 2709,1221 2801,1224 2893,1224 2986,1224"/>
                <TextEquiv>
                    <Unicode>Richard: Nehmen Sie zur Kenntnis, dass Sie sich</Unicode>
                </TextEquiv>
            </TextLine>
            <TextLine id="tr_1_tl_6" custom="readingOrder {index:5;}">
                <Coords points="1136,1342 1304,1329 1404,1371 1515,1334 1701,1426 1820,1386 2378,1419 2969,1371 2969,1295 2835,1255 2646,1300 2505,1260 2197,1300 1962,1257 1389,1295 1136,1262"/>
                <Baseline points="1149,1329 1240,1329 1331,1332 1422,1332 1514,1335 1605,1335 1696,1333 1787,1338 1879,1339 1970,1338 2061,1341 2152,1344 2244,1344 2335,1345 2426,1347 2517,1352 2609,1352 2700,1353 2791,1354 2882,1355 2974,1367"/>
                <TextEquiv>
                    <Unicode>in einem Irrtum befinden. Uir eind glücklich,</Unicode>
                </TextEquiv>
            </TextLine>
            <TextLine id="tr_1_tl_7" custom="readingOrder {index:6;}">
                <Coords points="1116,1478 1391,1468 1753,1552 2215,1510 2358,1562 2912,1493 2909,1414 2733,1436 2614,1369 2544,1419 2401,1426 1114,1386"/>
                <Baseline points="1126,1463 1215,1460 1305,1460 1394,1460 1484,1466 1574,1466 1663,1463 1753,1466 1842,1469 1932,1472 2022,1472 2111,1472 2201,1475 2290,1475 2380,1478 2470,1478 2559,1481 2649,1481 2738,1484 2828,1484 2918,1493"/>
                <TextEquiv>
                    <Unicode>Wir lieben einander, Fräulein Priesel und ich.</Unicode>
                </TextEquiv>
            </TextLine>
            <TextLine id="tr_1_tl_8" custom="readingOrder {index:7;}">
                <Coords points="1118,1590 1768,1592 2125,1691 2396,1634 3003,1627 3001,1548 2946,1538 2358,1562 2227,1525 1986,1515 1944,1552 1116,1505"/>
                <Baseline points="1131,1585 1229,1588 1328,1585 1427,1590 1526,1591 1625,1591 1724,1594 1823,1597 1922,1597 2021,1600 2119,1600 2218,1603 2317,1604 2416,1608 2515,1606 2614,1609 2713,1613 2812,1615 2911,1615 3010,1621"/>
                <TextEquiv>
                    <Unicode>Karl Bern: Auch das Darum ebenstehen ste ein-</Unicode>
                </TextEquiv>
            </TextLine>
            <TextLine id="tr_1_tl_9" custom="readingOrder {index:8;}">
                <Coords points="1121,1731 1324,1736 1381,1791 2172,1758 2480,1810 2579,1751 2926,1763 2944,1669 2728,1659 2616,1709 2445,1639 2301,1696 1793,1649 1590,1679 1543,1642 1118,1676"/>
                <Baseline points="1134,1720 1224,1723 1315,1723 1406,1720 1497,1723 1588,1726 1678,1726 1769,1726 1860,1725 1951,1734 2042,1730 2132,1735 2223,1735 2314,1739 2405,1741 2496,1742 2586,1742 2677,1749 2768,1747 2859,1750 2950,1753"/>
                <TextEquiv>
                    <Unicode>ander im Pese. Und Sie wieren erfeider Und er</Unicode>
                </TextEquiv>
            </TextLine>
            <TextLine id="tr_1_tl_10" custom="readingOrder {index:9;}">
                <Coords points="1123,1922 2301,1927 2386,1897 2386,1798 2096,1825 1890,1783 1118,1783"/>
                <Baseline points="1134,1848 1196,1846 1259,1844 1322,1846 1385,1848 1448,1851 1511,1854 1574,1854 1637,1854 1700,1856 1763,1860 1825,1857 1888,1859 1951,1860 2014,1860 2077,1863 2140,1863 2203,1866 2266,1867 2329,1867 2392,1872"/>
                <TextEquiv>
                    <Unicode>kenn imnek nur sehtinner werden</Unicode>
                </TextEquiv>
            </TextLine>
            <TextLine id="tr_1_tl_11" custom="readingOrder {index:10;}">
                <Coords points="1116,2021 1741,2073 1907,2026 2163,2068 2289,2009 2482,2009 2569,2063 2636,2014 2750,2039 2748,1915 2279,1952 1114,1924"/>
                <Baseline points="1126,1980 1207,1977 1289,1977 1370,1980 1452,1980 1533,1983 1615,1989 1696,1989 1778,1988 1859,1989 1941,1990 2022,1992 2104,1992 2185,1992 2267,1995 2348,1998 2430,1998 2511,2001 2593,2001 2674,2003 2756,2016"/>
                <TextEquiv>
                    <Unicode>Karl Bern: Und qualen einander noch mehr:</Unicode>
                </TextEquiv>
            </TextLine>
            <TextLine id="tr_1_tl_12" custom="readingOrder {index:11;}">
                <Coords points="1114,2115 1632,2113 1798,2180 2160,2190 2242,2172 2239,2053 1322,2066 1111,2024"/>
                <Baseline points="1128,2105 1183,2103 1239,2105 1295,2105 1351,2108 1407,2108 1463,2109 1519,2111 1575,2111 1631,2114 1687,2114 1742,2116 1798,2120 1854,2120 1910,2120 1966,2120 2022,2120 2078,2120 2134,2121 2190,2123 2246,2135"/>
                <TextEquiv>
                    <Unicode>Richard: Wir sind glücklich.</Unicode>
                </TextEquiv>
            </TextLine>
            <TextLine id="tr_1_tl_13" custom="readingOrder {index:12;}">
                <Coords points="1101,2254 1843,2247 2110,2341 2993,2311 2991,2202 2683,2212 2482,2153 2242,2195 1101,2175"/>
                <Baseline points="1114,2234 1208,2237 1302,2238 1396,2238 1490,2240 1585,2240 1679,2243 1773,2245 1867,2246 1961,2254 2056,2252 2150,2255 2244,2257 2338,2255 2432,2258 2527,2263 2621,2263 2715,2263 2809,2263 2903,2269 2998,2266"/>
                <TextEquiv>
                    <Unicode>Karl Bern: Auch das. Sonst wäre es ja nicht so</Unicode>
                </TextEquiv>
            </TextLine>
            <TextLine id="tr_1_tl_14" custom="readingOrder {index:13;}">
                <Coords points="1438,2361 1508,2368 1575,2324 1627,2339 1719,2311 1793,2329 1952,2326 1952,2279 1895,2282 1840,2244 1734,2249 1662,2277 1572,2239 1528,2262 1495,2242 1438,2244"/>
                <Baseline points="1451,2311 1476,2313 1501,2314 1527,2314 1552,2315 1578,2317 1603,2318 1628,2320 1654,2315 1679,2311 1705,2309 1730,2308 1755,2308 1781,2309 1806,2311 1832,2313 1857,2314 1882,2318 1908,2320 1933,2320 1959,2320"/>
                <TextEquiv>
                    <Unicode>Abermellen</Unicode>
                </TextEquiv>
            </TextLine>
            <TextLine id="tr_1_tl_15" custom="readingOrder {index:14;}">
                <Coords points="1101,2443 1441,2465 1711,2383 1825,2448 2168,2468 2239,2420 2599,2470 2805,2398 3026,2401 3023,2316 2983,2311 2368,2344 1716,2311 1612,2346 1099,2304"/>
                <Baseline points="1114,2374 1209,2365 1305,2368 1401,2369 1497,2374 1593,2374 1689,2374 1784,2377 1880,2377 1976,2380 2072,2381 2168,2383 2264,2386 2360,2386 2455,2389 2551,2392 2647,2392 2743,2395 2839,2396 2935,2397 3031,2398"/>
                <TextEquiv>
                    <Unicode>schlimm Sie stehen einander im Wege: die wissen</Unicode>
                </TextEquiv>
            </TextLine>
            <TextLine id="tr_1_tl_16" custom="readingOrder {index:15;}">
                <Coords points="1104,2510 1788,2507 1882,2557 2232,2589 2448,2547 2827,2584 3098,2542 3098,2465 2981,2440 2572,2475 2249,2423 2168,2468 1781,2420 1448,2468 1285,2425 1104,2443"/>
                <Baseline points="1117,2496 1216,2497 1315,2499 1414,2502 1513,2502 1612,2499 1711,2505 1811,2506 1910,2508 2009,2511 2108,2517 2207,2514 2306,2519 2405,2520 2505,2520 2604,2523 2703,2521 2802,2526 2901,2528 3000,2526 3100,2529"/>
                <TextEquiv>
                    <Unicode>es beide, und wisser auch, dass es imner nur sehlin-</Unicode>
                </TextEquiv>
            </TextLine>
            <TextLine id="tr_1_tl_17" custom="readingOrder {index:16;}">
                <Coords points="1647,2559 1706,2562 1741,2582 1773,2577 1786,2584 1808,2574 1823,2582 1870,2572 1867,2530 1845,2532 1823,2512 1808,2517 1773,2507 1753,2517 1709,2515 1696,2522 1674,2505 1644,2510"/>
                <Baseline points="1657,2550 1684,2550 1711,2551 1738,2555 1766,2556 1793,2556 1820,2558 1847,2559 1875,2559"/>
                <TextEquiv>
                    <Unicode>aufe</Unicode>
                </TextEquiv>
            </TextLine>
            <TextLine id="tr_1_tl_18" custom="readingOrder {index:17;}">
                <Coords points="985,2621 1017,2619 1024,2626 1044,2614 1056,2626 1126,2577 1151,2587 1176,2579 1178,2502 1138,2507 1116,2500 1106,2507 1076,2490 1049,2490 1037,2502 990,2500"/>
                <Baseline points="1000,2586 1026,2581 1052,2580 1078,2580 1104,2579 1130,2577 1156,2577 1182,2577"/>
                <TextEquiv>
                    <Unicode>au</Unicode>
                </TextEquiv>
            </TextLine>
            <TextLine id="tr_1_tl_19" custom="readingOrder {index:18;}">
                <Coords points="1089,2646 1592,2636 1743,2691 2108,2641 2349,2728 2606,2683 2978,2713 2976,2606 2864,2574 1089,2582"/>
                <Baseline points="1102,2628 1196,2628 1290,2631 1384,2631 1478,2632 1572,2634 1666,2636 1760,2640 1854,2640 1948,2646 2042,2643 2136,2643 2230,2647 2324,2652 2418,2652 2512,2651 2606,2652 2700,2654 2794,2658 2888,2658 2983,2673"/>
                <TextEquiv>
                    <Unicode>Der werden kann) Sie ist eine junge Künstlerin,</Unicode>
                </TextEquiv>
            </TextLine>
            <TextLine id="tr_1_tl_20" custom="readingOrder {index:19;}">
                <Coords points="1937,2718 2001,2721 2016,2730 2029,2728 2041,2716 2046,2721 2083,2718 2083,2651 2071,2651 2041,2671 2014,2656 1999,2666 1974,2649 1937,2644"/>
                <Baseline points="1950,2714 1978,2714 2006,2714 2034,2714 2062,2714 2090,2714"/>
                <TextEquiv>
                    <Unicode>lit</Unicode>
                </TextEquiv>
            </TextLine>
            <TextLine id="tr_1_tl_21" custom="readingOrder {index:20;}">
                <Coords points="1096,2812 1173,2837 1270,2760 1590,2859 1870,2840 1977,2785 2249,2785 2336,2832 2562,2785 2721,2840 2949,2802 2949,2743 2649,2728 2577,2686 2478,2728 1907,2743 1778,2698 1094,2698"/>
                <Baseline points="1111,2762 1203,2762 1295,2762 1387,2765 1480,2766 1572,2767 1664,2769 1756,2771 1849,2771 1941,2772 2033,2774 2125,2778 2218,2779 2310,2782 2402,2781 2494,2783 2587,2783 2679,2786 2771,2789 2863,2790 2956,2801"/>
                <TextEquiv>
                    <Unicode>vielleicht ein benie)an Epfang einer Carrière,</Unicode>
                </TextEquiv>
            </TextLine>
            <TextLine id="tr_1_tl_22" custom="readingOrder {index:21;}">
                <Coords points="1096,2926 1153,2949 1240,2897 1366,2946 1897,2969 2428,2924 2914,2964 2946,2931 3083,2969 3080,2805 2921,2874 2239,2862 1977,2790 1758,2852 1094,2825"/>
                <Baseline points="1108,2885 1207,2891 1306,2894 1405,2897 1504,2897 1603,2897 1702,2903 1801,2901 1900,2905 1999,2906 2098,2909 2197,2910 2296,2911 2395,2917 2494,2918 2593,2921 2692,2923 2791,2924 2890,2927 2989,2930 3088,2935"/>
                <TextEquiv>
                    <Unicode>Sie ein zu den schönsten Hoftnungen berechtigender</Unicode>
                </TextEquiv>
            </TextLine>
            <TextLine id="tr_1_tl_23" custom="readingOrder {index:22;}">
                <Coords points="1094,3078 1706,3112 2130,3063 2264,3125 2530,3107 2572,3063 2954,3098 2954,3016 2830,2971 2616,3013 2344,2983 2220,2934 2103,2971 1089,2944"/>
                <Baseline points="1105,3034 1197,3028 1290,3028 1383,3030 1475,3031 1568,3034 1661,3034 1753,3037 1846,3039 1939,3040 2032,3045 2124,3045 2217,3049 2310,3052 2402,3055 2495,3058 2588,3064 2680,3070 2773,3070 2866,3073 2959,3073"/>
                <TextEquiv>
                    <Unicode>junger Arzt, Ordination von zmei bis vier, einge-</Unicode>
                </TextEquiv>
            </TextLine>
            <TextLine id="tr_1_tl_24" custom="readingOrder {index:23;}">
                <Coords points="1094,3204 1411,3207 1458,3246 1605,3207 1704,3244 1885,3209 2222,3236 2314,3199 2515,3207 2636,3261 2961,3259 2956,3132 2879,3122 2740,3145 2604,3102 2497,3150 2071,3070 1478,3122 1089,3073"/>
                <Baseline points="1105,3162 1198,3159 1291,3162 1384,3166 1477,3169 1570,3173 1663,3176 1756,3180 1849,3181 1942,3183 2035,3185 2128,3192 2221,3195 2314,3195 2407,3198 2500,3201 2593,3205 2686,3208 2779,3211 2872,3214 2965,3222"/>
                <TextEquiv>
                    <Unicode>ordnet in die bürgerliche, sagen wir menschliche</Unicode>
                </TextEquiv>
            </TextLine>
            <TextEquiv>
                <Unicode></Unicode>
            </TextEquiv>
        </TextRegion>
    </Page>
</PcGts>
