2840 3432
2272 328 2413 440 220
551 394 1028 546 Beronin: (ab)
541 573 1185 730 Mathilde, Helene.
360 677 2496 884 Mathilde: (die sich indes schen ungesehen.) Hohin
543 836 1268 991 führst du mich daz
533 946 2371 1119 Helene: Da weiest es ja. Und ich glaube, es war
530 1092 2288 1247 hohe Zeit - wenn es überhaupt noch Zeit war.
527 1233 1966 1396 Mathilde: Was wilist du damit sagen?
527 1361 2408 1537 Helene: Seit dem Tod des unglückseligen Wesens,:
535 1473 2483 1670 also drei Wöchen lang ist er Abend für Abend hier
525 1604 2429 1787 gewesen, ist um acht Uhr gekommen und bis Mitter-
525 1750 1723 1886 nacht oder länger dageblieben.
511 1881 2270 2030 Mathilde: Hier, -wo er mit ihr glücklich war.
519 2006 2365 2166 Helene: Glücklich - - Und nun hat er plötzlich
525 2147 1470 2301 die Wohnung aufgelassen.
503 2267 2198 2435 Mathilde: Einmal musste es doch wohl sein.
517 2411 2557 2597 Helene: Aber was nun? Was hat er vor? Er ist ja ein
509 2525 1153 2672 Anderer seither.
514 2640 2437 2840 Mathilde: Du hast mir selbst gesagt, dass er sein
506 2789 2477 2951 Leben meiterführt wie gewöhnlich, auf die Kliniken
511 2917 2453 3098 und ins Laboratorium geht - dass er auch mit kuch
