3208 3608
985 635 1560 781 Rychard: Auch.
975 786 2368 928 Franzi: Fraulein Reith zum Beispiel
972 853 2894 1086 Richard: Er ist kein Anlass gerade die besondern
990 1049 1523 1188 zu erwehnen.
987 1146 2783 1329 Franzi: Re wirst du heiraten. Ludnig hat mir
990 1287 2790 1458 schon seinerzeit erzahlt, dass du sie heiraten
990 1431 1250 1572 wirst.
1024 1535 2408 1681 Richard: Da weiss er mehr als ich:
1032 1672 2869 1860 ranzi:lachselzuckend Die oder eine andere, kir
992 1788 2974 1974 kan es gleich sein, an men ich dich verlieren werd
987 1927 1121 2086 a0.
994 2029 2929 2230 Richard: Und das weiset du ganz bestimmt, dass da
987 2205 1855 2363 mich verlieren wirst?
1004 2321 2877 2505 renzl:lachselzuckend) Nachstes Jahr bin ich in
987 2458 2088 2624 Hanburg oder meise Gott mo.
994 2579 2988 2753 Richärd: Mer zingt dich dazur Du kannst doch hier
992 2750 2063 2879 an Residenztheater bleiben.
1009 2830 2589 3016 Erenzi: Und mieder Stubennadeln spielen.
972 2969 2944 3160 Richerd: Ich hobegemeint, ee ist dir gleicheüftig.
992 3125 1605 3301 mas du spielet.
