3320 3592
2948 550 3090 705 282
1169 705 1996 886 Spiel, Ihre Eristenz!
1178 828 2885 1004 Lyblein: Den Baron wird der Schlag treften.
1169 988 2852 1133 Karl Bern: (rasch herauf) Was ist denn 1os?
1180 1100 2934 1234 Löblein: (zum Inspizienten) Es geht nicht an:
1178 1227 2568 1385 ders, lasten ie den Vorhang fallen.
1180 1361 2923 1521 Tregulein: Warten Sie noch einen Augenblicht
1173 1512 2678 1683 karl Bern: Fraulein, ich beschwöre Sie!
1211 1660 2850 1801 ranzi: (wie zum Bewusstsein kommend) Wie?
1173 1808 2525 1933 -öblein: Es ist der letzte Moment.
1173 1914 3031 2071 Dregulein: Die Addern können doch nichts dafür.
1166 2095 2972 2224 Das Theater kann doch nichts dafür. Schiessen
1159 2208 3007 2396 Sie ihn nachter tot, den Kerl, meinetwegen, aber
1159 2354 2648 2506 jetzt spielen Sie Ihre Rolle zu Ende.
1150 2478 3045 2664 Loblein: Lang kann er nicht mehr da unten klim-
1164 2662 1375 2784 pern.
1150 2770 2224 2925 Inspizient: Letzter Momentl
1147 2880 3019 3054 Franzi:(wiederholt mechenisch) Ailerletzter Mo-
1136 3012 2911 3148 ment! (auf die Bühne, vom Inspizienten am Arm
1279 3158 2965 3299 alten und geführt. Man hört noch eine Weile
