3176 3656
2681 400 2823 592 280
2140 628 2569 733 gibts denn?
1023 587 1898 719 Karl Bern:(tritt herzu
1033 762 2468 901 Dregulein: Nehmen Sie sich zusammen!
1028 889 2672 1028 Franzi: Für wen denn? Für was denn? Resist
1028 1026 2099 1181 überhaupt alles nicht wahr.
1042 1109 2849 1328 (Theaterarbeiter öktnet die Füre, Franzi erhebt
1026 1270 1663 1419 sich noch nicht)
1030 1373 2617 1589 Erepiatent: (bei ihrium Gotieswillen, Fräu
1028 1531 2025 1685 Kriesel, gehen ie heraus!
1030 1617 2693 1816 Franzi: Ich hab nichts zu tun da draussen.
1026 1780 2272 1900 Karl Bern: Fraulein frjegel.:..
1498 1871 2746 2013 lieua en panselotor plei
1016 1929 2741 2111 Dregulein:) Sie sind jetzt nicht die Franzi
1016 2034 2183 2202 triesel - die Fanni sind Sie.
1014 2128 2935 2363 Erenki: lerhebt sich plötzlich tritt auf die Sih-
1014 2327 2116 2437 ne, die Türe schliesst sich).
1006 2454 2734 2633 Kerl dern:lzu dregulein) Was war denn das?
1014 2586 2207 2748 Sregulein:(ruckt die Achsein)
1014 2729 2926 2914 John: (komnt als Moritzky fast ohne Macké zu Löb-
1004 2847 2813 3019 lein) Na bin ich nach Ihrem Gusto, Herr Regis-
994 2979 1217 3101 seut?
990 3077 2844 3314 Löblein: (zu Kohn) Wie ein Kanzleidiener sehen.
