3288 3464
640 245 940 452 2/6.1930
2604 402 2744 502 220
1017 472 2829 642 Franzl. Hein, das war meine Hodschneiderin,die
977 645 2039 797 Mama ist aber auch zuhaus.
990 782 2936 977 Gregor: (iachelnd) ich bin davon überzeugt. lande-
980 927 2929 1084 ser Tenl Also, fangen wir gleich an. Die Ensemble-
980 1049 2931 1249 szenen werden ja jedenfalle neu arranglert werden.
975 1194 1287 1329 müssen.
980 1297 2939 1512 Franal: Ich war ja bei allen Proben, ich kenne die
999 1472 1422 1599 tellungen.
975 1569 2854 1784 Greßer: Unso besser. Wie gefüllt innen ales das
975 1739 1594 1882 Stuck, Fräulein?
965 1844 2454 2064 Franzt: Ich nasse mir kein Urteil an.
960 1992 2954 2199 Kreger: Narum nicht? Mit zwei so klugen tagen und
965 2124 2914 2326 einer so hellen Stim derfnen eich schon ein Dr-
955 2251 2669 2426 teil aunasgen. Sie sind noch nicht menzigt
947 2391 2161 2561 Franzl: Dein, deunzehn vorüber.
942 2526 2949 2726 Greger: Schon. War men auch einnel. Denale spielte
945 2654 2941 2816 ich in Egeburg den Roneo. Die Julte war neunzehn.
950 2791 2939 2989 -diso, der meite lkt. Sie haben sa das Buck. Itr
950 2919 2856 3108 luftritt. Ich stch an Feneter - der Ofen ist des
940 3051 2834 3263 Penster - Sie konnen von rechte, Ich trete Ihnen
