3288 3608
1124 534 2252 780 Dögelmann: (zu karl bern) dur
2264 658 2404 826 ei
1119 784 1704 890 ohne Vrechweif
1107 922 2166 1023 mich zu alt für den Witte?
1110 1070 2292 1208 Karl Bern: Wer behauptet das?
1114 1168 2706 1358 Dögelmann:(auf Dregulein weisend) Dieser
1107 1313 2582 1475 Zandeknecht, dieser zwölfte Berittenen
1110 1445 2648 1613 Dregulein: Aber Jedesfalle erster Nagel
1098 1578 2067 1754 Sarg. (spieltl 44,45,46.
1100 1709 2971 1873 Karl Bern: (zu Dggelmann) Sie zu alt für den Wit
1098 1833 2978 1981 te? Ich könnte mir überhaupt keinen Beesern den
1086 1962 2819 2149 ken für die Rolle. Nicht auf ein paar Jahre
1084 2119 2901 2245 mehr oder weniger kommt es an,sondern darauf,
1302 2184 1866 2276 mit deetitiver
1086 2252 2927 2428 dass) die inmmente Idee der Figur herauekomnt.
1084 2381 2952 2559 Dögelmenn: Hast du's gehört, Bregulein?Inmanent.
1077 2493 2287 2669 So hab ich ihn auch angelegt.
1077 2629 2913 2795 Dregulein: Mit andern Worten. Die Jugend hast
1065 2774 2915 2952 du nicht, aber so das Zunidere, das zu der Pigur
1068 2838 1363 2985 gehört.
1098 2948 2870 3144 Karl dem: (intereseiert) Ist Ihnen die Pigar
1470 3083 1721 3179 dene
1054 3104 2189 3315 so fzumidet, der Doktor Mitter
1002 3236 1388 3395 antipell
