3256 3592
2785 462 2998 623 69a
949 575 2908 776 Karl Dern- Vielleicht nicht den richtigen. So ei-
962 723 2848 904 ner wie Gregor wäre gar nicht übel. Dem hat noch
962 871 2883 1042 keine widerstanden. Und das wär dann auch wieder
964 997 2973 1165 möglicherweise von Vorteil für mein Stück. So wird
962 1143 2092 1301 man als Autor Realpolitiker.
967 1248 2140 1436 Richard: Und Kuppler beinahe.
962 1386 2921 1572 Karl Bern, Der Kuppler kann sich die Mühe sparen.
964 1522 2024 1683 Richard: - In dieser Weit.
959 1632 1831 1833 Karl Der: In jeder.
967 1770 2890 1976 Richerd: Aber menn sich eine in den Kopf gesetzt
967 1924 2579 2082 hätte treu zu sein....oder gar ins Herz.
964 2027 2976 2220 karl Bern: Freue ist eine Fiktion - im allerbesten
967 2157 1939 2348 Fall Apget vor Revenche.
969 2285 2938 2506 Richerd: Dess Sie dar sagen - eigentlich kontsch.
969 2428 2346 2617 Karl dern: Marun ist das konisch?
954 2569 2976 2770 Richerd: In Ihren Stück wird ja die Liebe so ernet
964 2692 2335 2878 genommen und die Treue so wichtig.
964 2828 2823 2993 Kerl Bern: Ach, konnen Sie mir nicht mit meinen
964 2961 2893 3154 Stuck. Mein Stuck ist eine hietorische Fregödie.
974 3124 1489 3267 Ee behandelt
