3288 3480
2799 349 2945 498 291
1273 446 2839 615 Karl Bern: Dass ich mich noch verbeugen
1271 578 2608 764 musste, das war doch zu lächerlich.
1262 717 2823 884 Pregulein: Die Leute haben gemeint, der
1253 853 2257 1000 Schluss ist von Ihnen.
1253 988 2259 1142 Kerl Bern: Eine Ohnnechte
1248 1095 3028 1302 Gregor: (kommt) Platz dal Man bringt eine Lei-
1242 1246 1930 1379 che. Sie ist tot!
1231 1353 2799 1553 Karl Bern:(wieder rasch nach rückwärts)
1239 1495 2215 1650 Pregulein: Wer sagt das?
1244 1624 2990 1784 Gregor: Ich hab es gleich gewusst. Tot! Ver-
1217 1739 2988 1919 stehst dufas? GiftlUnd heute noch sollte sie
1217 1893 1795 2030 mein werden-
1197 2004 2810 2177 (Baron und Löblein komnen wie der herein.
1215 2159 2999 2308 Baron: Veble Seneationslust - während der Vor-
1208 2281 1622 2434 stellung 1
1204 2430 2237 2563 Loblein: Be iet unfassbar.
1211 2561 2883 2694 (an der Ture dräussen Late vorbei, auch von
1193 2679 1777 2817 der Stresse.)
1193 2794 2903 2952 Die Roreda: (zum Baron) Ich höre eben - es
1191 2936 2503 3065 soll eine ernstere Ohnmacht sein.
