3176 3640
743 558 1868 780 Frenzl: (nicht( Ich weisr sa.
740 732 2590 909 Dregulein: Abdr was ist denn? Noch immer nicht
745 851 2542 1033 schmerzt? Lehxete jerteht werder et ist
1039 1004 1316 1107 die rict
740 988 2727 1200 macht dir doch nichts draus sadet. Rah weint de
787 1112 2738 1329 mas dar Heisst? Jetzt kannst du haben wen und was
743 1271 2746 1475 du wilist. Alle sind wir Schufte. Es hat nur nicht
761 1451 1858 1604 jeder die Gelegenheit dazu.
750 1580 1472 1747 Franzi: (schweigtl.
769 1638 2000 1876 Tregklein: Also g'scheidt sein!
758 1778 2759 2027 Frenzl; (plötzlich) Was wollen Sie denn, Herr Dregu-
2280 1897 2518 1990 weite
764 1911 2888 2117 lein? Es ist alles in Ordnung. Von wem reden Sie denn
766 2040 2727 2233 überhaupt? Ich denk, ja gar nicht mehr an ihn. Was
772 2209 2746 2426 fallt Innen denn einz (in einen falschen Zonl Ich
769 2336 1588 2526 habfschen men andern.
766 2484 2804 2698 Bregulein: Sie müssen ja nicht gleich einen Unsinn
780 2658 1044 2833 reden.
814 2740 2576 2949 Inspizient: (nacht Franzi wieder ein Zeichen)
785 2915 2785 3116 Pranzi: Aber was mill denn der inner? Ich weise ja
785 3060 1120 3245 selber-
