3320 3592
2700 409 2866 600 283
1105 580 2926 766 gehört? Sie sollten schon auf der Bühne stehen
1105 723 2297 889 Fr. Wentzler: Fraulein Friesell
1105 850 2948 1026 Eregulein: (ergreift sie beim Arm) Geschwindi Ge
1093 1041 1432 1172 schwindt
1093 1100 2448 1266 kranzt: (schütteit den Köpf) Weint
1127 1273 2827 1457 nepizient: Wenn Sie nächt sofort auftreten.
1093 1392 2066 1568 muss der Vorhang fallen.
1105 1541 2663 1702 Tregulein: Franzi 1 Bedenken Sie doch-
1102 1670 2928 1856 Insplzient: Sowas ist ja noch nie da gewesen.
1093 1836 2963 1940 Eöblein: (in höchster Erregung) Um Himmels Wil-
1093 1962 2926 2103 len! Was ist denn geschehen? Sind Sie krank?
1132 2093 2889 2240 ind Sie tot? (zu den Andern) Ist sie krank?
1115 2180 2916 2396 nspizient: Wir müssen den Vorhang fallen las-
1090 2351 1291 2495 sen.
1102 2463 2368 2587 (von der Bühne her Klavierspiel)
1125 2606 2696 2765 nepizient: Die wellen den Gottseidenk!
1093 2725 3084 2906 Löblein: Da hat einer eine gute Idee gehabt. Viel-
1093 2866 2879 3052 lsicht haben es die Leute noch nicht bemerkt.
1080 2995 2762 3164 Es ist noch Zeit, Friesell Aber nicht lang.
1080 3127 2899 3320 Dregulein: Franzi, Ihre Carriere steht auf den
