3304 3512
1127 544 2080 718 roct und Stock abnimert.
1152 691 2624 813 Esblein: Sie haben draussen abgelegt.
1152 828 3075 997 Dögelmann: Pardon . es war seerrangiert, dass ich
1159 960 2925 1139 dem Diener meinen Minterrock übergebe,meinen
1154 1100 1534 1240 Stock--
1198 1205 2952 1387 regulein: (erscheint plötzlich an der rechten
1161 1370 2252 1524 rüre, grüsst privat) Stimmt.
1154 1492 3067 1656 Dögelmann: Ei, Herr. Dregulein... ist es denn mög-
1152 1590 3067 1796 licht Eibt es denn drei Diener in diesem Haus?
1139 1749 2889 1877 Herr Dregulein als ereter Diener, fabelhaft!
1142 1877 3112 2065 Dregulein: In einen Haus, no Ktamerk du verkehret,
1142 2021 2715 2185 Degelmann, spiele ich auch den zwälften.
1154 2132 3016 2328 Eblein: Wir brauchen überhaupt keinen Diener.
1152 2293 2950 2440 e gibt doch ein gewes genz felsches Bilde
1147 2364 3026 2607 redor ist sa kein Mixdiener. Su chef -Renkur
1147 2548 3055 2732 Karl Bern: Ioh weiss nicht, ich habe das Bankkon-
1139 2683 2403 2842 to meines Kelden nicht gesehen.
1127 2766 3067 2984 Loblein:langsduldig, zu Degelmann) Der Diener hat
1178 2942 2950 3114 ie schon früher gemeldet. Indessen haben Sie
