3128 3528
2583 384 2727 478 315
930 431 2734 676 ich glaube nein (das soll kein Frost sein, auch
930 624 2732 791 keine Grosemut, auch kein Geschenk, -aber wenn
918 747 2788 911 ich in dieser Stunde etwas anderes reden sollte
940 883 2605 1046 als die reine Wahrheit - das wäre unwürdig
935 996 2694 1201 dumm dazu.) Und wenn du in dieser Stünde mein
923 1149 2689 1281 Herz zurückwiesest, weil du es noch nie so we-
933 1260 2758 1429 nig verdient hast,-ich bringe es dir doch wie-
933 1389 2701 1573 der entgegen, weil du noch nie seiner so sehr
935 1554 1486 1700 bedurft hast.
1477 1618 1710 1722 nein.
935 1634 2722 1797 Richard: Nach einer Busse, nach einer Strafe,
921 1780 2812 1959 nach irgend einer Gerechtigkeit sehne ich mich
970 1912 2774 2056 mehr nach alledem als nach Glück. Es stünde
928 2044 2779 2251 nicht anders um mich, auch wenn sie noch lebte.)
928 2174 2671 2350 Du fühlst so gut wie ich, dass es das einzig
933 2320 2814 2487 Anständige wäre, wenn ich ein Ende mit mir mach-
937 2508 1079 2607 tes
928 2609 2732 2751 Mathilde: Ich glaube, dass ich dich dann nicht
928 2718 2656 2875 höher achten, aber ich fürchte, dass ich dich
928 2831 1978 3003 dann weniger lieben würde.
921 2932 2696 3149 Richard: Ich liebe dich nicht. Ich habe auch
