3256 3464
2716 304 2866 466 240
1310 440 2056 577 auch der Regisseur.
1237 573 2928 735 in: Ee geht ja ganz gut, aber ein bisl lau-
1184 727 1839 877 ein bisl lauter.
1324 826 2160 1024 und Franzi probieren.
1375 971 2842 1148 un und an Ende der Weit bist du dann
1247 1119 2986 1278 Andere, gibt es dann keinen mehr, der sich er-
1032 1235 2977 1406 innern darf? Es ist am Ende der Weit wie hier und
1020 1394 2902 1561 es gibt keinen Kuss,keuech genug, keine Umarmung
1027 1532 2902 1684 glühend genug und keine Liebe ewig genug,um die
1027 1645 2897 1829 alten Küsse und die alte Liebe auszulöschen. Was
1022 1783 2904 1938 war ist, das ist der tiefe Sinn des Geschehenen.
1022 1906 2948 2073 Franzi: So geh, ich bin es müde um deine Gnade zu
1020 2030 2878 2233 flehen wie eine Sünderin und vor einem auf den
1037 2165 2817 2363 nieen zu liegen, der um nichts besser ist als
1015 2339 1206 2433 ich.
1029 2450 2194 2576 Vielleicht noch einige Worte.
1015 2568 1800 2745 Fenni: Geh endlicht
1020 2711 2375 2866 Gregor: Wann? Ich mues dich haben.
1078 2834 2899 3011 ranzi: Mann du wilist. Neute nach den Theater.
1162 2984 2068 3144 zor: Du kommet mit mir.
1440 3119 2102 3272 Franzi, dregulein.
