3256 3480
2716 384 2869 473 235
1472 469 2932 663 tauf die Uhr schendl Ich muss leider
1291 614 2761 778 also nochmals schönen Dank, Herr Bern.
1233 736 2571 909 Zückwünschen darf man wohl nicht?
1230 853 3112 1048 karl Bern: Ich bin nicht abergläubisch. Münschen
1338 1005 2888 1198 nur, Herr Präsident. Dergleichen pflegt
1184 1153 1873 1296 nichts zu ändern.
1195 1266 2923 1484 Pricke: Adieu,mein Kind. (hüsst Helene auf
1184 1390 1985 1566 die Stirne und geht)
1172 1540 1849 1723 Kerl Bern,telene.
1153 1680 2970 1903 Nelene: Du hast wieder einen Dneinn zusannen-
1155 1870 1500 1973 geredet.
1158 1941 2948 2142 Karl Bern: Schüchternheit. Du kennst mich ja.
1141 2098 2906 2306 Schade, dass ich deinen Vater nicht emmpathi-
1144 2280 1568 2391 scher bin.
1134 2360 2899 2576 Helene: Stinnt gar nicht. Er ist nur theore-
1125 2512 1821 2646 tisch gegen dich.
1102 2604 2299 2820 Karl Ber:: und du praktisch.
1118 2798 1971 2948 Relene: Das mecheglt.
1104 2897 2845 3136 Karl Bern: Vebrigens, guten Morgen, mein Lie-
