3144 3688
923 542 2829 791 Relene: Worgen nach Eieer ein Decepter. Du köne
1152 725 1443 815 mochte
945 713 2771 952 teetsoen echwarren Ratibe bet ene nehmen. Rare
937 901 1626 1067 wird sich freuen.
1340 918 2641 1077 deran ebent ich mir zu precset
937 1025 2732 1191 Karl Bern: Davon bin ichfricht ganz überzeugt
2229 1038 2868 1182 migeuei Brrct
933 1106 2888 1323 Delene: Und nebstbei nechte ich mit dir mit Ih-
1133 1245 1506 1343 eu geiter
933 1240 2893 1462 nensyeden. Wegen meines Bruders. Du biet je jetzt
937 1372 1904 1533 so oft mit ihm zusamien.
1951 1440 2192 1604 Nachte
935 1509 2761 1687 Karl Bern: Oft? Manchmal (im Kafrechaus nachts.
955 1628 2871 1809 Helene: Oh, ich will Sie zu keinen Indickretionen
952 1763 2744 1936 verleiten. Er wäre auch vergeblich, ich weise.
947 1897 2754 2092 Keri Ber: Micherd hat mir niemals sein Herr
959 2031 2829 2212 aufgeschlossen. Ich bin nicht einmal überzeugt.
1401 2161 1709 2253 berender
964 2185 2327 2339 dass ich ihm sehr simpathisch bin.
955 2297 2837 2502 nedene: Her eimele ratt atr dergen Er puse
964 2431 2834 2627 einer Kamer Aeten. Ob du ihm smmpathisch bist.
967 2593 2917 2737 das weist ich minhtich selber nicht, aber du impo-
959 2707 2778 2886 niersth baer gesrinterst Küsebluhte Schlena
1228 2829 1496 2925 acht in
1528 2822 1667 2910 so
950 2854 2878 3015 Er ist sehr beeinflussbar, wan kann schen beirehe
967 2954 2883 3181 eesen ee tet Eigenmildig ober schnsch. (er stecht
