<?xml version="1.0" encoding="UTF-8" standalone="yes"?>
<PcGts xmlns="http://schema.primaresearch.org/PAGE/gts/pagecontent/2013-07-15" xmlns:xsi="http://www.w3.org/2001/XMLSchema-instance" xsi:schemaLocation="http://schema.primaresearch.org/PAGE/gts/pagecontent/2013-07-15 http://schema.primaresearch.org/PAGE/gts/pagecontent/2013-07-15/pagecontent.xsd">
    <Metadata>
        <Creator>prov=READ-COOP:name=PyLaia@TranskribusPlatform:version=2.7.0:model_id=50870:lm=none:date=22_01_2024_18:09</Creator>
        <Created>2023-09-27T14:33:32.833+02:00</Created>
        <LastChange>2024-01-22T18:09:52.389+01:00</LastChange>
        <TranskribusMetadata docId="1589031" pageId="60123055" pageNr="172" tsid="145631427" status="IN_PROGRESS" userId="40391" imgUrl="https://files.transkribus.eu/Get?id=LCJJVMQOBPSXPWWNXMGDZCGP&amp;fileType=view" xmlUrl="https://files.transkribus.eu/Get?id=SPJJELDHOPOUGMLDMHGPRJUY" imageId="48548132"/>
    </Metadata>
    <Page imageFilename="1589031_0172.jpg" imageWidth="3336" imageHeight="3512">
        <ReadingOrder>
            <OrderedGroup id="ro_1711794341086" caption="Regions reading order">
                <RegionRefIndexed index="0" regionRef="tr_1"/>
            </OrderedGroup>
        </ReadingOrder>
        <TextRegion orientation="0.0" id="tr_1" custom="readingOrder {index:0;}">
            <Coords points="1140,381 1140,2811 3165,2811 3165,381"/>
            <TextLine id="tr_1_tl_1" custom="readingOrder {index:0;}">
                <Coords points="2745,458 2773,448 2803,453 2867,496 2890,481 2912,498 2982,513 2977,379 2955,389 2912,371 2877,386 2830,356 2743,354"/>
                <Baseline points="2759,441 2784,441 2809,441 2834,441 2859,441 2885,441 2910,442 2935,444 2960,447 2986,450"/>
                <TextEquiv>
                    <Unicode>228 b</Unicode>
                </TextEquiv>
            </TextLine>
            <TextLine id="tr_1_tl_2" custom="readingOrder {index:1;}">
                <Coords points="1156,720 1253,732 1330,685 1475,725 1883,648 2115,732 2389,722 2571,650 2815,698 2885,653 3154,658 3154,595 3079,570 2005,605 1896,528 1684,481 1594,521 1156,528"/>
                <Baseline points="1170,645 1269,644 1368,645 1468,645 1567,645 1667,645 1766,645 1866,645 1965,646 2065,645 2164,645 2263,645 2363,642 2462,642 2562,640 2661,642 2761,642 2860,639 2960,639 3059,639 3159,642"/>
                <TextEquiv>
                    <Unicode>Helene: Menn du doch etwas freundlicher sein könn-</Unicode>
                </TextEquiv>
            </TextLine>
            <TextLine id="tr_1_tl_3" custom="readingOrder {index:2;}">
                <Coords points="1163,780 1248,797 1330,780 1358,800 1437,782 1480,817 1540,822 1609,775 1692,792 1692,715 1667,712 1612,725 1497,705 1472,727 1435,698 1393,710 1338,693 1300,730 1198,717 1163,735"/>
                <Baseline points="1176,773 1202,771 1228,770 1254,772 1280,773 1306,773 1332,774 1359,776 1385,774 1411,773 1437,773 1463,773 1489,773 1515,773 1542,773 1568,773 1594,773 1620,773 1646,773 1672,774 1699,782"/>
                <TextEquiv>
                    <Unicode>test, Richard.</Unicode>
                </TextEquiv>
            </TextLine>
            <TextLine id="tr_1_tl_4" custom="readingOrder {index:3;}">
                <Coords points="1166,974 1477,987 1699,904 2217,912 2327,952 2810,919 2810,864 2715,835 1166,837"/>
                <Baseline points="1179,901 1260,900 1342,901 1424,901 1506,902 1588,901 1670,901 1751,901 1833,901 1915,901 1997,901 2079,901 2161,901 2243,901 2324,898 2406,899 2488,898 2570,898 2652,898 2734,898 2816,904"/>
                <TextEquiv>
                    <Unicode>Richard: Ioh bin doch nicht unfreundlich.</Unicode>
                </TextEquiv>
            </TextLine>
            <TextLine id="tr_1_tl_5" custom="readingOrder {index:4;}">
                <Coords points="1158,1036 2481,1036 2830,1079 2985,1036 3161,1071 3161,954 2446,989 2277,939 1988,999 1923,942 1704,904 1425,999 1158,964"/>
                <Baseline points="1173,1036 1272,1032 1372,1034 1471,1036 1571,1033 1671,1033 1770,1033 1870,1033 1969,1034 2069,1036 2169,1033 2268,1033 2368,1033 2467,1030 2567,1030 2667,1031 2766,1031 2866,1030 2965,1030 3065,1030 3165,1036"/>
                <TextEquiv>
                    <Unicode>Helene: Dein Gesicht.. Du solltest wenigetene eine</Unicode>
                </TextEquiv>
            </TextLine>
            <TextLine id="tr_1_tl_6" custom="readingOrder {index:5;}">
                <Coords points="1156,1178 1729,1166 1836,1208 2005,1163 2185,1178 2294,1248 2449,1201 2613,1261 2900,1166 3134,1183 3109,1089 2897,1111 2793,1069 2526,1121 2459,1086 2010,1131 1849,1096 1714,1131 1482,1044 1156,1034"/>
                <Baseline points="1170,1164 1268,1161 1367,1161 1465,1159 1564,1161 1662,1164 1761,1162 1859,1164 1958,1163 2056,1164 2155,1161 2254,1161 2352,1161 2451,1161 2549,1161 2648,1161 2746,1161 2845,1160 2943,1161 3042,1161 3141,1167"/>
                <TextEquiv>
                    <Unicode>heiterd miene zeigen kapa zullebe. Er möchte dich</Unicode>
                </TextEquiv>
            </TextLine>
            <TextLine id="tr_1_tl_7" custom="readingOrder {index:6;}">
                <Coords points="1158,1308 2479,1323 2454,1233 1158,1251"/>
                <Baseline points="1173,1302 1238,1298 1304,1296 1369,1296 1435,1296 1500,1293 1566,1299 1631,1299 1697,1296 1762,1296 1828,1298 1894,1296 1959,1296 2025,1296 2090,1296 2156,1294 2221,1296 2287,1294 2352,1296 2418,1295 2484,1299"/>
                <TextEquiv>
                    <Unicode>ja auch so gerne glücklich sehen.</Unicode>
                </TextEquiv>
            </TextLine>
            <TextLine id="tr_1_tl_8" custom="readingOrder {index:7;}">
                <Coords points="1163,1423 2324,1425 2471,1507 2770,1440 3069,1437 3069,1320 2990,1313 2678,1373 2628,1343 1821,1388 1654,1368 1555,1303 1163,1305"/>
                <Baseline points="1176,1418 1275,1421 1375,1422 1475,1424 1575,1426 1675,1424 1775,1421 1875,1422 1975,1421 2075,1424 2175,1422 2275,1421 2375,1421 2475,1421 2575,1421 2675,1421 2775,1422 2875,1421 2975,1418 3075,1418"/>
                <TextEquiv>
                    <Unicode>Richard: Ich bin nicht im entferntesten unglück-</Unicode>
                </TextEquiv>
            </TextLine>
            <TextLine id="tr_1_tl_9" custom="readingOrder {index:8;}">
                <Coords points="1156,1579 1223,1565 1243,1569 1263,1557 1276,1567 1333,1562 1383,1587 1383,1517 1363,1517 1330,1497 1305,1492 1271,1512 1188,1492 1156,1507"/>
                <Baseline points="1170,1558 1197,1556 1224,1555 1251,1555 1279,1554 1306,1552 1333,1556 1360,1559 1388,1561"/>
                <TextEquiv>
                    <Unicode>lich.</Unicode>
                </TextEquiv>
            </TextLine>
            <TextLine id="tr_1_tl_10" custom="readingOrder {index:9;}">
                <Coords points="1151,1724 1400,1724 1515,1687 1971,1714 1971,1550 1946,1542 1811,1532 1634,1582 1497,1562 1418,1599 1338,1560 1246,1587 1151,1560"/>
                <Baseline points="1164,1684 1204,1684 1245,1684 1285,1686 1326,1685 1366,1686 1407,1687 1447,1686 1488,1684 1528,1684 1569,1684 1609,1684 1650,1684 1690,1682 1731,1683 1771,1684 1812,1685 1852,1687 1893,1688 1933,1690 1974,1693"/>
                <TextEquiv>
                    <Unicode>Helens: Unso besser.</Unicode>
                </TextEquiv>
            </TextLine>
            <TextLine id="tr_1_tl_11" custom="readingOrder {index:10;}">
                <Coords points="1153,1819 3149,1839 3117,1726 2788,1779 2568,1779 2511,1739 2407,1784 2172,1692 1674,1702 1500,1749 1153,1714"/>
                <Baseline points="1167,1809 1266,1813 1365,1815 1465,1816 1564,1815 1664,1815 1763,1815 1863,1814 1962,1815 2062,1815 2161,1812 2260,1813 2360,1814 2459,1815 2559,1812 2658,1811 2758,1809 2857,1809 2957,1812 3056,1815 3156,1815"/>
                <TextEquiv>
                    <Unicode>Richard: Nicht böse sein,Helene, Es wird alles gut</Unicode>
                </TextEquiv>
            </TextLine>
            <TextLine id="tr_1_tl_12" custom="readingOrder {index:11;}">
                <Coords points="1153,1971 1704,1953 2038,2015 2115,1973 2197,2003 2526,1953 2870,2023 2970,1998 2970,1898 2882,1881 2205,1903 2028,1841 1856,1906 1153,1898"/>
                <Baseline points="1167,1947 1257,1947 1348,1947 1438,1950 1529,1950 1619,1950 1710,1947 1800,1950 1891,1947 1981,1947 2072,1947 2162,1944 2253,1947 2343,1950 2434,1944 2524,1945 2615,1947 2705,1946 2796,1945 2886,1949 2977,1956"/>
                <TextEquiv>
                    <Unicode>werden. Man hat’'e nicht immer ganz leicht.(er</Unicode>
                </TextEquiv>
            </TextLine>
            <TextLine id="tr_1_tl_13" custom="readingOrder {index:12;}">
                <Coords points="1141,2133 3064,2100 3064,2005 2870,2025 2820,1986 2010,2043 1816,1993 1547,2033 1413,1953 1330,1995 1141,1966"/>
                <Baseline points="1155,2078 1250,2076 1346,2078 1442,2078 1538,2078 1633,2078 1729,2078 1825,2077 1921,2078 2016,2078 2112,2075 2208,2078 2304,2078 2399,2078 2495,2078 2591,2078 2687,2074 2782,2075 2878,2075 2974,2075 3070,2075"/>
                <TextEquiv>
                    <Unicode>kusst Helene zärtlich auf die Stirn) auf Wieder-</Unicode>
                </TextEquiv>
            </TextLine>
            <TextLine id="tr_1_tl_14" custom="readingOrder {index:13;}">
                <Coords points="1148,2260 1248,2227 1380,2279 1584,2252 1679,2292 1739,2252 1911,2262 1908,2142 1839,2165 1784,2123 1502,2120 1303,2165 1146,2133"/>
                <Baseline points="1161,2212 1198,2210 1236,2209 1274,2209 1312,2208 1350,2207 1387,2209 1425,2209 1463,2209 1501,2207 1539,2207 1576,2209 1614,2210 1652,2215 1690,2215 1728,2211 1765,2208 1803,2207 1841,2209 1879,2209 1917,2218"/>
                <TextEquiv>
                    <Unicode>schen! (wiil gehen)</Unicode>
                </TextEquiv>
            </TextLine>
            <TextLine id="tr_1_tl_15" custom="readingOrder {index:14;}">
                <Coords points="1153,2344 1878,2357 1878,2267 1836,2257 1801,2284 1535,2279 1490,2302 1405,2267 1281,2289 1153,2257"/>
                <Baseline points="1167,2338 1202,2340 1238,2341 1274,2342 1310,2345 1346,2347 1382,2347 1417,2345 1453,2343 1489,2341 1525,2341 1561,2339 1597,2338 1633,2338 1668,2338 1704,2338 1740,2338 1776,2336 1812,2336 1848,2339 1884,2344"/>
                <TextEquiv>
                    <Unicode>(Klingel draussen)</Unicode>
                </TextEquiv>
            </TextLine>
            <TextLine id="tr_1_tl_16" custom="readingOrder {index:15;}">
                <Coords points="1126,2496 1485,2521 1659,2476 1824,2506 2085,2471 2267,2531 2374,2501 2374,2397 2250,2384 1928,2372 1634,2424 1126,2392"/>
                <Baseline points="1140,2469 1202,2467 1264,2469 1326,2472 1388,2470 1450,2469 1512,2467 1574,2469 1636,2469 1698,2469 1760,2469 1822,2466 1884,2466 1946,2466 2008,2467 2070,2467 2132,2469 2194,2469 2256,2469 2318,2469 2380,2469"/>
                <TextEquiv>
                    <Unicode>Helene: Das wird Mathilde sein.</Unicode>
                </TextEquiv>
            </TextLine>
            <TextLine id="tr_1_tl_17" custom="readingOrder {index:16;}">
                <Coords points="1129,2666 1380,2666 1582,2608 2152,2646 2152,2536 1956,2509 1711,2519 1657,2563 1540,2516 1470,2546 1129,2529"/>
                <Baseline points="1143,2601 1193,2597 1244,2597 1295,2598 1346,2598 1397,2601 1447,2598 1498,2598 1549,2598 1600,2598 1651,2598 1701,2598 1752,2598 1803,2601 1854,2601 1905,2601 1955,2601 2006,2601 2057,2599 2108,2598 2159,2598"/>
                <TextEquiv>
                    <Unicode>Richard: Ich muss leider</Unicode>
                </TextEquiv>
            </TextLine>
            <TextLine id="tr_1_tl_18" custom="readingOrder {index:17;}">
                <Coords points="1141,2730 1684,2778 1873,2750 1916,2788 2130,2770 2177,2803 2372,2778 2372,2643 2157,2683 1971,2646 1923,2678 1141,2663"/>
                <Baseline points="1155,2726 1216,2724 1277,2726 1338,2726 1399,2727 1460,2727 1521,2729 1582,2730 1643,2729 1704,2728 1766,2726 1827,2726 1888,2729 1949,2731 2010,2732 2071,2729 2132,2729 2193,2729 2254,2727 2315,2731 2377,2738"/>
                <TextEquiv>
                    <Unicode>Mathilde: (tritt ein, Begrüssung)</Unicode>
                </TextEquiv>
            </TextLine>
            <TextLine id="tr_1_tl_19" custom="readingOrder {index:18;}">
                <Coords points="1143,2803 1178,2795 1203,2813 1246,2820 1288,2803 1375,2870 1442,2850 1440,2728 1143,2730"/>
                <Baseline points="1158,2792 1184,2792 1210,2792 1236,2792 1262,2792 1288,2792 1314,2792 1340,2792 1366,2794 1392,2795 1418,2795 1445,2795"/>
                <TextEquiv>
                    <Unicode>Richard</Unicode>
                </TextEquiv>
            </TextLine>
            <TextEquiv>
                <Unicode></Unicode>
            </TextEquiv>
        </TextRegion>
    </Page>
</PcGts>
