3272 3480
637 227 886 381 8. 10.50.
1061 540 2605 705 Karl Bern: Viellicht nicht gar so seit
1091 707 2052 859 (Sie wollen beide gehen)
1096 799 2953 994 Fr. Wentzler: (tritt ein mit einem Brief) Da ist
1078 954 2976 1140 grad ein Brief für das Fräulein Friesel abgege-
1063 1078 2799 1240 ben worden. Mein Mann hat mir ihn gegeben.
1088 1188 3053 1404 tregulein:(zu Bernl Wird mohl im Zusanmenhang ste
1081 1397 1302 1492 hen ?
1093 1469 3068 1681 Barl Bern: Menn man ihr den auf die Dühne schicken
1083 1671 1397 1810 könnte.
1111 1763 2286 1932 Pregulein: Sie wiesen von wem?
1078 1895 2405 2067 Karl Bern: Ich kenne die Schrift.
1108 2032 2321 2211 regnlein: 4s0 der Treulose...
1078 2166 3053 2361 Lerl Bern: Gäbe es kein Mittel sie jetzt noch zu
1093 2323 1621 2478 verständigen?
1081 2423 3088 2614 Dregulein: Wie stellen Sie sich das vorz Sie haben
1088 2570 2744 2739 ein schlechtes Gewissen, nie es scheint...
1083 2654 3038 2878 Karl dern: Men meist nie, ob man das Richtige tut.
1083 2799 2995 3000 Dregulein: Menn man wirklich weiss, was man will.
1088 2926 2981 3130 ist. es nie das ganz Unrichtige. Ee ist doch ein
