2856 3416
2191 360 2350 481 233
1062 500 2525 695 storbenen zu leben, auch menn men sein
695 764 1084 896 Wenn du 14
1148 737 2440 948 gleich gefolgt wärst, der Gedänke
688 873 851 998 märe
873 873 2193 1069 erträglich geworden mit der Zeit.
685 1013 2435 1186 Richard: Es war in diesen letzten Wochen der
673 1145 2490 1330 einzige Ort, an dem ich überhaupt leben konnte.
664 1280 2409 1444 Msthilde: Ich meiss nur, dass ich dich liebe.
662 1413 2409 1591 Nein, bleibe hier und nimm Abschied von hier.
650 1560 1575 1693 Heute erst den rechten.
654 1672 2561 1861 Belbe noch zum letzten Mal mit deiner Roten al-
647 1812 856 1954 lein.
647 1937 2238 2118 Jetzt habe ich keine Angst mehr un dich.
635 2077 1328 2243 Ich erwarke dich.
