3176 3512
2675 297 2824 437 322
1113 386 2821 572 denn nuss es in Leiden sein, in Reue, in Ge-
1100 537 2922 711 fahr und ohne Lohn. Ja, so sehe ich einen Sinn.
1104 690 2938 850 Aber weiterlehen, ohne Buse und vergessen und
1104 812 2849 967 an Ende gar noch selber gl체cklich werden....
1088 931 2867 1125 Mathilde: Ja, das m체sstest du dann schon hin-
1088 1095 1392 1205 nehmen.
1088 1205 2851 1381 Richard: Ach, Mathilde... (er st체tzt den Kopf
1086 1335 1612 1443 in die H채nde)
1070 1459 2151 1594 Mathilde: (sieht ihn nur an)
1091 1607 2707 1731 (Das Theater ist ganz dunkel geworden,die
1065 1726 1840 1914 Strasse ist still).
