3304 3720
2736 427 2881 690 308
1070 692 1816 864 nicht abgeschafft.
1080 839 1742 1006 Löbieini Pardon.
1082 962 2888 1148 Bgron: Und wae die Stimmung anbelangt, -es iet
1080 1102 2876 1266 eine Berufekrankheit der Regiereure sich ein-
1082 1234 2979 1411 zubilden, dass das Publikum in Stimnung ist. Ich
1075 1389 2535 1539 habe eben einige Herren gespröchen-
1085 1507 2706 1671 Lyblein:(acheelzuckend) von der Kritik-
1102 1597 2949 1808 Baron: Man kann über die Kritik denken wie man
1082 1732 2900 1938 mill, Sie können das Fektum nicht aus der Melt
1087 1892 3060 2088 echaften, daes die Herren in die Zeitungen schreif
1087 2064 1264 2203 ben.
1112 2184 2895 2287 (Wieder Glockenzeichen zum Beginn des Aktes)
1102 2319 2837 2500 Lobiein: (will gehen) Ich muse auf die Bühne
1097 2459 1573 2599 Herr Baron.
1112 2559 2954 2743 Baron: Aiso noch einmal: Tempol Tempol Nur des
1097 2704 2844 2876 kann den Abend retten, wenn er geschwind aus
1099 2839 2868 3021 wird. Und die Friegel soll lanter sprechen.
1085 2986 2051 3131 Man versteht kein Nort.
1085 3102 1870 3288 Lobiemitresch abl
1102 3234 2319 3362 Intendant, (will in seine Loge)
