<?xml version="1.0" encoding="UTF-8" standalone="yes"?>
<PcGts xmlns="http://schema.primaresearch.org/PAGE/gts/pagecontent/2013-07-15" xmlns:xsi="http://www.w3.org/2001/XMLSchema-instance" xsi:schemaLocation="http://schema.primaresearch.org/PAGE/gts/pagecontent/2013-07-15 http://schema.primaresearch.org/PAGE/gts/pagecontent/2013-07-15/pagecontent.xsd">
    <Metadata>
        <Creator>prov=READ-COOP:name=PyLaia@TranskribusPlatform:version=2.7.0:model_id=50870:lm=none:date=22_01_2024_18:09</Creator>
        <Created>2023-09-27T14:33:27.981+02:00</Created>
        <LastChange>2024-01-22T18:09:43.399+01:00</LastChange>
        <TranskribusMetadata docId="1589031" pageId="60122887" pageNr="130" tsid="145631384" status="IN_PROGRESS" userId="40391" imgUrl="https://files.transkribus.eu/Get?id=UXGNLPHELKRMBZGCTKQZGQQQ&amp;fileType=view" xmlUrl="https://files.transkribus.eu/Get?id=XFZPKVQBINLFZMOJSSAOEQWX" imageId="48547965"/>
    </Metadata>
    <Page imageFilename="1589031_0130.jpg" imageWidth="3272" imageHeight="3464">
        <ReadingOrder>
            <OrderedGroup id="ro_1711794272961" caption="Regions reading order">
                <RegionRefIndexed index="0" regionRef="tr_1"/>
            </OrderedGroup>
        </ReadingOrder>
        <TextRegion orientation="0.0" id="tr_1" custom="readingOrder {index:0;}">
            <Coords points="1128,436 1128,3187 3096,3187 3096,436"/>
            <TextLine id="tr_1_tl_1" custom="readingOrder {index:0;}">
                <Coords points="2756,525 2787,523 2813,542 2864,523 2888,523 2895,515 2912,518 2912,397 2876,390 2862,402 2850,402 2842,395 2816,397 2801,385 2785,395 2756,390"/>
                <Baseline points="2768,498 2797,498 2827,498 2857,498 2887,498 2917,498"/>
                <TextEquiv>
                    <Unicode>217</Unicode>
                </TextEquiv>
            </TextLine>
            <TextLine id="tr_1_tl_2" custom="readingOrder {index:1;}">
                <Coords points="1137,658 1597,643 1802,684 2563,643 2563,528 1137,535"/>
                <Baseline points="1149,645 1223,645 1298,648 1373,649 1447,648 1522,649 1597,648 1671,648 1746,645 1821,645 1895,645 1970,645 2045,643 2119,642 2194,644 2269,642 2343,639 2418,639 2493,637 2568,642"/>
                <TextEquiv>
                    <Unicode>Matter: Was sucht denn der bef dire</Unicode>
                </TextEquiv>
            </TextLine>
            <TextLine id="tr_1_tl_3" custom="readingOrder {index:2;}">
                <Coords points="1151,790 1722,821 2259,780 2505,824 2570,783 2724,843 2943,788 2946,674 2758,653 2084,696 1602,648 1274,737 1154,718"/>
                <Baseline points="1164,782 1253,782 1342,782 1431,782 1521,785 1610,782 1699,782 1789,779 1878,779 1967,782 2057,779 2146,779 2235,776 2324,776 2414,776 2503,776 2592,770 2682,770 2771,773 2860,770 2950,773"/>
                <TextEquiv>
                    <Unicode>Franzt: Wir müesen die Haupterene,miteinender</Unicode>
                </TextEquiv>
            </TextLine>
            <TextLine id="tr_1_tl_4" custom="readingOrder {index:3;}">
                <Coords points="1142,932 1872,918 2100,954 2638,913 2864,947 2864,821 2467,865 2298,821 2163,865 2076,821 1790,850 1609,802 1448,865 1142,874"/>
                <Baseline points="1155,916 1240,913 1326,913 1412,914 1497,916 1583,916 1669,916 1754,919 1840,916 1926,913 2012,913 2097,910 2183,913 2269,911 2354,910 2440,910 2526,910 2611,907 2697,907 2783,907 2869,904"/>
                <TextEquiv>
                    <Unicode>durchprobieren. „ Uebermorgen ist schon die</Unicode>
                </TextEquiv>
            </TextLine>
            <TextLine id="tr_1_tl_5" custom="readingOrder {index:4;}">
                <Coords points="1137,1057 1301,1089 2893,1060 2893,995 2758,1000 2635,913 2529,954 2255,920 2055,964 1982,927 1667,1002 1539,959 1445,990 1315,918 1137,930"/>
                <Baseline points="1149,1051 1236,1048 1323,1048 1411,1051 1498,1050 1585,1051 1673,1051 1760,1048 1847,1046 1935,1045 2022,1045 2109,1045 2197,1044 2284,1045 2371,1044 2459,1045 2546,1044 2633,1039 2721,1039 2808,1036 2896,1039"/>
                <TextEquiv>
                    <Unicode>Generalprobe. Ju mir den Gefallen, Mutter--</Unicode>
                </TextEquiv>
            </TextLine>
            <TextLine id="tr_1_tl_6" custom="readingOrder {index:5;}">
                <Coords points="1142,1207 1908,1178 2031,1219 2178,1178 2308,1214 2536,1175 2597,1212 2982,1207 2982,1094 2736,1041 2389,1086 2214,1050 1277,1069 1142,1132"/>
                <Baseline points="1155,1182 1246,1179 1338,1177 1429,1182 1521,1184 1612,1178 1704,1178 1795,1176 1887,1176 1978,1175 2070,1176 2162,1173 2253,1178 2345,1177 2436,1174 2528,1173 2619,1173 2711,1170 2802,1173 2894,1170 2986,1173"/>
                <TextEquiv>
                    <Unicode>nochtert du nicht mit Frauleid Milt im Kabinet</Unicode>
                </TextEquiv>
            </TextLine>
            <TextLine id="tr_1_tl_7" custom="readingOrder {index:6;}">
                <Coords points="1144,1322 2165,1354 2315,1320 2385,1359 2980,1318 2953,1238 2830,1274 2715,1238 2671,1281 2271,1190 1929,1219 1674,1185 1465,1267 1144,1265"/>
                <Baseline points="1158,1316 1249,1316 1340,1316 1432,1313 1523,1314 1615,1314 1706,1315 1797,1316 1889,1314 1980,1313 2072,1313 2163,1313 2254,1313 2346,1316 2437,1313 2529,1313 2620,1313 2711,1310 2803,1310 2894,1310 2986,1313"/>
                <TextEquiv>
                    <Unicode>nebenan arbeitenk, während ich fugr mit dem Gre-</Unicode>
                </TextEquiv>
            </TextLine>
            <TextLine id="tr_1_tl_8" custom="readingOrder {index:7;}">
                <Coords points="1139,1467 1209,1479 1262,1452 1375,1450 1402,1465 1426,1452 1457,1477 1481,1457 1638,1452 1640,1339 1460,1320 1359,1397 1175,1385 1139,1404"/>
                <Baseline points="1152,1457 1177,1455 1203,1453 1229,1450 1255,1449 1281,1451 1307,1450 1333,1448 1359,1448 1385,1448 1411,1448 1437,1448 1463,1448 1489,1448 1515,1448 1541,1448 1567,1448 1593,1448 1619,1449 1645,1451"/>
                <TextEquiv>
                    <Unicode>get probier?</Unicode>
                </TextEquiv>
            </TextLine>
            <TextLine id="tr_1_tl_9" custom="readingOrder {index:8;}">
                <Coords points="1137,1583 1474,1578 1549,1611 1590,1580 1888,1609 2033,1585 2033,1448 1929,1489 1891,1452 1137,1462"/>
                <Baseline points="1149,1576 1193,1576 1238,1576 1282,1576 1327,1576 1371,1576 1416,1576 1460,1576 1505,1576 1549,1579 1594,1579 1638,1576 1683,1576 1727,1576 1772,1576 1816,1576 1861,1579 1905,1576 1950,1576 1994,1576 2039,1573"/>
                <TextEquiv>
                    <Unicode>u121: der Herr Gregor?</Unicode>
                </TextEquiv>
            </TextLine>
            <TextLine id="tr_1_tl_10" custom="readingOrder {index:9;}">
                <Coords points="1180,1720 3011,1742 3011,1631 2900,1645 2825,1597 2541,1628 2471,1590 2221,1645 2074,1602 1679,1655 1530,1595 1180,1585"/>
                <Baseline points="1194,1714 1285,1708 1376,1709 1467,1710 1558,1710 1649,1708 1740,1711 1831,1711 1922,1710 2013,1710 2105,1708 2196,1708 2287,1710 2378,1708 2469,1706 2560,1705 2651,1705 2742,1714 2833,1714 2924,1711 3016,1708"/>
                <TextEquiv>
                    <Unicode>ranzt: (erklarend) Wiesen Sie, fraulein Myii, der</Unicode>
                </TextEquiv>
            </TextLine>
            <TextLine id="tr_1_tl_11" custom="readingOrder {index:10;}">
                <Coords points="1132,1852 3025,1869 3025,1742 2717,1722 2262,1790 2072,1758 1838,1797 1664,1751 1132,1787"/>
                <Baseline points="1146,1839 1240,1839 1334,1839 1428,1839 1523,1839 1617,1839 1711,1842 1805,1842 1900,1843 1994,1842 2088,1839 2182,1839 2277,1842 2371,1841 2465,1839 2559,1838 2654,1837 2748,1839 2842,1838 2936,1836 3031,1836"/>
                <TextEquiv>
                    <Unicode>neulich den Majer gespielt hat,wo ich Ihnen die</Unicode>
                </TextEquiv>
            </TextLine>
            <TextLine id="tr_1_tl_12" custom="readingOrder {index:11;}">
                <Coords points="1156,1994 1534,1999 1595,1973 1674,2019 1949,1985 1949,1881 1756,1920 1701,1888 1585,1891 1515,1845 1438,1893 1279,1879 1200,1908 1156,1879"/>
                <Baseline points="1170,1967 1209,1967 1248,1965 1287,1966 1327,1969 1366,1971 1405,1973 1444,1972 1484,1967 1523,1967 1562,1967 1601,1967 1641,1969 1680,1969 1719,1968 1758,1970 1798,1967 1837,1967 1876,1969 1915,1970 1955,1970"/>
                <TextEquiv>
                    <Unicode>Eitze geschenkt hab?</Unicode>
                </TextEquiv>
            </TextLine>
            <TextLine id="tr_1_tl_13" custom="readingOrder {index:12;}">
                <Coords points="1132,2108 3016,2117 3013,2006 2931,2043 2787,1987 2512,2006 2221,1956 1674,2019 1597,1985 1130,1994"/>
                <Baseline points="1146,2102 1239,2105 1333,2105 1427,2099 1521,2101 1615,2099 1708,2099 1802,2099 1896,2099 1990,2099 2084,2102 2177,2102 2271,2102 2365,2102 2459,2102 2553,2102 2646,2102 2740,2102 2834,2105 2928,2104 3022,2111"/>
                <TextEquiv>
                    <Unicode>U121: Ich werd' doch wieren, wer der breger let.</Unicode>
                </TextEquiv>
            </TextLine>
            <TextLine id="tr_1_tl_14" custom="readingOrder {index:13;}">
                <Coords points="1130,2231 2271,2235 2361,2274 2561,2240 2683,2298 2975,2271 2975,2129 2912,2110 2753,2149 2630,2108 2462,2146 2329,2100 2288,2139 2197,2103 1915,2144 1698,2110 1130,2170"/>
                <Baseline points="1143,2230 1234,2227 1326,2230 1418,2230 1510,2230 1602,2232 1694,2231 1785,2231 1877,2232 1969,2232 2061,2230 2153,2233 2245,2233 2337,2228 2428,2230 2520,2230 2612,2233 2704,2233 2796,2233 2888,2233 2980,2233"/>
                <TextEquiv>
                    <Unicode>Franzt i(den Fiech abdeckend) Nicht mehr. Mutter</Unicode>
                </TextEquiv>
            </TextLine>
            <TextLine id="tr_1_tl_15" custom="readingOrder {index:14;}">
                <Coords points="1127,2363 1293,2406 1489,2363 1698,2404 2804,2370 2907,2409 2905,2305 2288,2250 2105,2293 1790,2267 1599,2312 1508,2279 1445,2315 1354,2279 1125,2308"/>
                <Baseline points="1140,2362 1228,2362 1317,2365 1405,2362 1494,2365 1582,2362 1671,2365 1759,2368 1848,2368 1936,2368 2025,2365 2114,2365 2202,2364 2291,2367 2379,2368 2468,2367 2556,2365 2645,2367 2733,2367 2822,2366 2911,2371"/>
                <TextEquiv>
                    <Unicode>und das veschirr, das nimmet du gleich mit in</Unicode>
                </TextEquiv>
            </TextLine>
            <TextLine id="tr_1_tl_16" custom="readingOrder {index:15;}">
                <Coords points="1132,2536 1243,2522 1267,2505 1392,2515 1448,2495 1544,2500 1544,2394 1525,2387 1503,2397 1450,2373 1402,2387 1359,2375 1303,2404 1257,2382 1166,2411 1132,2406"/>
                <Baseline points="1146,2493 1171,2493 1196,2493 1221,2491 1246,2491 1271,2492 1297,2492 1322,2490 1347,2490 1372,2490 1397,2490 1423,2491 1448,2492 1473,2493 1498,2493 1523,2497 1549,2502"/>
                <TextEquiv>
                    <Unicode>ste xuche.</Unicode>
                </TextEquiv>
            </TextLine>
            <TextLine id="tr_1_tl_17" custom="readingOrder {index:16;}">
                <Coords points="1120,2628 1416,2628 1578,2695 2088,2679 2221,2630 2476,2674 2611,2638 2739,2686 2907,2645 2893,2498 2414,2541 2351,2493 1903,2536 1395,2498 1120,2544"/>
                <Baseline points="1134,2624 1223,2621 1312,2624 1401,2624 1490,2624 1579,2624 1668,2624 1757,2627 1846,2630 1935,2624 2024,2627 2113,2627 2202,2627 2291,2627 2380,2627 2469,2627 2558,2627 2647,2627 2736,2627 2825,2629 2914,2636"/>
                <TextEquiv>
                    <Unicode>uatter-Iubellannig! Was das gleich fur einen</Unicode>
                </TextEquiv>
            </TextLine>
            <TextLine id="tr_1_tl_18" custom="readingOrder {index:17;}">
                <Coords points="1171,2777 1674,2794 1766,2758 2047,2816 2199,2763 2729,2830 3090,2792 3090,2700 2890,2710 2811,2659 2529,2695 2467,2666 2356,2715 2132,2659 1840,2710 1477,2664 1171,2683"/>
                <Baseline points="1185,2756 1280,2753 1376,2753 1471,2753 1567,2753 1662,2753 1758,2753 1853,2753 1949,2756 2044,2753 2140,2756 2236,2756 2331,2759 2427,2758 2522,2756 2618,2759 2713,2759 2809,2759 2904,2759 3000,2756 3096,2756"/>
                <TextEquiv>
                    <Unicode>rbel macht, wenn du einmal zu einer Kolle kommet.</Unicode>
                </TextEquiv>
            </TextLine>
            <TextLine id="tr_1_tl_19" custom="readingOrder {index:18;}">
                <Coords points="1132,2890 2279,2895 2279,2809 2105,2842 1978,2789 1845,2821 1754,2775 1132,2775"/>
                <Baseline points="1146,2887 1202,2884 1259,2882 1316,2883 1373,2884 1430,2884 1487,2884 1544,2881 1601,2887 1658,2884 1715,2884 1771,2887 1828,2884 1885,2884 1942,2884 1999,2884 2056,2887 2113,2887 2170,2887 2227,2891 2284,2899"/>
                <TextEquiv>
                    <Unicode>trechte mit dem Geschirr ab)</Unicode>
                </TextEquiv>
            </TextLine>
            <TextLine id="tr_1_tl_20" custom="readingOrder {index:19;}">
                <Coords points="1115,3018 2300,3054 2426,3018 2698,3093 2821,3047 3047,3059 3047,2960 2910,2917 1115,2958"/>
                <Baseline points="1128,3016 1224,3016 1320,3019 1416,3019 1513,3021 1609,3017 1705,3016 1802,3016 1898,3019 1994,3016 2091,3019 2187,3018 2283,3019 2379,3016 2476,3019 2572,3020 2668,3019 2765,3021 2861,3022 2957,3022 3054,3025"/>
                <TextEquiv>
                    <Unicode>Mit: je, da werden sich die Frau Egneniret schen</Unicode>
                </TextEquiv>
            </TextLine>
            <TextLine id="tr_1_tl_21" custom="readingOrder {index:20;}">
                <Coords points="1130,3237 1262,3206 1460,3254 1720,3220 2165,3254 2495,3204 2548,3158 2927,3170 2975,3155 2975,3066 2481,3095 2180,3021 2110,3059 2055,3018 1876,3083 1127,3088"/>
                <Baseline points="1140,3147 1232,3147 1324,3147 1416,3150 1508,3147 1600,3146 1692,3147 1784,3147 1876,3147 1968,3147 2060,3145 2152,3147 2244,3147 2336,3147 2428,3150 2520,3153 2612,3153 2704,3153 2796,3153 2888,3153 2980,3156"/>
                <TextEquiv>
                    <Unicode>dran genohnen miesen. Und der nächete Uel wird</Unicode>
                </TextEquiv>
            </TextLine>
            <TextEquiv>
                <Unicode></Unicode>
            </TextEquiv>
        </TextRegion>
    </Page>
</PcGts>
