3240 3496
2731 346 2876 472 272
1100 477 1955 668 Gregor: (verschwindet!
1095 617 2783 808 Pregulein: Also seid Ihr so weit... Hat er
2395 715 2923 892 ds hab brgel -
2385 793 2601 914 sio
1091 764 2233 931 etwas von sich hören lasren?
1095 901 2274 1086 Franzi: Was geht mich das an-
1518 992 1862 1078 Mach dir
1108 1014 2901 1211 regulein,tch Richte draus. Jetzt
1098 1113 2928 1346 kennet du haben nen da miliet. Aile sind mir)
1091 1255 2970 1459 Schufte, se hat nur nicht jeder die Gelegenheit.
1120 1420 2788 1555 (Jetzt werden die roten Rosen gebracht mit
1105 1565 2149 1744 einem Briefl // h. er
1110 1707 2046 1879 Froguleini Aleo doch...
1142 1805 2803 2012 Franzli Sie irren sich, Sie sind von einem
1110 1921 2994 2132 andern, von einem gröeseren Schuften,((sie liest
2095 2063 2957 2225 de Vetite Iaus
1103 2105 2100 2265 seinen drief, nicht lautl
2299 2164 2739 2297 ua sat
1113 2225 2390 2410 4. Dern konnt, Franzl, dregnlein.
1118 2329 2925 2532 Berni (eiso hier sind ie nocht(ich will Ihnen
2628 2459 2935 2628 Sie mich¬
1110 2464 2611 2667 nur gratulieren. Sie sind wunderber.
1123 2609 2734 2795 Franzl: Aber jetzt konnt das Schnerzte.-
1120 2729 2611 2911 Dern: Der wird ganz von selber gehen.
1118 2859 3095 3043 verderobidresskonntl Fraudetn krenet,Ihr Auftritt
1091 3019 2132 3200 (Mingelzelchen von untenl
