3160 3592
1094 544 2275 739 Methilde: Wie kann man an sei
2320 547 2589 730 en eige
1098 701 1945 861 zeitstag so sprechen?
1098 863 2618 1006 Antoinette, (Man muse sich seine Objekti
1094 946 2589 1182 bemahren wisrenf (lick zu Pr. Biderhe
1082 1101 1617 1241 seine Letzte.
1082 1208 2534 1412 Wethilde: Dett han spricht so viel...
1089 1355 2967 1541 Antoinette: Musrt mich nicht beruhigen. Vergen-
1945 1462 2147 1555 zuka
1087 1505 3000 1667 genes ist vergangen. Aber wir haben uns auch für
1089 1626 2908 1805 die Zukunft volle Freiheit zugestanden. Zu zud
1079 1712 1407 1802 dini
1082 1759 2770 1916 Mathilde: Ich kann dich gar nicht enhören.
1087 1885 2886 2054 lndnig:(zum Buffetl Dak gehts sa hoch her, bin
1082 2028 1536 2178 auch dabei.
1082 2142 2670 2332 (Diener reicht ihm ein Glas Champarner)
1070 2301 2920 2482 Lndnig:(anstaeaende Karl dern zutrinkend) auf
1063 2411 2026 2591 Ihre Préniöre Meister!
1072 2558 2901 2751 Gradel:(neben ihn 1 Er ist kein Meister:ferel
1056 2656 2824 2834 Ludnig: Ee tut mir ehrlten Zeid, dase ich bei
1816 2777 2109 2860 anner
1048 2798 2872 2969 Ihrer Prentére nicht dabei sein kann. Hoffent-
1041 2929 2931 3131 lich habe ich bei meiner Rückkehr Gelegenheit-
