<?xml version="1.0" encoding="UTF-8" standalone="yes"?>
<PcGts xmlns="http://schema.primaresearch.org/PAGE/gts/pagecontent/2013-07-15" xmlns:xsi="http://www.w3.org/2001/XMLSchema-instance" xsi:schemaLocation="http://schema.primaresearch.org/PAGE/gts/pagecontent/2013-07-15 http://schema.primaresearch.org/PAGE/gts/pagecontent/2013-07-15/pagecontent.xsd">
    <Metadata>
        <Creator>prov=READ-COOP:name=PyLaia@TranskribusPlatform:version=2.7.0:model_id=50870:lm=none:date=22_01_2024_18:09</Creator>
        <Created>2023-09-27T14:33:27.687+02:00</Created>
        <LastChange>2024-01-22T18:09:42.803+01:00</LastChange>
        <TranskribusMetadata docId="1589031" pageId="60122875" pageNr="127" tsid="145631381" status="IN_PROGRESS" userId="40391" imgUrl="https://files.transkribus.eu/Get?id=RCDIPBATSDCXVSCRHIYUASHT&amp;fileType=view" xmlUrl="https://files.transkribus.eu/Get?id=KQVHXKVQXPQLFWTAAIHTNYVV" imageId="48547953"/>
    </Metadata>
    <Page imageFilename="1589031_0127.jpg" imageWidth="3272" imageHeight="3496">
        <ReadingOrder>
            <OrderedGroup id="ro_1711794268027" caption="Regions reading order">
                <RegionRefIndexed index="0" regionRef="tr_1"/>
            </OrderedGroup>
        </ReadingOrder>
        <TextRegion orientation="0.0" id="tr_1" custom="readingOrder {index:0;}">
            <Coords points="1068,426 1068,3168 2991,3168 2991,426"/>
            <TextLine id="tr_1_tl_1" custom="readingOrder {index:0;}">
                <Coords points="2672,507 2729,507 2764,528 2795,507 2835,504 2835,386 2790,398 2771,393 2764,401 2724,396 2705,412 2672,415"/>
                <Baseline points="2686,492 2711,490 2737,489 2762,489 2788,489 2813,489 2839,492"/>
                <TextEquiv>
                    <Unicode>224</Unicode>
                </TextEquiv>
            </TextLine>
            <TextLine id="tr_1_tl_2" custom="readingOrder {index:1;}">
                <Coords points="1110,690 1482,643 1687,693 2092,641 2623,714 2898,690 2898,509 2851,502 2677,584 2161,495 2064,554 1110,540"/>
                <Baseline points="1122,629 1215,629 1309,629 1402,629 1496,632 1590,632 1683,632 1777,633 1871,630 1964,635 2058,629 2151,626 2245,632 2339,635 2432,634 2526,635 2620,635 2713,635 2807,637 2901,641"/>
                <TextEquiv>
                    <Unicode>Matter: Ein feiner Herr --/klingek dreneren!</Unicode>
                </TextEquiv>
            </TextLine>
            <TextLine id="tr_1_tl_3" custom="readingOrder {index:2;}">
                <Coords points="1117,808 1671,834 2957,792 2955,686 2573,726 2326,669 1682,697 1484,648 1115,693"/>
                <Baseline points="1128,761 1219,761 1311,761 1403,762 1495,763 1587,761 1678,763 1770,761 1862,761 1954,764 2046,764 2137,764 2229,764 2321,761 2413,764 2505,766 2596,767 2688,770 2780,767 2872,770 2964,770"/>
                <TextEquiv>
                    <Unicode>Matter ab.konnt bald wieder mit Briefen, laeet</Unicode>
                </TextEquiv>
            </TextLine>
            <TextLine id="tr_1_tl_4" custom="readingOrder {index:3;}">
                <Coords points="1105,921 2224,910 2224,841 2074,801 1105,827"/>
                <Baseline points="1119,889 1174,892 1230,892 1285,892 1341,895 1396,893 1452,894 1507,892 1563,895 1618,895 1674,895 1730,897 1785,901 1841,898 1896,901 1952,901 2007,901 2063,901 2118,901 2174,901 2230,898"/>
                <TextEquiv>
                    <Unicode>ste durch die Hande gleiten)</Unicode>
                </TextEquiv>
            </TextLine>
            <TextLine id="tr_1_tl_5" custom="readingOrder {index:4;}">
                <Coords points="1112,1032 1416,1027 1678,1079 1843,1034 2092,1074 2941,1046 2941,975 2797,935 2615,990 2271,917 2132,961 1112,943"/>
                <Baseline points="1125,1021 1216,1021 1307,1024 1398,1024 1489,1024 1580,1024 1671,1027 1762,1025 1853,1028 1944,1032 2035,1029 2126,1030 2217,1032 2308,1031 2399,1032 2490,1032 2581,1032 2672,1032 2763,1034 2854,1034 2946,1032"/>
                <TextEquiv>
                    <Unicode>Matter: Balleinladung, da liegen noch seche, je-</Unicode>
                </TextEquiv>
            </TextLine>
            <TextLine id="tr_1_tl_6" custom="readingOrder {index:5;}">
                <Coords points="1103,1159 1435,1213 1527,1164 1793,1162 1906,1202 2048,1176 2182,1235 2592,1185 2898,1221 2896,1053 1100,1089"/>
                <Baseline points="1116,1152 1205,1152 1294,1152 1384,1155 1473,1155 1563,1155 1652,1155 1741,1158 1831,1158 1920,1158 2010,1161 2099,1161 2188,1164 2278,1161 2367,1164 2457,1164 2546,1164 2635,1164 2725,1170 2814,1167 2904,1164"/>
                <TextEquiv>
                    <Unicode>den Abend konnt sie auf einen Fall gehen. Sie</Unicode>
                </TextEquiv>
            </TextLine>
            <TextLine id="tr_1_tl_7" custom="readingOrder {index:6;}">
                <Coords points="1103,1331 1369,1294 1671,1352 1795,1308 2043,1308 2043,1188 1103,1204"/>
                <Baseline points="1116,1292 1162,1292 1209,1286 1255,1286 1302,1286 1349,1286 1395,1286 1442,1286 1488,1286 1535,1287 1582,1289 1628,1290 1675,1291 1721,1289 1768,1289 1815,1289 1861,1291 1908,1292 1954,1292 2001,1292 2048,1295"/>
                <TextEquiv>
                    <Unicode>geht aber nirgende hin.</Unicode>
                </TextEquiv>
            </TextLine>
            <TextLine id="tr_1_tl_8" custom="readingOrder {index:7;}">
                <Coords points="1105,1456 1402,1484 2092,1430 2394,1487 2542,1437 2813,1468 2976,1440 2974,1317 2733,1348 2549,1308 2432,1357 1927,1303 1642,1355 1397,1298 1289,1348 1103,1334"/>
                <Baseline points="1116,1400 1209,1415 1302,1415 1395,1413 1489,1416 1582,1418 1675,1417 1769,1420 1862,1421 1955,1421 2049,1424 2142,1421 2235,1424 2328,1424 2422,1427 2515,1427 2608,1427 2702,1427 2795,1428 2888,1430 2982,1433"/>
                <TextEquiv>
                    <Unicode>4111: Sched - ich mocht ihr ein so schönee Fall</Unicode>
                </TextEquiv>
            </TextLine>
            <TextLine id="tr_1_tl_9" custom="readingOrder {index:8;}">
                <Coords points="1100,1581 1265,1555 1350,1600 1480,1555 1765,1605 1859,1565 1986,1598 2276,1562 2641,1605 2971,1572 2969,1487 2863,1473 2745,1510 2436,1468 1758,1503 1623,1447 1098,1473"/>
                <Baseline points="1113,1543 1206,1543 1299,1546 1392,1546 1485,1549 1578,1550 1671,1551 1765,1551 1858,1552 1951,1554 2044,1555 2137,1555 2230,1558 2323,1558 2417,1558 2510,1558 2603,1559 2696,1561 2789,1561 2882,1561 2976,1558"/>
                <TextEquiv>
                    <Unicode>kleid machen, -nur ein biel herrichten dae Puil-</Unicode>
                </TextEquiv>
            </TextLine>
            <TextLine id="tr_1_tl_10" custom="readingOrder {index:9;}">
                <Coords points="1098,1718 1341,1685 2974,1737 2971,1581 2931,1567 2778,1607 2385,1576 2326,1612 2210,1567 1819,1609 1711,1574 1096,1583"/>
                <Baseline points="1110,1674 1203,1677 1296,1677 1390,1677 1483,1679 1577,1683 1670,1686 1764,1684 1857,1688 1951,1689 2044,1689 2137,1689 2231,1692 2324,1694 2418,1690 2511,1692 2605,1693 2698,1696 2792,1700 2885,1698 2979,1689"/>
                <TextEquiv>
                    <Unicode>kleld von vorigen Jehr, dee sie zu den Vortrage-</Unicode>
                </TextEquiv>
            </TextLine>
            <TextLine id="tr_1_tl_11" custom="readingOrder {index:10;}">
                <Coords points="1096,1843 2125,1828 2653,1890 2707,1857 2747,1894 2985,1838 2983,1758 2620,1758 2538,1798 2469,1758 2177,1772 2092,1701 1767,1732 1324,1687 1093,1725"/>
                <Baseline points="1107,1806 1201,1809 1295,1809 1389,1810 1483,1810 1578,1812 1672,1815 1766,1817 1860,1818 1954,1821 2049,1824 2143,1821 2237,1826 2331,1824 2425,1827 2520,1830 2614,1830 2708,1833 2802,1833 2896,1833 2991,1833"/>
                <TextEquiv>
                    <Unicode>abend z den patzen“ getragen hat. Ich geren</Unicode>
                </TextEquiv>
            </TextLine>
            <TextLine id="tr_1_tl_12" custom="readingOrder {index:11;}">
                <Coords points="1098,1965 2974,1993 2950,1878 2665,1897 2592,1854 2099,1836 1956,1876 1777,1824 1098,1847"/>
                <Baseline points="1110,1937 1203,1940 1296,1940 1390,1943 1483,1944 1577,1946 1670,1944 1764,1946 1857,1951 1951,1951 2044,1952 2137,1955 2231,1952 2324,1952 2418,1955 2511,1955 2605,1958 2698,1959 2792,1962 2885,1964 2979,1964"/>
                <TextEquiv>
                    <Unicode>tter Ihnen, Frau Fynanzrat, -eie kam ale Verlobte</Unicode>
                </TextEquiv>
            </TextLine>
            <TextLine id="tr_1_tl_13" custom="readingOrder {index:12;}">
                <Coords points="1082,2102 2813,2128 2811,1975 2342,2008 2205,1967 2130,2012 1475,1956 1374,2000 1082,1979"/>
                <Baseline points="1095,2074 1181,2074 1267,2074 1353,2074 1439,2076 1525,2076 1611,2082 1698,2083 1784,2084 1870,2086 1956,2089 2042,2089 2128,2089 2214,2089 2301,2092 2387,2095 2473,2094 2559,2095 2645,2098 2731,2099 2818,2095"/>
                <TextEquiv>
                    <Unicode>nechngue - menn siele nicht an End schon in</Unicode>
                </TextEquiv>
            </TextLine>
            <TextLine id="tr_1_tl_14" custom="readingOrder {index:13;}">
                <Coords points="1082,2231 1152,2220 1209,2241 1287,2217 1376,2248 1447,2220 1612,2248 1633,2241 1628,2109 1572,2130 1496,2099 1449,2118 1393,2102 1343,2128 1077,2106"/>
                <Baseline points="1095,2203 1122,2203 1149,2204 1176,2205 1203,2207 1231,2209 1258,2211 1285,2211 1312,2209 1339,2210 1367,2212 1394,2212 1421,2213 1448,2215 1475,2215 1503,2215 1530,2215 1557,2216 1584,2218 1611,2220 1639,2218"/>
                <TextEquiv>
                    <Unicode>Scheinen iet.</Unicode>
                </TextEquiv>
            </TextLine>
            <TextLine id="tr_1_tl_15" custom="readingOrder {index:14;}">
                <Coords points="1056,2389 2309,2356 2889,2410 2884,2229 1979,2264 1053,2236"/>
                <Baseline points="1068,2334 1159,2337 1250,2337 1341,2340 1432,2343 1524,2343 1615,2346 1706,2346 1797,2349 1888,2353 1980,2355 2071,2355 2162,2355 2253,2356 2344,2358 2436,2360 2527,2361 2618,2366 2709,2367 2800,2369 2892,2370"/>
                <TextEquiv>
                    <Unicode>Uutter: Verlobt oder sonetner - wer meise man</Unicode>
                </TextEquiv>
            </TextLine>
            <TextLine id="tr_1_tl_16" custom="readingOrder {index:15;}">
                <Coords points="1082,2493 1277,2524 1338,2476 1817,2521 2394,2495 2599,2531 2639,2507 2637,2410 2519,2368 1817,2392 1711,2349 1557,2396 1079,2387"/>
                <Baseline points="1095,2466 1172,2469 1250,2472 1327,2474 1405,2474 1482,2477 1560,2475 1637,2477 1715,2477 1792,2483 1870,2483 1947,2486 2025,2486 2102,2489 2180,2489 2257,2489 2335,2492 2412,2494 2490,2492 2567,2498 2645,2501"/>
                <TextEquiv>
                    <Unicode>von so einen Uadell - gar niz weise nen.</Unicode>
                </TextEquiv>
            </TextLine>
            <TextLine id="tr_1_tl_17" custom="readingOrder {index:16;}">
                <Coords points="1091,2615 2924,2648 2922,2524 2811,2491 2512,2568 2262,2568 2097,2493 1951,2542 1880,2505 1089,2488"/>
                <Baseline points="1104,2600 1195,2600 1286,2600 1378,2606 1469,2604 1560,2609 1652,2612 1743,2615 1834,2615 1926,2616 2017,2621 2108,2621 2200,2624 2291,2624 2382,2627 2474,2627 2565,2630 2656,2633 2748,2636 2839,2637 2931,2645"/>
                <TextEquiv>
                    <Unicode>lbrangsen mnerrt der Schluerel. Gleich darauf</Unicode>
                </TextEquiv>
            </TextLine>
            <TextLine id="tr_1_tl_18" custom="readingOrder {index:17;}">
                <Coords points="1084,2790 2366,2787 2559,2844 2773,2795 2773,2703 2373,2667 2323,2705 1984,2707 1909,2670 1798,2700 1456,2646 1082,2672"/>
                <Baseline points="1098,2731 1182,2734 1266,2734 1350,2739 1434,2740 1518,2740 1602,2743 1686,2746 1770,2746 1854,2748 1938,2748 2022,2749 2106,2752 2190,2753 2274,2755 2358,2755 2442,2755 2526,2761 2610,2766 2694,2769 2779,2776"/>
                <TextEquiv>
                    <Unicode>konnt Frauzl herein in erhobener Stimmngl</Unicode>
                </TextEquiv>
            </TextLine>
            <TextLine id="tr_1_tl_19" custom="readingOrder {index:18;}">
                <Coords points="1070,2901 1489,2917 1557,2872 2860,2934 2934,2922 2934,2851 2785,2818 2340,2844 2182,2783 1878,2825 1779,2780 1067,2795"/>
                <Baseline points="1083,2860 1175,2860 1268,2866 1361,2867 1454,2869 1547,2872 1640,2873 1732,2875 1825,2879 1918,2880 2011,2882 2104,2884 2197,2883 2290,2886 2382,2886 2475,2886 2568,2892 2661,2893 2754,2895 2847,2895 2940,2895"/>
                <TextEquiv>
                    <Unicode>Franzt: Onten Tag. Uutter, vielmehr guten Abend-</Unicode>
                </TextEquiv>
            </TextLine>
            <TextLine id="tr_1_tl_20" custom="readingOrder {index:19;}">
                <Coords points="1082,3056 1246,3032 1501,3080 1633,3037 1718,3106 1937,3089 2104,3148 2238,3091 2813,3131 2945,3106 2941,2962 2045,2964 1720,2889 1077,2898"/>
                <Baseline points="1092,2994 1184,2994 1277,2994 1370,3000 1463,2999 1556,3003 1649,3003 1741,3006 1834,3007 1927,3012 2020,3014 2113,3015 2206,3021 2299,3021 2391,3021 2484,3024 2577,3024 2670,3027 2763,3030 2856,3033 2949,3036"/>
                <TextEquiv>
                    <Unicode>warrt els Muchtiel baten Abend, Praaleta wilt.</Unicode>
                </TextEquiv>
            </TextLine>
            <TextLine id="tr_1_tl_21" custom="readingOrder {index:20;}">
                <Coords points="1082,3235 1581,3230 1661,3202 1659,3047 1553,3044 1503,3080 1404,3044 1331,3061 1284,3032 1079,3061"/>
                <Baseline points="1092,3125 1120,3127 1149,3129 1177,3131 1206,3129 1235,3128 1263,3128 1292,3129 1321,3131 1349,3129 1378,3129 1407,3131 1435,3131 1464,3131 1493,3131 1521,3133 1550,3134 1579,3134 1607,3134 1636,3135 1665,3137"/>
                <TextEquiv>
                    <Unicode>logt reroh abl</Unicode>
                </TextEquiv>
            </TextLine>
            <TextEquiv>
                <Unicode></Unicode>
            </TextEquiv>
        </TextRegion>
    </Page>
</PcGts>
