3320 3672
2735 485 2901 608 280
996 587 1394 712 tritt ein)
991 684 2919 878 Erteke: (gus der Loge auf gen Gang, zu Richard und
988 820 2988 1055 den apdernt dlso. Kinder, ich habe im Notel Inperial
983 963 1854 1139 sinen Tisch bestelltt.
983 1098 1438 1223 Arggulatnx
981 1187 1719 1343 Helene: Kondolenz?
978 1323 3011 1494 Dregulein: Sie hatte ja die Hauptrolie)epielen sol-
970 1443 2904 1647 len. Wenn eie geahnt hätte, dass die Kleine einen
963 1578 2086 1721 solchen Erfolg haben wird...
947 1711 2316 1882 Helene; Finden Sie? dyd das Stückt
968 1846 2873 2002 trdgulein: Da kann man noch nichts ragen. Wir wo
953 1974 2955 2189 den hoffen. (klopft an die Fogentür II, Ofrnet, trit
960 2117 1193 2206 ein.)
945 2214 2015 2357 (Ein Klingelzeichen ertönt)
930 2370 2853 2526 Helene:(zu Hichard und Mathilde,weist auf Fricke
950 2521 3006 2687 ind Fr. Veith)Sie sehen zu Ruch her, so lachelt doch,
937 2628 2858 2807 verderbt ihnen die Freude nicht, seid vernünftig.
970 2727 2337 2899 tPricke und Fr. Veith treten herauel
983 2901 2914 3062 Fricke: Kinder, ich habe einen Fiech im Imperiel
1011 3031 2796 3197 bertellt. Wir treften uns udten beim Auegang
907 3116 1233 3302 rochte.
