3176 3528
1045 481 1996 672 Gregor: (aus den Thester!
1031 662 1879 777 Ein Ruf: Hoch Gregorl
1040 759 1966 895 (Man verweist zur Ruhe)
1055 911 2809 1123 regor: (zu Dregulein, zieht ihn zur Seitel 1s.
1040 1090 1578 1196 es zu fassen?
1040 1210 1954 1351 Dregulein: Armes Mädel!
1033 1341 2795 1499 Gregor: Es hätte alles anders werden können.
1043 1461 2628 1637 Dregulein: Bildest du dir wahrscheinlich
1038 1614 1571 1717 auch nur ein.
1031 1686 2006 1823 Roveda: (aus dem Theater)
1050 1881 2027 1959 inige Rufe: Hoch Rovedal
1043 2003 2762 2175 Einige Autographensanmler: lreichen ihr Kart.
1026 2126 1250 2217 chen)
1029 2201 2795 2426 Roreda:(mehrt abl lasst Kinder, das ist heate
1031 2410 2269 2567 wohl nicht der richtige Momentl
1017 2523 2062 2633 Junge Mädchen:(umgeben sie
1231 2532 2346 2701 Was macht er denn dort oben?
1017 2678 2903 2833 Helene:(zu Karl)Wolen Sie ihn zurück, ich bitte
1017 2783 1196 2889 Siel
1017 2856 2708 3011 Karl Bern: (nach kurzem Lögern hinauf und de
1022 3051 1743 3145 die Fühnentüre ab)
