3160 3576
980 522 2767 725 Cari Bern: Ich bin kein Meister und die Haupt
953 686 1958 876 rolle sptelt Frau Roreda.
955 842 1361 1002 Ratre: ont
1198 950 1700 1121 Bern: (811ck)
953 975 1161 1109 Karl
968 1040 2807 1255 Gradel: Gefährlich die Rovedebie pflegt schon
2037 1156 2539 1250 nit inuetue
968 1200 2958 1413 zum Frühstück einen Nator zu verzehren, nenigetens
960 1351 1658 1510 wenn er jung ist.
983 1577 2933 1780 Frau Veith mit ihrer Tochter Mathilde von zmeiten
965 1747 2727 1903 Zimner in den Salon. Siden tritt auf sie zu.
978 1856 2930 2062 sidon: Sie wolten doch noch nicht gehen meine Da-
980 2034 1158 2146 men?
995 2128 2552 2314 Pr. Feith: Wir sind beinahe die Letzten.
985 2220 2831 2445 Msthilde ist meitergegangen, Frau Veith bleibt
995 2426 1294 2567 stehen)
1000 2500 2916 2693 idon: Nast lange niekt. Sie sehen, meine Rochter
980 2624 2906 2849 tenzt noch sie ist doch die Fraut.(karum schüt-
985 2767 2326 2958 tein Sie den Kopf,gnädige Frauz
992 2878 2955 3091 Fr. Veith: Diese Steps und Stops, die würde ich mir
1973 2997 2171 3094 Tochtet
992 2995 2722 3210 bei der Nochzeit meiner Hecktett verbieten.
