2824 3400
2198 239 2351 432 230
619 418 2444 664 denheit, vielleicht an Grauen vor sich selbst.
621 597 1340 698 Das reicht ja aus.
614 669 2453 941 Mathilde: Wenn du es gleich getan hättest, dann
604 862 1725 996 würde ich es noch begreifen.
592 941 2389 1168 Richard: Du meinst, ich wäre ihr nachgefolgt-
595 1116 2257 1302 du meinst, der Sinn von dergleichen wäre-
595 1254 2348 1443 Wiederfinden wollen,was man selbst verliess?
578 1395 2491 1581 Nein, das alles ist es nicht. Eine Schuld sühnen?
580 1514 2410 1720 Was fällt Euch ein! Man könnte. ja weiterleben,
573 1663 2491 1804 wenn man nicht immer mit sich selber weiterleben
561 1761 2456 1952 müsste. Ich erträge mich selber nicht. In ihrem
557 1923 2334 2085 Tode hat sich mir erwiesen, wer ich bin. Auch
554 2040 2367 2224 wenn sie wiederkäme durch irgend ein Wunder-
554 2188 2353 2358 wäre ich mir selber darum mehr wert? Was ich
549 2310 1202 2425 an ihr getan --
547 2434 1995 2609 Mathilde:(raschl - verdient den Todr
545 2554 2425 2749 Richard:Ich war unentschlossen,mutios, eitel. Mit
533 2680 2241 2871 welchen Recht hab ich alles voy ihr wollen?
533 2833 2370 3029 Nicht nur die Gegennert, auch Vergengenheit und
