3288 3624
2675 385 2922 584 267 a.
1058 474 1877 676 Richard: Mein Brief?
1058 597 3103 854 Karl Dern: Merken Sie nicht, wie sie gelöst ist? Man
1028 755 3083 984 könnte geredezu sagen befreit. Ja, wie eine Befreite
1020 857 1476 1012 spielt sie.
1023 1007 2471 1224 Richard: Befreit von mir, denken Siez
1007 1122 3012 1382 Karl Bern: Sie sollen das nichtspersönlich nehmen.
997 1257 3001 1489 Das Wesentliche scheint mir, dass ein Druck von Ihr
997 1400 2958 1622 genommen ist. Sie ist ja eine ganz Andere. Es ist
982 1525 2989 1742 interessant so etwas einmal zu erleben. Jetzt erst
974 1657 2897 1900 wird sie werden, was sie ist. Wäres es praktisch
954 1795 2851 2012 möglich, so würde ich ihr noch jetzt ein anderes
949 1920 2861 2170 Schlusswart geben - ein siechaftes grösseres...
987 2073 2504 2277 uf Wiedersehen! Es hat schon begonnen.
