3304 3496
1358 468 1522 585 gut.
1349 618 2076 783 Diener: (zum Barinl
1358 735 3018 917 Baron: Nun, hat sich Frau Roveda zum Tele-
1345 891 1790 1012 fon bemüht?
1349 1016 2498 1165 ener: Jawohl, Herr Direktor.
1336 1156 2510 1313 Baron: Wae hat sie geäussert?
1360 1291 2770 1462 iener: (zögert, dann spricht er zum D
1325 1414 2107 1592 eidige leise Nortel
1327 1552 2818 1716 Beron: lunmillkürlich zusamnenzuckend)
1320 1691 2595 1833 es ist gut. Weiter, meine Herren.
1302 1821 3025 1999 Ergelmenn: (i. d. R.) "in bischen angenagt si.
1307 1963 1653 2114 eie alle
1302 2064 3016 2260 Karl Bern:that sich erhoben, zum Baronl Herr
1298 2213 2944 2415 Baron, darf ich un Ihr freundliches Gehört
1298 2345 1599 2478 bitten?
1295 2458 2842 2678 loögelmenn und breger probieren weiter!
1280 2615 2125 2764 Baron: Herrodoktor -2
1262 2725 2953 2903 Karl Dern: Ich bin nicht Doktor. Also,es
1259 2869 3070 3054 scheint, Herr Beron,P dass Frau Rorede es sich
1266 3009 2222 3220 in der Kopf gesetzt hat.
