<?xml version="1.0" encoding="UTF-8" standalone="yes"?>
<PcGts xmlns="http://schema.primaresearch.org/PAGE/gts/pagecontent/2013-07-15" xmlns:xsi="http://www.w3.org/2001/XMLSchema-instance" xsi:schemaLocation="http://schema.primaresearch.org/PAGE/gts/pagecontent/2013-07-15 http://schema.primaresearch.org/PAGE/gts/pagecontent/2013-07-15/pagecontent.xsd">
    <Metadata>
        <Creator>prov=READ-COOP:name=PyLaia@TranskribusPlatform:version=2.7.0:model_id=50870:lm=none:date=22_01_2024_18:09</Creator>
        <Created>2023-09-27T14:33:27.776+02:00</Created>
        <LastChange>2024-01-22T18:09:42.988+01:00</LastChange>
        <TranskribusMetadata docId="1589031" pageId="60122879" pageNr="128" tsid="145631382" status="IN_PROGRESS" userId="40391" imgUrl="https://files.transkribus.eu/Get?id=OXRXGLZFXARDOTUCMPTFRGRW&amp;fileType=view" xmlUrl="https://files.transkribus.eu/Get?id=ZOPJHEHOPUJKPGQSFRRUSRIG" imageId="48547957"/>
    </Metadata>
    <Page imageFilename="1589031_0128.jpg" imageWidth="3288" imageHeight="3512">
        <ReadingOrder>
            <OrderedGroup id="ro_1711794269651" caption="Regions reading order">
                <RegionRefIndexed index="0" regionRef="tr_1"/>
                <RegionRefIndexed index="1" regionRef="tr_2"/>
            </OrderedGroup>
        </ReadingOrder>
        <TextRegion orientation="0.0" id="tr_1" custom="readingOrder {index:0;}">
            <Coords points="648,1757 648,1919 931,1919 931,1757"/>
            <TextLine id="tr_1_tl_1" custom="readingOrder {index:0;}">
                <Coords points="632,1909 705,1905 754,1870 799,1890 845,1875 926,1895 931,1779 890,1772 821,1730 781,1750 732,1728 641,1730"/>
                <Baseline points="648,1869 673,1869 699,1869 725,1868 750,1866 776,1866 802,1865 828,1862 853,1859 879,1857 905,1858 931,1860"/>
                <TextEquiv>
                    <Unicode>ter</Unicode>
                </TextEquiv>
            </TextLine>
            <TextEquiv>
                <Unicode></Unicode>
            </TextEquiv>
        </TextRegion>
        <TextRegion orientation="0.0" id="tr_2" custom="readingOrder {index:1;}">
            <Coords points="1060,526 1060,3277 3058,3277 3058,526"/>
            <TextLine id="tr_2_tl_1" custom="readingOrder {index:0;}">
                <Coords points="2693,646 2713,654 2720,649 2779,683 2797,678 2811,691 2824,681 2851,683 2851,511 2811,523 2794,519 2782,528 2775,521 2723,521 2713,511 2693,514"/>
                <Baseline points="2708,594 2737,590 2766,588 2795,588 2824,590 2854,594"/>
                <TextEquiv>
                    <Unicode>215</Unicode>
                </TextEquiv>
            </TextLine>
            <TextLine id="tr_2_tl_2" custom="readingOrder {index:1;}">
                <Coords points="1044,811 1602,789 1728,831 2421,789 2423,673 2327,649 2231,691 1536,698 1470,659 1280,703 1207,654 1049,656"/>
                <Baseline points="1060,761 1128,761 1196,758 1265,758 1333,758 1401,758 1470,755 1538,752 1606,752 1675,751 1743,749 1811,748 1880,744 1948,743 2016,743 2085,742 2153,740 2221,739 2290,734 2358,737 2427,737"/>
                <TextEquiv>
                    <Unicode>Miii: Onten Abend, Fräutein Franzt.</Unicode>
                </TextEquiv>
            </TextLine>
            <TextLine id="tr_2_tl_3" custom="readingOrder {index:2;}">
                <Coords points="1059,944 2303,917 2364,949 2512,904 2747,939 2782,801 1580,833 1062,799"/>
                <Baseline points="1072,883 1157,885 1243,888 1329,889 1414,886 1500,886 1586,885 1671,883 1757,880 1843,875 1929,875 2014,875 2100,875 2186,870 2271,871 2357,871 2443,867 2528,864 2614,866 2700,863 2786,863"/>
                <TextEquiv>
                    <Unicode>mutter-lbringt vom Ofen dar Kerenl Du wiret</Unicode>
                </TextEquiv>
            </TextLine>
            <TextLine id="tr_2_tl_4" custom="readingOrder {index:3;}">
                <Coords points="1071,1081 1357,1089 1477,1049 1624,1089 1917,1025 2020,1076 2214,1008 2376,1032 2379,954 2236,922 2111,961 1959,922 1855,958 1737,926 1629,961 1076,949"/>
                <Baseline points="1087,1030 1151,1033 1216,1030 1281,1024 1346,1021 1411,1020 1475,1018 1540,1017 1605,1015 1670,1015 1735,1013 1799,1012 1864,1011 1929,1009 1994,1011 2059,1007 2123,1005 2188,1003 2253,997 2318,1000 2383,1003"/>
                <TextEquiv>
                    <Unicode>geftr einen schönen Runger heben.</Unicode>
                </TextEquiv>
            </TextLine>
            <TextLine id="tr_2_tl_5" custom="readingOrder {index:4;}">
                <Coords points="1074,1202 1283,1229 1701,1189 1850,1224 2042,1175 2595,1224 2949,1180 2951,1037 2915,1035 2696,1079 2548,1044 2413,1079 1076,1081"/>
                <Baseline points="1090,1152 1183,1151 1276,1149 1369,1150 1463,1147 1556,1146 1649,1146 1743,1149 1836,1149 1929,1149 2023,1143 2116,1144 2209,1144 2302,1139 2396,1138 2489,1136 2582,1131 2676,1129 2769,1126 2862,1122 2956,1119"/>
                <TextEquiv>
                    <Unicode>Frenzl: Richt so erg. (au Hilt hint in der Dun-</Unicode>
                </TextEquiv>
            </TextLine>
            <TextLine id="tr_2_tl_6" custom="readingOrder {index:5;}">
                <Coords points="1069,1330 1357,1312 1543,1344 1627,1312 1730,1359 2054,1302 2054,1204 2018,1194 1858,1224 1676,1189 1398,1234 1071,1216"/>
                <Baseline points="1084,1287 1132,1283 1181,1281 1230,1282 1279,1282 1328,1283 1376,1282 1425,1281 1474,1281 1523,1281 1572,1278 1620,1277 1669,1275 1718,1275 1767,1275 1816,1275 1864,1273 1913,1272 1962,1270 2011,1272 2060,1278"/>
                <TextEquiv>
                    <Unicode>kelheit arbeiten Sie da-</Unicode>
                </TextEquiv>
            </TextLine>
            <TextLine id="tr_2_tl_7" custom="readingOrder {index:6;}">
                <Coords points="1071,1450 1809,1460 1929,1497 2281,1457 2878,1474 2880,1334 2723,1317 1074,1354"/>
                <Baseline points="1084,1406 1174,1409 1264,1412 1354,1412 1444,1412 1534,1409 1624,1406 1714,1406 1804,1403 1894,1400 1984,1403 2074,1400 2164,1400 2254,1397 2344,1394 2434,1397 2524,1394 2614,1394 2704,1394 2794,1394 2884,1394"/>
                <TextEquiv>
                    <Unicode>Matrer: Man kann doch nicht schen un drei der</Unicode>
                </TextEquiv>
            </TextLine>
            <TextLine id="tr_2_tl_8" custom="readingOrder {index:7;}">
                <Coords points="1074,1573 1278,1597 1396,1575 1678,1585 1681,1484 1435,1462 1312,1499 1280,1474 1180,1489 1123,1452 1074,1452"/>
                <Baseline points="1087,1540 1117,1540 1147,1540 1177,1538 1207,1537 1237,1537 1267,1537 1297,1536 1327,1535 1357,1535 1387,1535 1417,1535 1447,1536 1477,1536 1507,1535 1537,1535 1567,1535 1597,1535 1627,1535 1657,1536 1687,1537"/>
                <TextEquiv>
                    <Unicode>Dicht. anzünden.</Unicode>
                </TextEquiv>
            </TextLine>
            <TextLine id="tr_2_tl_9" custom="readingOrder {index:8;}">
                <Coords points="1074,1737 2251,1740 2430,1696 2509,1750 2634,1752 2910,1715 2912,1509 2821,1484 2482,1521 2347,1607 1821,1580 1647,1617 1393,1575 1236,1619 1076,1585"/>
                <Baseline points="1090,1666 1181,1669 1272,1670 1364,1669 1455,1666 1546,1665 1638,1663 1729,1666 1820,1663 1912,1663 2003,1661 2094,1658 2186,1657 2277,1654 2368,1653 2460,1652 2551,1651 2642,1651 2734,1648 2825,1648 2917,1645"/>
                <TextEquiv>
                    <Unicode>kranet:(schaltet ein betraeltet die Arbolt der</Unicode>
                </TextEquiv>
            </TextLine>
            <TextLine id="tr_2_tl_10" custom="readingOrder {index:9;}">
                <Coords points="1081,1858 1981,1863 2126,1823 2126,1728 2035,1710 1772,1750 1556,1718 1305,1747 1248,1710 1081,1733"/>
                <Baseline points="1096,1800 1147,1800 1199,1801 1251,1802 1303,1802 1355,1801 1406,1798 1458,1797 1510,1794 1562,1796 1614,1793 1665,1793 1717,1792 1769,1794 1821,1797 1873,1793 1924,1791 1976,1789 2028,1788 2080,1788 2132,1791"/>
                <TextEquiv>
                    <Unicode>41l11 vrei Rethen Polante?</Unicode>
                </TextEquiv>
            </TextLine>
            <TextLine id="tr_2_tl_11" custom="readingOrder {index:10;}">
                <Coords points="1084,1983 1782,1998 1964,1924 2153,1939 2155,1855 1086,1863"/>
                <Baseline points="1098,1932 1151,1932 1204,1932 1257,1932 1310,1935 1364,1934 1417,1931 1470,1927 1523,1926 1576,1926 1630,1926 1683,1926 1736,1924 1789,1923 1842,1926 1896,1923 1949,1922 2002,1920 2055,1920 2108,1922 2162,1926"/>
                <TextEquiv>
                    <Unicode>Mili: Ver, Fraulein Franzi.</Unicode>
                </TextEquiv>
            </TextLine>
            <TextLine id="tr_2_tl_12" custom="readingOrder {index:11;}">
                <Coords points="1076,2104 1197,2138 1455,2069 1570,2111 1887,2052 2032,2091 2278,2050 2411,2094 2514,2047 2878,2148 2920,2143 2922,1907 2620,1900 2435,1993 2202,1971 2116,2015 2054,1976 2005,2008 1076,1981"/>
                <Baseline points="1090,2066 1181,2057 1273,2060 1365,2057 1457,2056 1549,2057 1640,2057 1732,2054 1824,2054 1916,2052 2008,2052 2099,2051 2191,2048 2283,2048 2375,2049 2467,2046 2558,2045 2650,2045 2742,2042 2834,2042 2926,2042"/>
                <TextEquiv>
                    <Unicode>Franzi: Mecht eisl hübech, aber nahrrcheinlich</Unicode>
                </TextEquiv>
            </TextLine>
            <TextLine id="tr_2_tl_13" custom="readingOrder {index:12;}">
                <Coords points="1084,2234 1548,2261 1710,2185 2814,2192 2814,2123 2548,2086 2359,2126 2305,2094 2064,2128 1929,2082 1833,2128 1084,2116"/>
                <Baseline points="1098,2195 1184,2192 1270,2189 1356,2188 1442,2189 1528,2193 1614,2189 1700,2186 1786,2183 1872,2183 1958,2185 2044,2180 2130,2180 2216,2180 2302,2180 2388,2176 2474,2175 2560,2174 2646,2174 2732,2174 2819,2183"/>
                <TextEquiv>
                    <Unicode>werde ich'e gar nicht brauchen - dae Hleld.</Unicode>
                </TextEquiv>
            </TextLine>
            <TextLine id="tr_2_tl_14" custom="readingOrder {index:13;}">
                <Coords points="1096,2389 1632,2401 1760,2352 2059,2403 2241,2344 2541,2381 2738,2320 2892,2354 2910,2214 2465,2192 2317,2266 1099,2239"/>
                <Baseline points="1110,2329 1200,2323 1290,2323 1380,2325 1470,2324 1561,2320 1651,2317 1741,2317 1831,2314 1921,2317 2012,2314 2102,2314 2192,2314 2282,2311 2372,2308 2463,2308 2553,2311 2643,2311 2733,2308 2823,2308 2914,2314"/>
                <TextEquiv>
                    <Unicode>otterilhat fhr der leren hingertolltl Rebensk</Unicode>
                </TextEquiv>
            </TextLine>
            <TextLine id="tr_2_tl_15" custom="readingOrder {index:14;}">
                <Coords points="1081,2512 1391,2521 1455,2462 1580,2448 2497,2477 2526,2364 2064,2403 1698,2364 1632,2399 1081,2391"/>
                <Baseline points="1096,2457 1167,2454 1239,2454 1310,2452 1382,2449 1454,2448 1525,2448 1597,2446 1669,2450 1740,2448 1812,2448 1884,2445 1955,2444 2027,2442 2099,2444 2170,2445 2242,2443 2314,2439 2385,2439 2457,2439 2529,2439"/>
                <TextEquiv>
                    <Unicode>sie dir die Koll“ wieder abgenommen?</Unicode>
                </TextEquiv>
            </TextLine>
            <TextLine id="tr_2_tl_16" custom="readingOrder {index:15;}">
                <Coords points="1074,2654 1381,2664 1681,2598 2050,2671 2195,2639 2300,2689 2426,2644 2637,2669 2767,2610 3018,2612 3003,2477 2895,2516 2430,2450 2244,2494 2005,2455 1843,2526 1074,2514"/>
                <Baseline points="1087,2589 1183,2586 1280,2583 1377,2584 1474,2583 1571,2583 1668,2583 1765,2580 1862,2583 1959,2580 2056,2578 2152,2574 2249,2576 2346,2574 2443,2574 2540,2574 2637,2573 2734,2571 2831,2571 2928,2571 3025,2577"/>
                <TextEquiv>
                    <Unicode>Frauzi- Rein, toh sptel eine andere. (fetzt sicht</Unicode>
                </TextEquiv>
            </TextLine>
            <TextLine id="tr_2_tl_17" custom="readingOrder {index:16;}">
                <Coords points="1089,2752 1153,2787 1194,2762 1293,2789 1455,2730 1959,2718 1959,2659 1740,2612 1651,2661 1089,2654"/>
                <Baseline points="1101,2708 1144,2711 1187,2714 1230,2717 1273,2717 1316,2717 1359,2717 1402,2717 1445,2715 1488,2716 1531,2717 1574,2717 1617,2715 1660,2714 1703,2715 1746,2716 1789,2714 1832,2714 1875,2714 1918,2715 1962,2720"/>
                <TextEquiv>
                    <Unicode>de Fannt spielt ich.</Unicode>
                </TextEquiv>
            </TextLine>
            <TextLine id="tr_2_tl_18" custom="readingOrder {index:17;}">
                <Coords points="1076,2905 1489,2920 1806,2843 2485,2880 2654,2846 2878,2892 3055,2858 3055,2752 2969,2777 2819,2718 2492,2691 2403,2730 1794,2730 1637,2804 1440,2745 1344,2789 1079,2789"/>
                <Baseline points="1093,2846 1191,2846 1289,2846 1387,2847 1486,2843 1584,2843 1682,2846 1780,2843 1879,2844 1977,2840 2075,2843 2173,2841 2272,2843 2370,2843 2468,2837 2566,2837 2665,2840 2763,2841 2861,2841 2959,2840 3058,2840"/>
                <TextEquiv>
                    <Unicode>Matter: kannt oder Amt, -das wird kein so grosser</Unicode>
                </TextEquiv>
            </TextLine>
            <TextLine id="tr_2_tl_19" custom="readingOrder {index:18;}">
                <Coords points="1094,3030 1160,3001 1221,3042 1298,3040 1420,2976 1578,2996 1772,2981 1772,2912 1698,2924 1656,2902 1624,2927 1563,2900 1487,2917 1317,2897 1212,2922 1094,2897"/>
                <Baseline points="1107,2971 1140,2973 1174,2973 1207,2972 1241,2974 1275,2976 1308,2977 1342,2976 1375,2974 1409,2974 1443,2974 1476,2974 1510,2974 1543,2976 1577,2976 1611,2974 1644,2974 1678,2974 1711,2974 1745,2975 1779,2977"/>
                <TextEquiv>
                    <Unicode>Unterschied sein.</Unicode>
                </TextEquiv>
            </TextLine>
            <TextLine id="tr_2_tl_20" custom="readingOrder {index:19;}">
                <Coords points="1081,3148 1226,3190 1541,3101 1900,3148 2023,3106 2263,3131 2344,3099 2558,3146 3010,3119 3010,3013 2833,3025 2698,2974 2526,3010 2317,2949 2042,2996 1855,2947 1482,3003 1391,3062 1081,3035"/>
                <Baseline points="1096,3105 1192,3100 1288,3102 1384,3102 1480,3099 1576,3102 1672,3099 1768,3096 1864,3096 1960,3096 2056,3096 2152,3093 2248,3093 2344,3093 2440,3090 2536,3093 2632,3093 2728,3093 2824,3093 2920,3090 3016,3090"/>
                <TextEquiv>
                    <Unicode>Trenzl: Ee ist sohen ein Unierschled. Ratter. De</Unicode>
                </TextEquiv>
            </TextLine>
            <TextLine id="tr_2_tl_21" custom="readingOrder {index:20;}">
                <Coords points="1084,3330 1160,3298 1266,3327 1425,3249 1615,3293 1976,3246 2155,3342 2295,3298 2553,3303 2617,3256 2779,3273 2779,3151 2698,3126 2529,3148 2290,3099 2177,3146 1998,3116 1909,3153 1750,3101 1521,3111 1246,3190 1084,3148"/>
                <Baseline points="1098,3240 1182,3240 1266,3240 1351,3241 1435,3240 1520,3237 1604,3237 1688,3237 1773,3240 1857,3240 1942,3238 2026,3241 2110,3240 2195,3240 2279,3240 2364,3244 2448,3243 2532,3246 2617,3244 2701,3246 2786,3246"/>
                <TextEquiv>
                    <Unicode>kaurt ist nenlich die Rauptrolle.-dts Kored</Unicode>
                </TextEquiv>
            </TextLine>
            <TextEquiv>
                <Unicode></Unicode>
            </TextEquiv>
        </TextRegion>
    </Page>
</PcGts>
