3272 3576
2655 361 2804 491 269
1036 388 2885 647 Lndwigi Selbetverständlich. Ohne sie hätte ich
1028 547 2887 750 ee vielleicht gar nicht gewueet.Sie war es ja,
1011 689 2824 913 die mich greter auf die Nottz in der Zeitung
1011 833 2977 1087 aufmerksam gemacht hat, dase Franzi die Hauptrolle
992 962 2846 1175 epielt. Eine Stunde, ehe der Zug in den Bahnhof
992 1070 2828 1321 einfuhr hat sie die Notiz zufällig entdeckt.-
984 1226 2902 1466 Richard: Sie meise, dase du wegen Franzt im Thee-
975 1360 1360 1475 ter biet?
972 1497 2853 1722 Indrig: Selbetverständlich. Die melee noch viel
950 1639 2794 1861 mehr. Ich werde nie ein Geheinnie vor ihr he-
943 1727 2086 1925 ben. Und sie keines vor mir.
948 1900 2662 2079 Richard; Du spielet ein gefährlichee Spiel.
928 2005 2804 2254 Ludwigi In der Liebe gibt es keine andern. Ge-
926 2142 2755 2381 fährlicher Splel oder lächerlicher Ernet - wir
909 2306 1536 2433 haben die Wahl.
899 2399 2824 2638 Richardi(plötzlich) Du wirst Franzt in Ruhe las-
889 2545 1087 2665 sen.
870 2692 2772 2921 Iudwig: (versteht zuergt nicht, dann lachend) Ach
870 2804 2753 3056 so.- Mae fällt dir denn eigentlich eint Du bist
855 2955 1407 3085 doch verlobt?
