3208 3624
2670 625 2915 798 doch
911 592 1955 774 Eronrt: aber spater ete dee
899 835 2333 986 nie. Moniertene für mich. In dem neue
899 955 2321 1116 Ich leider bis zum Schluss zu tun.
907 1085 2823 1248 Licherd: Ach je Sanctes habt ihr schon Preniöre.
911 1219 2160 1388 (ihr aus der Tasche das Manee
2201 1217 2898 1383 int reichenel Rier
895 1359 2468 1525 hest du übrigene das Manuscript wieder.
911 1462 2744 1655 Franzi: Ach ja, wie enhat ee dir den gefallent
902 1597 2068 1765 Richard; Da epielet die Emmi?
2256 1760 2395 1840 wal
897 1748 2133 1898 Franzi: Eine rechte Schmarnroll
2318 1876 2641 2037 Für die
897 1871 2241 2039 Richerd: Da wirst hübsch ausschen
897 1979 2826 2179 hatteet du freilich mehr - Krinneruggen, Kriebnis
887 2107 2092 2299 Fest du das gar nicht benerkt?
887 2261 2679 2439 Franzi: (absichtlich nicht eingehendl Alde be-
883 2410 1941 2566 segen, es wird durchfalien.
880 2504 2811 2708 Richerd: Und hest du für die nächete Zeit nichte
883 2670 1797 2835 Grösseree in Ausrichte
895 2799 1917 2915 Franzi: Hoftentlich nicht.
892 2850 2266 3004 Richerd: Hoffentlicht Gar nicht eh-
2309 2850 2566 2989 getrigt
887 2965 2246 3083 au- dem Stuhl beim Ofen wie frühe
2275 2963 2593 3100 Pranzi
2823 2797 2973 3025 11et
