3176 3512
2651 275 2788 474 309
1116 464 2729 583 Richard: Du sollst ihn hören. (liest beim
1116 587 2795 786 Licht der Strassenlaterne), Ich liebe dich.
1130 741 2681 862 Verzeih mir! Ich liebe nur dich allein“
1149 853 2880 1007 Vor einer Stunde hab ich ihr diesen Brief ge-
1113 974 2435 1142 schrieben. So ein Mensch bin ich.
1106 1111 2940 1289 Mathilde: Da warst frei, ich hätte dich niemale
1118 1258 1495 1395 gehalten.
1111 1364 2992 1528 Richard: Vielleicht wäre es auch geschehen, wenn
1104 1490 2942 1646 sie diesen Brief gelesen hätte. Vielleicht hat
1109 1646 3011 1791 sie es wirklich gar nicht um mich getan. Schuld-
1099 1753 2819 1921 ich weiss nicht, ob ich schuldig bin. Es war
1106 1893 2944 2037 vielleicht ganz richtig,dass ich sie verlassen
1104 2018 2902 2179 hatte. Und nur dieser Brief war falsch und es
1109 2170 2978 2328 ist vielleicht ein Glück, dass sie ihn nicht en-
1106 2276 2916 2471 pfangen. Ale Schuld empfinde ich nur, dass ich
1109 2430 1758 2565 bin, wie ich bin.
1104 2546 2987 2717 Mathilde: Ich versteh es gut.Aber wenn ich mich
1094 2674 2880 2828 frage,, ob ich dich anders wollte ale du biet
1097 2795 2947 2963 ich glaube nein. Das soll kein Trost sein, auch
1087 2918 2970 3091 keine Grossmut, auch kein Geschenk,-ach Gott,ich
1097 3053 2909 3252 bin sa un so vieles ämer als du. Und menn du
