<?xml version="1.0" encoding="UTF-8" standalone="yes"?>
<PcGts xmlns="http://schema.primaresearch.org/PAGE/gts/pagecontent/2013-07-15" xmlns:xsi="http://www.w3.org/2001/XMLSchema-instance" xsi:schemaLocation="http://schema.primaresearch.org/PAGE/gts/pagecontent/2013-07-15 http://schema.primaresearch.org/PAGE/gts/pagecontent/2013-07-15/pagecontent.xsd">
    <Metadata>
        <Creator>prov=READ-COOP:name=PyLaia@TranskribusPlatform:version=2.7.0:model_id=50870:lm=none:date=22_01_2024_18:09</Creator>
        <Created>2023-09-27T14:33:33.875+02:00</Created>
        <LastChange>2024-01-22T18:09:54.487+01:00</LastChange>
        <TranskribusMetadata docId="1589031" pageId="60123095" pageNr="183" tsid="145631439" status="IN_PROGRESS" userId="40391" imgUrl="https://files.transkribus.eu/Get?id=AWABYQXVKDGGGTCBUSOKGDCA&amp;fileType=view" xmlUrl="https://files.transkribus.eu/Get?id=EFSFRPMOLWTUKSHQEYENWUYT" imageId="48548173"/>
    </Metadata>
    <Page imageFilename="1589031_0183.jpg" imageWidth="3320" imageHeight="3560">
        <ReadingOrder>
            <OrderedGroup id="ro_1711794359274" caption="Regions reading order">
                <RegionRefIndexed index="0" regionRef="tr_1"/>
            </OrderedGroup>
        </ReadingOrder>
        <TextRegion orientation="0.0" id="tr_1" custom="readingOrder {index:0;}">
            <Coords points="1176,457 1176,3181 3067,3181 3067,457"/>
            <TextLine id="tr_1_tl_1" custom="readingOrder {index:0;}">
                <Coords points="2845,544 2897,561 2911,553 2930,568 2961,572 2978,563 2996,572 3001,423 2966,421 2942,433 2885,409 2869,423 2850,423"/>
                <Baseline points="2861,525 2889,524 2918,522 2946,520 2975,520 3004,522"/>
                <TextEquiv>
                    <Unicode>249</Unicode>
                </TextEquiv>
            </TextLine>
            <TextLine id="tr_1_tl_2" custom="readingOrder {index:1;}">
                <Coords points="1741,738 2765,736 2821,726 2824,598 2516,558 2015,648 1859,582 1743,603"/>
                <Baseline points="1753,689 1806,683 1860,683 1914,683 1968,681 2021,683 2075,682 2129,679 2183,677 2236,677 2290,674 2344,673 2398,671 2451,671 2505,671 2559,668 2613,668 2666,666 2720,666 2774,666 2828,668"/>
                <TextEquiv>
                    <Unicode>herein,richtlich betroffen)</Unicode>
                </TextEquiv>
            </TextLine>
            <TextLine id="tr_1_tl_3" custom="readingOrder {index:2;}">
                <Coords points="1164,743 1528,728 1700,743 1703,610 1601,603 1573,622 1521,594 1436,596 1301,650 1204,610 1166,624"/>
                <Baseline points="1176,692 1202,692 1229,692 1255,692 1282,692 1309,692 1335,692 1362,692 1388,692 1415,692 1442,692 1468,690 1495,689 1521,689 1548,688 1575,686 1601,684 1628,683 1654,683 1681,685 1708,689"/>
                <TextEquiv>
                    <Unicode>Helene: (komnt</Unicode>
                </TextEquiv>
            </TextLine>
            <TextLine id="tr_1_tl_4" custom="readingOrder {index:3;}">
                <Coords points="1166,892 1703,894 1918,830 2088,882 2176,847 2275,875 2668,816 2649,731 2013,766 1890,733 1627,783 1443,733 1168,743"/>
                <Baseline points="1182,827 1256,826 1331,827 1405,827 1480,828 1554,827 1629,825 1703,825 1778,830 1852,824 1927,822 2001,824 2076,819 2150,815 2225,812 2299,810 2374,809 2448,806 2523,806 2597,801 2672,809"/>
                <TextEquiv>
                    <Unicode>Richard: (rasch) Was gibts? Wer war'e?</Unicode>
                </TextEquiv>
            </TextLine>
            <TextLine id="tr_1_tl_5" custom="readingOrder {index:4;}">
                <Coords points="1161,1003 1712,1017 2367,951 2777,996 3060,944 3063,868 2384,863 1894,915 1629,868 1164,889"/>
                <Baseline points="1176,952 1270,960 1365,961 1459,964 1554,963 1648,960 1743,958 1837,958 1932,952 2026,951 2121,949 2216,946 2310,946 2405,943 2499,941 2594,940 2688,937 2783,934 2877,937 2972,931 3067,931"/>
                <TextEquiv>
                    <Unicode>Helene: Man hat aus Gerolde Wohnung hieher:tele-</Unicode>
                </TextEquiv>
            </TextLine>
            <TextLine id="tr_1_tl_6" custom="readingOrder {index:5;}">
                <Coords points="1178,1140 1996,1152 2639,1076 2902,1123 2937,1116 2940,1000 2732,1029 2592,989 2471,1026 2055,972 1743,1041 1180,1019"/>
                <Baseline points="1191,1099 1278,1099 1366,1099 1453,1102 1541,1101 1628,1094 1716,1093 1803,1094 1891,1092 1978,1092 2066,1090 2153,1089 2241,1084 2328,1085 2416,1085 2503,1081 2591,1078 2678,1078 2766,1075 2853,1072 2941,1072"/>
                <TextEquiv>
                    <Unicode>foniert. Denkt buch, sein Vater iet plötzlich</Unicode>
                </TextEquiv>
            </TextLine>
            <TextLine id="tr_1_tl_7" custom="readingOrder {index:6;}">
                <Coords points="1175,1263 1244,1279 1298,1258 1346,1275 1478,1263 1516,1287 1599,1287 1601,1220 1535,1182 1381,1190 1339,1171 1301,1190 1178,1187"/>
                <Baseline points="1191,1248 1216,1244 1242,1242 1268,1239 1294,1236 1320,1238 1346,1238 1372,1237 1398,1236 1424,1236 1450,1238 1476,1239 1502,1237 1528,1236 1554,1236 1580,1237 1606,1239"/>
                <TextEquiv>
                    <Unicode>gestorben.</Unicode>
                </TextEquiv>
            </TextLine>
            <TextLine id="tr_1_tl_8" custom="readingOrder {index:7;}">
                <Coords points="1175,1428 1284,1450 1726,1372 2027,1438 2351,1395 2351,1291 2126,1265 2055,1313 1868,1327 1743,1282 1511,1324 1175,1305"/>
                <Baseline points="1188,1349 1246,1363 1304,1367 1363,1367 1421,1367 1480,1367 1538,1365 1596,1367 1655,1367 1713,1367 1772,1364 1830,1361 1888,1361 1947,1361 2005,1361 2064,1361 2122,1358 2180,1355 2239,1355 2297,1357 2356,1358"/>
                <TextEquiv>
                    <Unicode>Fichard: Was? Der alte Sidon?</Unicode>
                </TextEquiv>
            </TextLine>
            <TextLine id="tr_1_tl_9" custom="readingOrder {index:8;}">
                <Coords points="1173,1580 1305,1547 1478,1577 1682,1507 1771,1547 1920,1499 2531,1485 2736,1525 2881,1497 2883,1391 2677,1436 2509,1384 1930,1450 1748,1410 1421,1462 1175,1440"/>
                <Baseline points="1185,1502 1270,1505 1355,1505 1440,1505 1525,1505 1610,1499 1695,1501 1781,1499 1866,1498 1951,1499 2036,1496 2121,1496 2206,1493 2291,1493 2377,1490 2462,1487 2547,1484 2632,1482 2717,1487 2802,1484 2888,1481"/>
                <TextEquiv>
                    <Unicode>Helene: Ganz plötzlich. Er scheint übrigens</Unicode>
                </TextEquiv>
            </TextLine>
            <TextLine id="tr_1_tl_10" custom="readingOrder {index:9;}">
                <Coords points="1178,1658 1386,1682 1627,1637 1823,1703 1944,1658 2121,1712 2531,1653 2665,1693 3058,1665 3037,1549 1180,1594"/>
                <Baseline points="1191,1642 1284,1636 1378,1636 1472,1634 1566,1634 1660,1635 1753,1635 1847,1632 1941,1633 2035,1633 2129,1630 2222,1630 2316,1627 2410,1626 2504,1623 2598,1621 2691,1619 2785,1618 2879,1618 2973,1618 3067,1618"/>
                <TextEquiv>
                    <Unicode>nicht allein gewesen zu sein,ale er starb. Frau</Unicode>
                </TextEquiv>
            </TextLine>
            <TextLine id="tr_1_tl_11" custom="readingOrder {index:10;}">
                <Coords points="1190,1821 1367,1790 1582,1833 1757,1788 2039,1807 2039,1731 1927,1691 1842,1717 1776,1679 1700,1722 1644,1700 1577,1724 1400,1672 1190,1705"/>
                <Baseline points="1203,1762 1247,1768 1291,1765 1335,1768 1379,1765 1423,1765 1467,1765 1512,1768 1556,1768 1600,1768 1644,1765 1688,1765 1732,1763 1777,1764 1821,1763 1865,1762 1909,1762 1953,1762 1997,1762 2042,1765"/>
                <TextEquiv>
                    <Unicode>Eiderhof war bei ihm.</Unicode>
                </TextEquiv>
            </TextLine>
            <TextLine id="tr_1_tl_12" custom="readingOrder {index:11;}">
                <Coords points="1185,1939 1551,1932 1736,1975 2013,1935 2261,1961 2460,1887 2944,1916 2980,1911 2982,1795 2490,1838 2332,1802 2244,1845 1786,1800 1712,1854 1629,1814 1466,1845 1360,1793 1187,1816"/>
                <Baseline points="1197,1890 1286,1896 1375,1899 1465,1899 1554,1896 1644,1896 1733,1899 1823,1893 1912,1893 2002,1890 2091,1887 2180,1890 2270,1887 2359,1887 2449,1884 2538,1884 2628,1881 2717,1881 2807,1878 2896,1878 2986,1884"/>
                <TextEquiv>
                    <Unicode>Kichardillein .! Ist Ludwig schon verständigt?</Unicode>
                </TextEquiv>
            </TextLine>
            <TextLine id="tr_1_tl_13" custom="readingOrder {index:12;}">
                <Coords points="1175,2074 2306,2081 2422,2022 2899,2032 2862,1946 2110,1951 1998,1994 1845,1946 1644,1975 1547,1930 1454,1972 1175,1972"/>
                <Baseline points="1188,2027 1273,2030 1359,2030 1445,2033 1531,2030 1617,2026 1703,2027 1788,2024 1874,2024 1960,2024 2046,2022 2132,2020 2218,2020 2304,2021 2389,2021 2475,2020 2561,2017 2647,2015 2733,2012 2819,2009 2905,2015"/>
                <TextEquiv>
                    <Unicode>Helene: Ich nehme an. Jedesfaljs läert dich</Unicode>
                </TextEquiv>
            </TextLine>
            <TextLine id="tr_1_tl_14" custom="readingOrder {index:13;}">
                <Coords points="1180,2202 1358,2195 1431,2237 1717,2162 2006,2225 2266,2159 2443,2211 2580,2157 2767,2192 2836,2152 3058,2190 3060,2076 2805,2043 2668,2088 1182,2100"/>
                <Baseline points="1194,2168 1287,2165 1381,2165 1474,2162 1568,2162 1661,2161 1755,2158 1848,2159 1942,2162 2035,2159 2129,2159 2222,2156 2316,2156 2409,2153 2503,2153 2596,2153 2690,2151 2783,2153 2877,2151 2970,2147 3064,2150"/>
                <TextEquiv>
                    <Unicode>der Diener bitten gleich hinzukommen, dort wirst</Unicode>
                </TextEquiv>
            </TextLine>
            <TextLine id="tr_1_tl_15" custom="readingOrder {index:14;}">
                <Coords points="1180,2332 1265,2322 1327,2363 1776,2294 2152,2311 2136,2197 2006,2228 1819,2204 1712,2247 1585,2211 1289,2259 1180,2233"/>
                <Baseline points="1194,2299 1242,2296 1290,2298 1338,2299 1387,2299 1435,2299 1483,2299 1531,2296 1580,2296 1628,2296 1676,2294 1724,2296 1773,2295 1821,2293 1869,2293 1917,2295 1966,2294 2014,2293 2062,2293 2110,2293 2159,2296"/>
                <TextEquiv>
                    <Unicode>au sicher mehr erfahren.</Unicode>
                </TextEquiv>
            </TextLine>
            <TextLine id="tr_1_tl_16" custom="readingOrder {index:15;}">
                <Coords points="1180,2497 1277,2464 1450,2495 1656,2431 1833,2469 1942,2429 2050,2462 2474,2424 2566,2481 2952,2467 2954,2322 2777,2356 2663,2296 2209,2299 2110,2344 1991,2308 1639,2365 1182,2330"/>
                <Baseline points="1194,2425 1282,2428 1370,2429 1458,2428 1546,2428 1634,2428 1722,2425 1810,2425 1898,2425 1986,2422 2075,2420 2163,2422 2251,2422 2339,2422 2427,2421 2515,2419 2603,2419 2691,2425 2779,2419 2867,2416 2956,2416"/>
                <TextEquiv>
                    <Unicode>Richard: Eine kurze Hochzeitsreise.-Adieu, He-</Unicode>
                </TextEquiv>
            </TextLine>
            <TextLine id="tr_1_tl_17" custom="readingOrder {index:16;}">
                <Coords points="1178,2578 1478,2571 1528,2606 1864,2561 2024,2618 2230,2620 2230,2490 2117,2479 2029,2521 1641,2467 1365,2526 1178,2500"/>
                <Baseline points="1191,2562 1243,2562 1295,2563 1347,2564 1400,2562 1452,2562 1504,2562 1556,2562 1609,2562 1661,2561 1713,2561 1765,2560 1818,2556 1870,2556 1922,2559 1974,2559 2027,2559 2079,2559 2131,2556 2183,2556 2236,2562"/>
                <TextEquiv>
                    <Unicode>lene. Adieu, Mathilde. (abl</Unicode>
                </TextEquiv>
            </TextLine>
            <TextLine id="tr_1_tl_18" custom="readingOrder {index:17;}">
                <Coords points="1175,2800 1279,2824 1391,2795 1575,2826 1665,2807 1710,2836 1847,2795 1849,2732 1684,2675 1452,2701 1303,2663 1242,2706 1178,2682"/>
                <Baseline points="1191,2759 1224,2759 1257,2760 1290,2761 1323,2759 1356,2759 1389,2760 1423,2762 1456,2762 1489,2760 1522,2759 1555,2759 1588,2756 1621,2756 1655,2756 1688,2756 1721,2756 1754,2758 1787,2760 1820,2762 1854,2768"/>
                <TextEquiv>
                    <Unicode>Nelene, kathilde.</Unicode>
                </TextEquiv>
            </TextLine>
            <TextLine id="tr_1_tl_19" custom="readingOrder {index:18;}">
                <Coords points="1178,2952 1797,2895 2062,2940 2244,2895 2372,2930 2786,2890 2786,2781 2675,2821 2280,2772 2041,2824 1391,2793 1180,2826"/>
                <Baseline points="1194,2888 1273,2882 1353,2882 1433,2883 1513,2884 1593,2884 1673,2882 1753,2879 1833,2879 1913,2879 1993,2876 2072,2876 2152,2876 2232,2873 2312,2874 2392,2873 2472,2873 2552,2873 2632,2873 2712,2874 2792,2876"/>
                <TextEquiv>
                    <Unicode>Mathilde: Warum berührt ihn das so sehr?</Unicode>
                </TextEquiv>
            </TextLine>
            <TextLine id="tr_1_tl_20" custom="readingOrder {index:19;}">
                <Coords points="1178,3082 1809,3015 1942,3053 2022,3013 2351,3060 2533,3018 2857,3048 2857,2933 2668,2970 2540,2914 2263,2892 1658,2973 1551,2937 1440,2982 1376,2942 1178,2952"/>
                <Baseline points="1191,3016 1274,3016 1358,3016 1441,3018 1525,3016 1609,3016 1692,3013 1776,3011 1860,3013 1943,3010 2027,3010 2111,3010 2194,3007 2278,3007 2362,3007 2445,3007 2529,3008 2613,3011 2696,3010 2780,3007 2864,3007"/>
                <TextEquiv>
                    <Unicode>Helene: Das ist doch nicht merkwürdig. Der</Unicode>
                </TextEquiv>
            </TextLine>
            <TextLine id="tr_1_tl_21" custom="readingOrder {index:20;}">
                <Coords points="1180,3245 1502,3228 1778,3148 2292,3148 2481,3214 2774,3181 2774,3086 2481,3091 2410,3039 2294,3093 1670,3079 1599,3032 1180,3091"/>
                <Baseline points="1194,3150 1273,3149 1352,3147 1431,3147 1511,3147 1590,3147 1669,3147 1749,3144 1828,3144 1907,3144 1987,3142 2066,3144 2145,3142 2224,3144 2304,3143 2383,3144 2462,3141 2542,3141 2621,3144 2700,3144 2780,3150"/>
                <TextEquiv>
                    <Unicode>Schniegervater seines besten Freundes...</Unicode>
                </TextEquiv>
            </TextLine>
            <TextEquiv>
                <Unicode></Unicode>
            </TextEquiv>
        </TextRegion>
    </Page>
</PcGts>
