3144 3528
2584 439 2882 570 Richard.
1025 424 2551 631 lndnig: Es ist schon alles vorgekomnen
2671 539 2802 624 ite
1032 563 2565 764 Und sllesfist möglich, absolut alles, das
1027 699 2866 877 ichten mir her. Da wirst doch nicht zweifeln.
1020 832 2744 1018 dase ich Antoinette liebe, so sehr liebe, als
1025 966 2910 1144 man eine Frau nur lieben kann. Und doch in die-
1022 1107 2877 1243 dem Augenblick, wenn ich an Franzi denke, -wenn
1032 1222 2795 1409 ich denbereint tet wieder arieklemen werde
1041 1367 1613 1538 Richard: Nurz-
1032 1522 2361 1679 Antoinette: (in Reisekleid, tritt r.
1032 1656 2397 1789 Habt Ihr Euch noch tüchtig mit ein
1022 1756 2286 1923 plaudertz jetzt istis aber Schl.
1036 1909 1496 2059 heinnissen.
1020 2031 2298 2225 Sidon:(kometl Und un neun Uhr zu
1029 2193 1219 2317 2u8.
1036 2286 1588 2460 Diener-Tkonnt
1034 2439 1564 2587 sidon: Ja. se.
1036 2549 2842 2713 Ludnig: Aiso, lieber freund, ich danke dir noch
1022 2678 2793 2868 mals sehr. Und dass du mir indess nicht alle
1022 2805 2232 2973 meine Patienten gesund machst.
1032 2945 2889 3105 Richard: In dieser Hinsicht übernehme ich keine
