3144 3608
1945 296 2781 463 liebe Hendore und
1245 308 1390 444 20
947 392 2928 564 sidon: Sierind ein Gentlenen, fet weise Das Mal-
942 518 2825 703 heur ist nur, dase der richtige Gentiemen es in-
942 641 2746 811 mer zu sein pflegt, also auch an unrechten Ort
1304 759 1753 845 mandem
919 796 2359 942 und sich(Verpflichtungen einbildet.
934 905 2529 1122 loradel und Rutte harhet treten dazu. un
2716 956 2852 1112 p0
956 1050 1886 1163 Ezdon zu verabschieden)
942 1203 2223 1346 Gradel: Verehrter Herr Konnerzia
932 1287 2477 1432 Richard: (tritt von ihnen weg zum Büffet
927 1459 2002 1590 sich ein Gläs Cognae geben)
922 1553 2608 1701 seidon mit Rutte und Gradel der Aufgangstü
915 1703 1654 1864 Karl. Bern tritt zu
1841 1740 1989 1814 enel
1797 1804 1982 1888 dich
919 1817 2778 1977 Karl ber: Die Logefhabe ich schon. Dexfriahrat
917 1955 2642 2122 Amergenebringend sa ist die Enterenlage.
912 2061 2716 2255 Relene: Atterehte Nicht du segen
902 2231 1099 2364 nier
915 2283 2642 2519 Kerl dem: lscherzhaft( Schanet /Lich meiner?
907 2475 2238 2657 Hefene:Das Geheinnis ist schöner.
910 2606 2756 2817 Karl dern: Du hast Recht, wie inner.-DurErteX
902 2721 2756 2904 willst du dir die Loge bei mir Ahnolen oder sei
892 2852 2771 3029 ich Sie Ihnen vielleicht bringen;gnädiges Freu-
892 3007 1124 3145 leine
