3240 3480
2704 390 2854 554 233
1196 449 1903 651 ereniöre Sringen.
1191 630 2515 783 Fricke: Welche Hiebenswürdigkeit.
1203 848 2901 1046 KKarl Dern tritt ein. Ueberzicher, Rat. De-
1196 1010 1604 1178 grüssung.
1196 1131 2960 1290 Karl Bern: Ich störe hoffentlich nicht. Ich
1185 1254 2881 1425 komme nur eben vorbei, um Ihnen die Loge zu
1194 1411 2832 1580 bringen. Es wird mir eine besondere Ehre
1180 1550 2863 1728 sein, Herr Präsident, falls es Ihre Zeit er-
1180 1683 1470 1802 laubt -
1171 1791 2899 1970 Pricke: Ich danke sehr. Darf ich fragen, was
1176 1932 1871 2073 ich schuldig bin?
2049 2004 2327 2138 nichte
1162 2071 2948 2280 Karl Bern:(abmehrend/Er ist die (Autorenloge-
1160 2221 2217 2351 gratis, auch unverzauflieh
1162 2338 2930 2549 Pricke: Nachelnal der ist ja beinche zu viel
1162 2475 1414 2601 Ehre.
1149 2609 2953 2782 Kerl Bern: Also gratis, dakerxekxanxerExEEEX
1158 2735 2937 2888 Eekxx trotzdem sind ie natürlich nicht ver-
1151 2811 1512 2892 pflichtet.
1151 2865 2903 3056 Puhktet zu spplaudieren. Ja, ich stelle es
1140 2993 2863 3150 Ihnen vollkommen frei, Herr Präsident, Ihren
