3272 3496
2702 266 2852 408 282
995 403 2910 628 Raohardi(nadt kurzen Hegren) wäre es Innen viel-
1003 555 2621 699 leicht müglich einen Brief zu bestellent
1018 679 2029 843 togenschlieeseri(adgert)
1016 818 2971 1023 Ribherdilgibt ihm einen Frief, augleich ein Frink-
1018 957 2110 1140 gelal Ee ist sehr dringend.
1021 1061 2872 1238 Rogenechlieseer: Ich werde das Erfeferl meiner
1021 1208 2940 1398 Frau geben, sie ist Gerderobldre, trasch die Stu-
1028 1383 1459 1537 ten hinabl
1026 1456 3059 1692 Trcherdilin die Loge zurlek, einige Norte der Schan-
1018 1621 3029 1872 sploder, kann verrtändlich, dringen herauk, Püre nie-
1016 1798 1385 1968 der aul.
1033 1955 2897 2142 Anseger: laie Stasen herauf, klopft an die Logen-
1036 2140 2874 2289 tur Iv, dann oftnet er selbst) Ee war Zeit, Herr
1048 2317 1340 2464 oktor.
1031 2398 2958 2545 Karl Bern,stritt heraus) Aber ich will doch erst
1046 2517 3074 2728 Sohlner kommen, ich hab'& sa den Herrn Regieseur
1041 2674 1332 2816 geragt.
1048 2765 3014 2955 1In diesen Angenblick ist der Akt zu Ende, Applaue
1038 2915 1785 3100 vestaret retzten
1464 3042 2877 3224 ist höchete Zeit, Herr vokter, dese
1064 3105 1385 3275 eeger.
