3224 3544
1202 467 2959 663 Richard: Sie haben Recht - mit jedem Wort.
1193 611 3001 726 Karl Bern: (beinahe erschrocken) Ein Abschiede-
1200 731 2828 911 brief? (schüttelt den Kopf) Das würde ich
1197 893 2920 1053 mir doch noch überlegen.- Keinesfalls über-
1200 1026 2307 1164 nehme ich die Verantwortung.
1200 1141 2911 1310 Zichard: Verlange ich gar nicht von Ihnen.
1209 1272 3022 1425 Es muss Ihnen wohl genügen, dass Sie mich über-
1206 1427 1689 1560 zeugt haben.
1202 1531 2882 1714 Karl Bern: Komisch,-mich selber eigentlich
1202 1687 1725 1824 nicht völlig.
1202 1781 2868 1984 Richard: lnimmt seinen Brief fester in die
1197 1951 1412 2084 Hand)
1206 1980 2979 2165 Karl Dern: Aber - geben Sie mir den Brief für
1209 2232 1648 2361 alle Falle.
1197 2320 2158 2429 Richard: (etwas erstaunt)
1200 2469 2990 2650 Karl. Bern: Ich möchte ihn doch der Sicherheit
1200 2589 2490 2765 halber selber ins Kastel werfen.
1200 2742 1876 2884 Richar d: (zögertl
1193 2839 2997 3051 Karl der: Sie sind also doch nicht entschlos-
1200 3017 1391 3166 sen?
