3208 3544
2411 270 2574 411 305
811 321 2863 592 Anten Herr deron. O, Sroger. Ich kenn sie in meinem
842 559 1964 719 Magen mitnehnen, Herr Gregor.
842 679 1735 847 Gregor: Ikentschlossen!
855 791 2796 975 Roveda: Kopf hoch, mein Freund1 Du machet sie ja
842 936 2426 1112 doch nicht wieder lebendig.slmit ihn abl
839 1066 2587 1253 (Zoblein und Baron nach der anderen Seitel
888 1209 2771 1378 Toreda: (entweder fr체her zum Baron oder jetzt zu
862 1334 2702 1500 Gregor) Der Tod ist ein Element, gegen das sich
852 1467 1633 1638 nichte sagen l채set.
862 1582 2214 1765 TRichard mit Bern aus dem Theaterl
873 1730 2906 1916 (Indessen haben sich die Gruppen aufgeldst, zum Feil
857 1860 2778 2074 neu gebildet, im kanzen wird esfteerer in der N채he
862 2015 1388 2138 des Theaters)
2087 2044 2334 2174 Doktor
855 2125 2898 2299 Kari Dern:Niemand ist Schuld.Sie, am allerwenigsten.
847 2288 1868 2429 Ee mueste wohl so kommen.
852 2378 1771 2564 Richard: .. Kueste -
852 2510 2898 2730 Kerl Ver: Hier ist Ihre Schwester und Frautein Me-
860 2684 1168 2796 thilde.
860 2783 2704 2965 Richard: Man sollte mich lieber allein lassen.
852 2924 1760 3084 Berl Bern: Konnen Sief
855 3046 2666 3230 fert dern:(Es w체rde Ihrer Schnester meh tun-
