2824 3416
2263 292 2433 441 222
462 422 1228 615 Mathilde: (schütteit
1327 571 2347 738 jetzt alles viel besser ais
462 579 1192 754 Helene: Ich verste
1246 709 2488 900 Berns Augen sehe ich alles viel
462 717 1155 887 früher. Durch ke
456 834 1186 1022 klarer als vorher.
462 957 2467 1150 Mathilde: Also von ihm, von Karl Bern stannt, wohl
467 1106 2388 1306 auch diese idee, dase ich ihn hier entgegentreten.
459 1275 683 1411 s0212
454 1369 2461 1570 Helene: Nur ein neuer, ein besserer Zauber kann den
454 1507 949 1666 alten iesen.
451 1638 1778 1791 Mathilde: Meinst du das wirklicht
448 1770 1757 1937 Helene: Ich halte es für möglich,
441 1883 2451 2076 Mathilde: Und ich sage dir, dass das nichts ist als
454 2021 1533 2203 ein abgeschmackter Einfall.
435 2156 2532 2331 Helene: Das findet Bern auch, obwohl oder weil er den
451 2282 2391 2464 Einfall gehabt hat. (ernethafterl Aber ich finde,
441 2428 1945 2594 dass er die Rettung seinkann, für ihn
446 2545 1812 2704 Mathilde: Er ist in keiner Gefahr.
438 2675 1283 2824 Holene: Und für dich.
435 2774 1674 2952 Mathilde: Und ich gewiss nicht.
435 2931 2407 3116 Helene: Muss inmer gleich das Leben auf dem Spiel
438 3098 2448 3265 stehen? Da hast vielleicht Recht, der Zauber oder,
