3192 3640
2670 437 2804 587 283
889 554 1796 744 sich mehr nach rechts.
889 658 2784 884 Fanni und Fedor (als Franzi und Gregorl sind al-
879 836 2743 955 lein auf der Bühne des Residenztheaters zurück-
894 980 1339 1146 geblieben.
912 1087 2784 1280 ohn: Wo ist das Buftet, wo bleibt der Realismus?
881 1227 2918 1417 Barof: (auf die Bühne lauschend) kein Wort versteht.
869 1379 1684 1527 man von der Friesel.
876 1458 2708 1679 Karl Bern: Die Sachen muss sie ja leise sagen.
881 1613 2824 1814 Baren: Wenn man nichts versteht, da hätten Sie die
876 1737 2837 1946 Szene ja nicht erst schreiben müssen. (wird immer
866 1890 2807 2073 nervöser; zu Löblein) Retten Sie, was noch zu ret-
871 2032 1834 2169 ten ist! lab nach links)
879 2078 2870 2339 1Kerl Bem:labranrttatz zu Löblein) Ich scheine
866 2289 2746 2441 ja einigermassen in Ungnade gefallen zu sein-
861 2418 2741 2591 Löblein: Machen Sie sich nichts draus, das wech-
861 2560 2807 2728 selt beim Baron. Ee kommt ganz darauf an,mit wem
866 2672 2903 2883 er jetzt reden wird, was morgen in der Zeitung steht
853 2817 2885 3007 und wieviel morgen in der Kasse ist. Das zusannen-
861 2962 2868 3157 addiert und dividiert durch drei, das ist denn sein
