3320 3624
970 561 2128 797 Gottreldank. (ab gegen rechts
968 712 1241 860 Herrn)
982 853 2698 1043 (der Applaus wird schwächer. Helene und Kri.
956 1014 1950 1112 stehen in der Logentüre
965 1116 2798 1336 elene: Jetzt seg aber einmal aufrichtig, Pater
990 1253 1892 1358 tück gefällt dir doch?
973 1336 2411 1580 Fricke: diso ganz aufrichtig - nein.
934 1519 1814 1675 Helene: Einfachgnein?
943 1631 2903 1845 Pricke: Nein. Eine gewiese Gewandtheit, auch Beob-
936 1772 2806 1945 achtungsgahe, die ist ihm ja nicht abzustreiten.
936 1933 2810 2089 aber weg mir auf die Merven geht, -das iet diese
912 2057 2094 2218 Atmosphüre der Indiskretion-
919 2184 2852 2377 Neiene: Indiskretione Man könnte violleicht auch
907 2316 1701 2469 gegen: Fhrlichkeit.
914 2445 2803 2625 Pricke: Kelleicht... Aber von der Ehrlichkett
909 2579 2786 2737 zur ndiskretion iet eben auch nur ein Schritt.
909 2823 2769 2988 (due der Zoge I treten Baron und Doktor Braunl.
895 2952 2686 3164 Frauni Gregor hat einen besondern guten Abend
887 3103 2520 3283 Deroni Seine Kartnerin scheint ihn zu in
887 3210 2316 3393 Fraun: Ee sollen auch Friratprobene
