3288 3464
2688 393 2842 535 223
1145 495 1454 627 narmen.
1143 620 2997 818 4111: Ja, das ist schon nicht andere beim Thea-
1143 778 1932 924 ter, Frau Ignanzrat.
1152 877 3028 1058 Mutter: Tagen ie mir doch nicht inner Frau El-
1155 1020 3044 1183 nanzrat. Zuolf Jahr lang ist mein Mann tot. När
1147 1152 2908 1296 manches andere geworden, wenn er am Leben ge-
1145 1275 3030 1466 blieben wäre. (Mlick euf die Mandahr 1 Um seche
1131 1421 2908 1600 muss sie wieder im Theater sein und ine Bett
1131 1546 2785 1715 kohnt sie nicht vor ewdlf oder halb eine.
1159 1666 2962 1861 4121: Wen will doch manchnal nach dem Thester
1133 1800 2985 2012 ein bisi plandern mit Kollegen und Kolleginnen
1138 1949 1645 2099 im Gerthaus.
1124 2066 3016 2231 Mutter: Ich gönn'e ihr ja,sie soll sich nur un-
1131 2203 2875 2361 terhalten,-ist mir jedenfalie lieber aie in
1124 2340 2941 2512 vorigen Jahr, no sie ar inner nur den Einen in
1112 2450 2997 2670 Kopf gehobt hat. De, schön hat er ihr'e gelohnt.
1112 2582 2005 2757 wili:(fragender Blickl
1122 2743 2170 2898 Mntter: Geheiratet hat er.
1110 2868 2929 3037 Arlt: So - so -ich hab mich nicht zu fregen g.
1115 2988 2278 3183 trast. Aee geheiratet hat er
