2856 3448
1981 265 2125 365 227
524 417 1366 584 Helene: ltriti hervorl
532 547 1626 724 Mathilde: (bewegtsich nichtl
532 664 2475 844 Richard: Was soll das bedeuten? Helene? Mathildel
529 754 2300 967 deiene: Da man dich nur hier sprechen kenn-
544 892 2420 1126 Richerd: Zahmünstanstaht Zuhause wäre es einfe-
542 1091 1084 1214 cher gewesen.
539 1189 1878 1364 Helene: Ich glaube nicht, Richard.
544 1316 2483 1521 Richard: Ihr werdet mich wohl entschuldigen, wenn
547 1471 1284 1638 ich mich entferne.
547 1588 1683 1758 Helene: Tu es nicht, Richard.
554 1618 2517 1891 Richard: Was habt Ihr hier zu suchen, Ihr beide?
557 1843 2450 2045 Mathilde: (will an ihnen vorbei, um das Zimmer zu
567 2005 1011 2165 verlassend.
559 2078 2572 2288 Deiene: Ich habe sie heraufgelockt, nur mir darfst
569 2238 2410 2418 au die Schuld geben. (sie ist bei Mathilde und
572 2405 1184 2557 halt ihre Hand)
569 2545 1621 2672 Mathilde: Jass mich gehen.
572 2637 2575 2817 Richard: Es ist nicht guttkelene, was du da gemacht
569 2795 817 2942 hast.
569 2895 2470 3119 Rolene: Du hest heute zum Jetzten Mal hier sein
