3304 3496
2724 372 2998 516 266 a
1301 438 2311 635 Jadrig: Glücklicherneise.
1310 588 3038 747 Richerd-Init Spott) Und der Schnerz un dich
1306 722 3065 898 hat sie offenbar zu einer grossen Künstlertn
1299 857 1636 1016 gemacht.
1286 963 3022 1144 Lndwig: Ich will nicht unbescheiden sein-
1283 1131 3092 1299 se wäre se nuch möglich, dass sie sich getroge
1277 1245 3045 1434 tet hat - eogar mehrecheinlich, -aber es wird
1265 1353 2962 1568 nicht gar geschner sein eie diesen Greger
1265 1503 2053 1681 wieder megranchnen.
