3288 3464
2708 387 2848 537 293
1171 491 3083 711 Soll das Eift schon längere Zeit bei sich getra-
1171 639 1585 789 gen haben.
1171 762 2101 929 Dregulein: Armes Mädel.
1183 905 3081 1096 (Bewegung auf dem Gang, die darauf hindeutet, dass
1198 1045 2376 1200 die Bahre herbeigetragen wird)
1203 1188 3100 1353 bregor: (schlagt plötzlich der Lange nach auf den
1176 1312 1612 1459 Boden hinl
1179 1421 2768 1621 Pregulein: Gregor - aber! Das macht man
1162 1568 2057 1694 mehr auf dem Theater!
1179 1670 2991 1822 (Entsprechende Bewegung im Konversationszimmer
1169 1832 2839 2009 Man gruppiert sich, als wenn man die Bahre
1166 1965 2998 2156 beilassen wollte. Das Sofa istszun Empfang be-
1164 2113 1377 2212 reit)
1171 2207 3049 2401 Kommissär: Der Leichnam ist selbstverständlich
1166 2393 1735 2522 beschlagnahmt.
1166 2490 3115 2650 Eregulein: Der Leichnam. Vor fünf Minuten war sie
1159 2631 2996 2776 noch das Fräulein Franziska Friesel,Schauspie-
1159 2754 2209 2919 lerin am Residenztheater.
1174 2882 2405 3001 (Die Bahre wird hereingetragen)
1154 3027 2788 3192 Dregulein: Leichnan - g’schwind geht das.
