<?xml version="1.0" encoding="UTF-8" standalone="yes"?>
<PcGts xmlns="http://schema.primaresearch.org/PAGE/gts/pagecontent/2013-07-15" xmlns:xsi="http://www.w3.org/2001/XMLSchema-instance" xsi:schemaLocation="http://schema.primaresearch.org/PAGE/gts/pagecontent/2013-07-15 http://schema.primaresearch.org/PAGE/gts/pagecontent/2013-07-15/pagecontent.xsd">
    <Metadata>
        <Creator>prov=READ-COOP:name=PyLaia@TranskribusPlatform:version=2.7.0:model_id=50870:lm=none:date=22_01_2024_18:10</Creator>
        <Created>2023-09-27T14:33:56.358+02:00</Created>
        <LastChange>2024-01-22T18:10:39.688+01:00</LastChange>
        <TranskribusMetadata docId="1589031" pageId="60124111" pageNr="404" tsid="145631893" status="IN_PROGRESS" userId="40391" imgUrl="https://files.transkribus.eu/Get?id=GRYRVIQARQNKKQJWHMZNIYNJ&amp;fileType=view" xmlUrl="https://files.transkribus.eu/Get?id=FTTPTLGVSRNDMYBBAGLMHEXK" imageId="48549189"/>
    </Metadata>
    <Page imageFilename="1589031_0404.jpg" imageWidth="2824" imageHeight="3432">
        <ReadingOrder>
            <OrderedGroup id="ro_1711794702830" caption="Regions reading order">
                <RegionRefIndexed index="0" regionRef="tr_2"/>
                <RegionRefIndexed index="1" regionRef="tr_1"/>
            </OrderedGroup>
        </ReadingOrder>
        <TextRegion orientation="0.0" id="tr_2" custom="readingOrder {index:0;}">
            <Coords points="2366,308 2366,461 2497,461 2497,308"/>
            <TextLine id="tr_2_tl_1" custom="readingOrder {index:0;}">
                <Coords points="2353,413 2373,411 2429,430 2446,420 2493,423 2488,288 2459,283 2442,298 2422,298 2400,312 2387,300 2351,307"/>
                <Baseline points="2366,408 2392,408 2418,408 2444,410 2470,411 2497,411"/>
                <TextEquiv>
                    <Unicode>229</Unicode>
                </TextEquiv>
            </TextLine>
            <TextEquiv>
                <Unicode></Unicode>
            </TextEquiv>
        </TextRegion>
        <TextRegion orientation="0.0" id="tr_1" custom="readingOrder {index:1;}">
            <Coords points="549,433 549,3069 2533,3069 2533,433"/>
            <TextLine id="tr_1_tl_1" custom="readingOrder {index:0;}">
                <Coords points="625,524 1925,575 1979,566 1974,401 1775,460 1593,416 1443,447 1328,393 1109,443 794,408 735,455 622,447"/>
                <Baseline points="638,495 705,502 772,507 839,510 907,513 974,513 1041,516 1109,516 1176,516 1243,519 1311,522 1378,522 1445,522 1512,525 1580,528 1647,528 1714,531 1782,532 1849,531 1916,534 1984,531"/>
                <TextEquiv>
                    <Unicode>Richard: War's mir um Dank zu tun?</Unicode>
                </TextEquiv>
            </TextLine>
            <TextLine id="tr_1_tl_2" custom="readingOrder {index:1;}">
                <Coords points="629,642 885,644 993,676 1119,652 1239,691 1286,669 1406,693 1426,580 1121,575 1070,602 858,558 809,588 627,585"/>
                <Baseline points="641,629 680,632 720,634 760,637 799,638 839,639 879,641 918,640 958,638 998,641 1038,641 1077,643 1117,646 1157,647 1196,647 1236,647 1276,648 1315,653 1355,653 1395,653 1435,656"/>
                <TextEquiv>
                    <Unicode>Helene: Um was also?</Unicode>
                </TextEquiv>
            </TextLine>
            <TextLine id="tr_1_tl_3" custom="readingOrder {index:2;}">
                <Coords points="625,824 1520,789 1746,843 2137,806 2284,851 2324,841 2321,684 1915,720 1770,679 1596,730 1020,661 880,720 740,679 622,701"/>
                <Baseline points="635,761 719,763 804,766 889,771 974,772 1058,775 1143,776 1228,778 1313,781 1397,781 1482,781 1567,787 1652,787 1736,790 1821,790 1906,792 1991,793 2075,796 2160,799 2245,802 2330,805"/>
                <TextEquiv>
                    <Unicode>Richard: Ich habe eine so szakte Schwester.</Unicode>
                </TextEquiv>
            </TextLine>
            <TextLine id="tr_1_tl_4" custom="readingOrder {index:3;}">
                <Coords points="620,897 1165,969 1333,915 1549,959 1748,927 1824,969 1942,929 2316,1013 2407,976 2405,851 2176,824 2048,878 1849,809 1564,853 617,809"/>
                <Baseline points="632,889 721,895 810,898 899,901 988,901 1077,904 1166,907 1255,913 1344,910 1433,916 1523,919 1612,922 1701,922 1790,922 1879,925 1968,928 2057,930 2146,931 2235,933 2324,936 2414,934"/>
                <TextEquiv>
                    <Unicode>Helene:Ich bin so exakt, dass ich keinen Närrn</Unicode>
                </TextEquiv>
            </TextLine>
            <TextLine id="tr_1_tl_5" custom="readingOrder {index:4;}">
                <Coords points="615,1067 767,1035 1497,1079 1495,979 610,966"/>
                <Baseline points="626,1026 669,1029 713,1029 757,1026 801,1029 844,1029 888,1029 932,1031 976,1034 1019,1035 1063,1037 1107,1040 1151,1041 1194,1041 1238,1041 1282,1041 1326,1043 1369,1044 1413,1044 1457,1046 1501,1053"/>
                <TextEquiv>
                    <Unicode>zum Bruder haben will.</Unicode>
                </TextEquiv>
            </TextLine>
            <TextLine id="tr_1_tl_6" custom="readingOrder {index:5;}">
                <Coords points="610,1165 1431,1234 1566,1200 1564,1116 1483,1084 1254,1129 1148,1087 816,1114 698,1070 607,1084"/>
                <Baseline points="620,1148 667,1148 714,1154 762,1157 809,1158 857,1160 904,1160 952,1160 999,1161 1047,1163 1094,1165 1141,1166 1189,1166 1236,1168 1284,1169 1331,1172 1379,1172 1426,1175 1474,1175 1521,1179 1569,1184"/>
                <TextEquiv>
                    <Unicode>Richard: (will erwidernl.</Unicode>
                </TextEquiv>
            </TextLine>
            <TextLine id="tr_1_tl_7" custom="readingOrder {index:6;}">
                <Coords points="602,1328 1298,1311 1475,1347 1537,1313 1935,1330 2031,1372 2358,1345 2355,1222 2181,1207 2048,1252 1682,1212 1618,1261 1470,1207 1153,1242 1015,1210 922,1247 597,1210"/>
                <Baseline points="614,1277 701,1286 788,1286 876,1289 963,1294 1051,1295 1138,1297 1226,1300 1313,1300 1401,1304 1488,1306 1575,1307 1663,1310 1750,1313 1838,1316 1925,1317 2013,1320 2100,1320 2188,1325 2275,1328 2363,1328"/>
                <TextEquiv>
                    <Unicode>Helene: Ach, lass mich nur reden. Wenn du ihr</Unicode>
                </TextEquiv>
            </TextLine>
            <TextLine id="tr_1_tl_8" custom="readingOrder {index:7;}">
                <Coords points="583,1443 669,1475 1200,1431 1551,1478 2245,1475 2279,1401 2087,1352 1733,1419 1448,1345 1190,1394 1129,1350 580,1350"/>
                <Baseline points="596,1423 680,1420 765,1420 849,1422 934,1422 1018,1426 1103,1424 1187,1430 1272,1432 1356,1432 1441,1435 1525,1438 1610,1443 1694,1444 1779,1445 1863,1447 1948,1447 2032,1450 2117,1450 2201,1453 2286,1459"/>
                <TextEquiv>
                    <Unicode>gleich gefolgt wärst - ja, in den Tod - ich</Unicode>
                </TextEquiv>
            </TextLine>
            <TextLine id="tr_1_tl_9" custom="readingOrder {index:8;}">
                <Coords points="593,1581 1050,1554 1571,1618 1694,1581 1753,1628 1827,1583 2186,1588 2395,1645 2466,1630 2464,1527 2036,1510 1967,1547 1684,1473 1217,1517 1006,1443 590,1468"/>
                <Baseline points="605,1554 698,1548 791,1548 884,1552 978,1554 1071,1555 1164,1555 1258,1562 1351,1565 1444,1566 1538,1566 1631,1572 1724,1575 1817,1575 1911,1579 2004,1584 2097,1584 2191,1589 2284,1588 2377,1592 2471,1590"/>
                <TextEquiv>
                    <Unicode>glaube, der Gedanke wäre ertrüglich geworden mit</Unicode>
                </TextEquiv>
            </TextLine>
            <TextLine id="tr_1_tl_10" custom="readingOrder {index:9;}">
                <Coords points="580,1697 770,1738 1210,1699 1490,1770 1586,1716 2424,1758 2422,1640 2370,1633 2201,1682 1947,1638 1869,1682 1736,1610 1645,1652 1551,1606 1163,1638 809,1588 580,1642"/>
                <Baseline points="593,1674 684,1677 776,1680 868,1686 960,1687 1052,1689 1143,1692 1235,1693 1327,1696 1419,1699 1511,1704 1602,1704 1694,1707 1786,1710 1878,1713 1970,1716 2061,1720 2153,1718 2245,1721 2337,1724 2429,1724"/>
                <TextEquiv>
                    <Unicode>der Zeit. Aber unsinnig,hässlich. ist, was du in</Unicode>
                </TextEquiv>
            </TextLine>
            <TextLine id="tr_1_tl_11" custom="readingOrder {index:10;}">
                <Coords points="575,1837 745,1861 1003,1817 1180,1869 1628,1844 1871,1883 1918,1849 2043,1893 2178,1851 2434,1886 2488,1883 2486,1765 2405,1756 2301,1827 2075,1768 1768,1768 1677,1812 1561,1763 1311,1778 1217,1729 1104,1778 897,1726 573,1729"/>
                <Baseline points="590,1805 685,1806 780,1813 875,1812 970,1815 1066,1819 1161,1822 1256,1826 1351,1826 1446,1829 1542,1833 1637,1834 1732,1836 1827,1839 1922,1843 2018,1844 2113,1847 2208,1853 2303,1854 2398,1856 2494,1856"/>
                <TextEquiv>
                    <Unicode>dieser Zeit getrieben hast und was du etwa noch</Unicode>
                </TextEquiv>
            </TextLine>
            <TextLine id="tr_1_tl_12" custom="readingOrder {index:11;}">
                <Coords points="573,1997 1015,1957 1325,2009 1458,1965 1635,2009 2208,1989 2368,2048 2365,1942 2021,1935 1842,1878 1768,1918 1431,1918 1335,1856 1055,1908 664,1824 568,1874"/>
                <Baseline points="584,1936 673,1939 762,1942 852,1948 941,1948 1031,1948 1120,1951 1209,1954 1299,1957 1388,1960 1478,1963 1567,1966 1656,1969 1746,1972 1835,1975 1925,1978 2014,1978 2103,1984 2193,1984 2282,1984 2372,1984"/>
                <TextEquiv>
                    <Unicode>tun willst. Fühlst du dich schuldig? Nun, wenn</Unicode>
                </TextEquiv>
            </TextLine>
            <TextLine id="tr_1_tl_13" custom="readingOrder {index:12;}">
                <Coords points="561,2110 1362,2102 1465,2171 1758,2110 1923,2156 2444,2154 2439,2051 2031,2021 1940,2060 1529,2053 1397,2006 1217,2048 1170,2011 556,1987"/>
                <Baseline points="572,2068 665,2074 759,2074 853,2078 947,2081 1040,2083 1134,2088 1228,2091 1322,2092 1415,2097 1509,2100 1603,2103 1697,2103 1790,2106 1884,2109 1978,2111 2072,2112 2165,2114 2259,2118 2353,2121 2447,2115"/>
                <TextEquiv>
                    <Unicode>du es so fühlst ist edganz richtig und vernünf-</Unicode>
                </TextEquiv>
            </TextLine>
            <TextLine id="tr_1_tl_14" custom="readingOrder {index:13;}">
                <Coords points="553,2225 895,2252 1106,2220 1429,2282 2279,2252 2410,2304 2407,2210 1628,2154 1259,2181 885,2107 676,2159 548,2102"/>
                <Baseline points="564,2196 656,2205 748,2211 841,2211 933,2211 1025,2214 1118,2220 1210,2219 1302,2223 1395,2225 1487,2228 1579,2232 1672,2235 1764,2237 1856,2241 1949,2241 2041,2247 2133,2250 2226,2253 2318,2254 2411,2259"/>
                <TextEquiv>
                    <Unicode>tig, dass du etwas sühnen willst. Aber soll das</Unicode>
                </TextEquiv>
            </TextLine>
            <TextLine id="tr_1_tl_15" custom="readingOrder {index:14;}">
                <Coords points="546,2380 888,2353 1106,2412 1315,2353 2311,2439 2491,2400 2488,2324 2311,2301 1947,2336 1315,2279 836,2296 696,2252 543,2277"/>
                <Baseline points="558,2330 654,2333 751,2339 848,2342 945,2345 1042,2347 1138,2351 1235,2351 1332,2351 1429,2358 1526,2362 1622,2363 1719,2366 1816,2369 1913,2373 2010,2376 2106,2381 2203,2381 2300,2387 2397,2387 2494,2393"/>
                <TextEquiv>
                    <Unicode>Sühne sein, dass du Abend für Abend hieher kommst,</Unicode>
                </TextEquiv>
            </TextLine>
            <TextLine id="tr_1_tl_16" custom="readingOrder {index:15;}">
                <Coords points="556,2510 915,2540 1111,2481 1404,2525 1689,2501 1891,2560 1955,2520 2284,2518 2515,2592 2528,2483 2115,2417 2063,2459 1699,2464 1296,2437 1158,2385 1079,2434 551,2405"/>
                <Baseline points="567,2465 665,2466 763,2472 861,2476 960,2479 1058,2482 1156,2482 1255,2485 1353,2488 1451,2491 1550,2497 1648,2497 1746,2503 1844,2506 1943,2507 2041,2509 2139,2512 2238,2516 2336,2520 2434,2523 2533,2533"/>
                <TextEquiv>
                    <Unicode>wo du mit ihr wahrscheinlich sehr glücklich warst,</Unicode>
                </TextEquiv>
            </TextLine>
            <TextLine id="tr_1_tl_17" custom="readingOrder {index:16;}">
                <Coords points="548,2641 659,2665 1003,2611 1298,2665 1510,2633 1701,2695 1977,2705 2159,2653 2486,2729 2513,2584 2358,2619 1960,2555 1751,2589 1625,2533 1520,2582 1421,2545 1092,2572 723,2501 546,2552"/>
                <Baseline points="561,2602 659,2603 757,2604 855,2607 953,2611 1051,2614 1149,2615 1247,2620 1345,2623 1443,2624 1541,2626 1639,2629 1737,2633 1835,2636 1933,2641 2031,2641 2129,2644 2227,2648 2325,2653 2423,2658 2521,2656"/>
                <TextEquiv>
                    <Unicode>und deinen traurigen Gedanken nachhänget? Sie sel-</Unicode>
                </TextEquiv>
            </TextLine>
            <TextLine id="tr_1_tl_18" custom="readingOrder {index:17;}">
                <Coords points="543,2744 728,2786 937,2756 1119,2801 1170,2769 1458,2791 1566,2830 1628,2810 1625,2678 1325,2643 1264,2690 1114,2700 541,2665"/>
                <Baseline points="558,2724 611,2728 665,2730 719,2732 773,2733 827,2736 881,2737 934,2739 988,2739 1042,2741 1096,2745 1150,2743 1204,2745 1258,2747 1311,2748 1365,2751 1419,2752 1473,2754 1527,2754 1581,2759 1635,2760"/>
                <TextEquiv>
                    <Unicode>ber mär es nicht zufrieden.</Unicode>
                </TextEquiv>
            </TextLine>
            <TextLine id="tr_1_tl_19" custom="readingOrder {index:18;}">
                <Coords points="538,2887 929,2864 1303,2948 1606,2896 1918,2955 1997,2916 2080,2958 2304,2919 2461,2955 2427,2788 1972,2840 536,2764"/>
                <Baseline points="552,2853 647,2860 743,2862 839,2864 935,2864 1031,2869 1126,2872 1222,2876 1318,2879 1414,2883 1510,2885 1605,2888 1701,2891 1797,2893 1893,2897 1989,2900 2084,2903 2180,2906 2276,2911 2372,2912 2468,2915"/>
                <TextEquiv>
                    <Unicode>Richard: Sie würden noch leben, wenn ich nicht so</Unicode>
                </TextEquiv>
            </TextLine>
            <TextLine id="tr_1_tl_20" custom="readingOrder {index:19;}">
                <Coords points="538,3076 964,3024 1347,3037 1416,3078 1657,3081 1768,3029 1832,3069 2090,3049 2087,2978 1952,2933 1792,2968 1537,2923 1394,2963 811,2921 534,2948"/>
                <Baseline points="549,2990 626,2994 703,2997 780,2997 858,2999 935,3001 1012,3003 1090,3005 1167,3008 1244,3011 1322,3014 1399,3014 1476,3017 1553,3021 1631,3026 1708,3029 1785,3029 1863,3029 1940,3032 2017,3037 2095,3038"/>
                <TextEquiv>
                    <Unicode>feig gewesen wäre, so ernselig,so eitel.</Unicode>
                </TextEquiv>
            </TextLine>
            <TextEquiv>
                <Unicode></Unicode>
            </TextEquiv>
        </TextRegion>
    </Page>
</PcGts>
