<?xml version="1.0" encoding="UTF-8" standalone="yes"?>
<PcGts xmlns="http://schema.primaresearch.org/PAGE/gts/pagecontent/2013-07-15" xmlns:xsi="http://www.w3.org/2001/XMLSchema-instance" xsi:schemaLocation="http://schema.primaresearch.org/PAGE/gts/pagecontent/2013-07-15 http://schema.primaresearch.org/PAGE/gts/pagecontent/2013-07-15/pagecontent.xsd">
    <Metadata>
        <Creator>prov=READ-COOP:name=PyLaia@TranskribusPlatform:version=2.7.0:model_id=50870:lm=none:date=22_01_2024_18:10</Creator>
        <Created>2023-09-27T14:33:47.519+02:00</Created>
        <LastChange>2024-01-22T18:10:17.958+01:00</LastChange>
        <TranskribusMetadata docId="1589031" pageId="60123767" pageNr="319" tsid="145631716" status="IN_PROGRESS" userId="40391" imgUrl="https://files.transkribus.eu/Get?id=KUITDOBKSHKIOUTYPLIHFWLH&amp;fileType=view" xmlUrl="https://files.transkribus.eu/Get?id=TSPQSNZAKDULIDVQONOYMSCX" imageId="48548845"/>
    </Metadata>
    <Page imageFilename="1589031_0319.jpg" imageWidth="3304" imageHeight="3496">
        <ReadingOrder>
            <OrderedGroup id="ro_1711794572880" caption="Regions reading order">
                <RegionRefIndexed index="0" regionRef="tr_1"/>
            </OrderedGroup>
        </ReadingOrder>
        <TextRegion orientation="0.0" id="tr_1" custom="readingOrder {index:0;}">
            <Coords points="1083,461 1083,3080 3030,3080 3030,461"/>
            <TextLine id="tr_1_tl_1" custom="readingOrder {index:0;}">
                <Coords points="1068,586 1477,534 1611,574 1764,541 1931,569 1936,452 1586,478 1491,447 1233,499 1167,466 1070,492"/>
                <Baseline points="1083,549 1125,544 1168,543 1211,543 1254,541 1297,538 1340,537 1382,537 1425,536 1468,534 1511,533 1554,531 1597,530 1640,528 1682,527 1725,522 1768,522 1811,522 1854,522 1897,519 1940,519"/>
                <TextEquiv>
                    <Unicode>beiläufig oder falsch.</Unicode>
                </TextEquiv>
            </TextLine>
            <TextLine id="tr_1_tl_2" custom="readingOrder {index:1;}">
                <Coords points="1395,678 1760,715 2150,652 2317,701 2437,647 2727,626 2731,550 2484,581 2348,532 2261,583 1931,555 1491,635 1397,612"/>
                <Baseline points="1409,671 1475,665 1541,664 1607,662 1674,655 1740,653 1806,653 1872,651 1939,646 2005,644 2071,641 2137,641 2204,640 2270,635 2336,632 2402,629 2469,626 2535,623 2601,620 2667,618 2734,620"/>
                <TextEquiv>
                    <Unicode>ni erg iet ex ja nost Hiekt</Unicode>
                </TextEquiv>
            </TextLine>
            <TextLine id="tr_1_tl_3" custom="readingOrder {index:2;}">
                <Coords points="1092,835 2468,795 2470,725 2287,687 2216,734 1917,706 1840,758 1724,722 1096,755"/>
                <Baseline points="1107,806 1175,809 1243,808 1312,806 1380,804 1448,803 1517,798 1585,794 1653,792 1722,791 1790,789 1858,784 1927,782 1995,779 2063,777 2132,773 2200,773 2268,768 2337,767 2405,764 2474,770"/>
                <TextEquiv>
                    <Unicode>jedenfalle werken die Leut richt.</Unicode>
                </TextEquiv>
            </TextLine>
            <TextLine id="tr_1_tl_4" custom="readingOrder {index:3;}">
                <Coords points="1082,1007 1515,1009 1866,920 2058,941 2225,903 2317,948 2719,955 2931,880 2936,781 2543,847 2367,790 2000,859 1508,852 1219,903 1087,870"/>
                <Baseline points="1098,940 1189,940 1281,937 1373,934 1465,931 1557,926 1648,922 1740,918 1832,915 1924,912 2016,907 2107,902 2199,899 2291,894 2383,892 2475,891 2566,887 2658,883 2750,877 2842,877 2934,874"/>
                <TextEquiv>
                    <Unicode>Dregulein: Und wenn Imen die richtigen eingefe</Unicode>
                </TextEquiv>
            </TextLine>
            <TextLine id="tr_1_tl_5" custom="readingOrder {index:4;}">
                <Coords points="2094,981 2124,976 2136,986 2183,993 2200,988 2209,997 2270,990 2273,934 2261,934 2225,903 2181,936 2164,925 2153,936 2096,946"/>
                <Baseline points="2107,976 2135,976 2163,975 2192,973 2220,973 2248,973 2277,973"/>
                <TextEquiv>
                    <Unicode>erst</Unicode>
                </TextEquiv>
            </TextLine>
            <TextLine id="tr_1_tl_6" custom="readingOrder {index:5;}">
                <Coords points="2115,1054 2501,1045 2560,1070 2616,1035 2948,1042 2952,922 2851,967 2745,941 2305,960 2244,1000 2117,979"/>
                <Baseline points="2128,1035 2169,1038 2210,1035 2251,1034 2292,1032 2334,1032 2375,1032 2416,1032 2457,1029 2498,1027 2540,1025 2581,1024 2622,1024 2663,1022 2704,1020 2746,1017 2787,1015 2828,1014 2869,1012 2910,1012 2952,1018"/>
                <TextEquiv>
                    <Unicode>Sfrecht nicht merken.</Unicode>
                </TextEquiv>
            </TextLine>
            <TextLine id="tr_1_tl_7" custom="readingOrder {index:6;}">
                <Coords points="1089,1089 1176,1120 1393,1089 1510,1127 2018,1054 2021,997 1861,1005 1823,967 1501,1035 1346,1002 1237,1045 1092,1019"/>
                <Baseline points="1104,1074 1150,1074 1196,1072 1242,1073 1288,1072 1334,1069 1380,1068 1426,1066 1472,1063 1518,1060 1564,1059 1610,1059 1656,1057 1702,1056 1748,1056 1794,1056 1840,1053 1886,1050 1932,1047 1978,1047 2024,1050"/>
                <TextEquiv>
                    <Unicode>len wären - sie taten</Unicode>
                </TextEquiv>
            </TextLine>
            <TextLine id="tr_1_tl_8" custom="readingOrder {index:7;}">
                <Coords points="1092,1212 1127,1228 1308,1207 1369,1240 1461,1242 1548,1200 1701,1221 1701,1141 1656,1127 1275,1164 1092,1143"/>
                <Baseline points="1104,1200 1134,1203 1164,1203 1194,1203 1224,1202 1254,1200 1284,1200 1314,1199 1344,1197 1374,1199 1404,1199 1434,1197 1464,1197 1494,1196 1524,1194 1554,1192 1584,1191 1614,1191 1644,1189 1674,1190 1704,1194"/>
                <TextEquiv>
                    <Unicode>Bern: Aber ich.</Unicode>
                </TextEquiv>
            </TextLine>
            <TextLine id="tr_1_tl_9" custom="readingOrder {index:8;}">
                <Coords points="1101,1376 1390,1362 1506,1402 1826,1336 1922,1369 1913,1249 1475,1289 1374,1252 1209,1299 1103,1263"/>
                <Baseline points="1116,1313 1156,1329 1197,1333 1238,1334 1279,1332 1319,1331 1360,1331 1401,1331 1442,1330 1482,1327 1523,1322 1564,1325 1605,1322 1645,1322 1686,1320 1727,1319 1768,1319 1808,1318 1849,1315 1890,1313 1931,1316"/>
                <TextEquiv>
                    <Unicode>Fregulein: Wer weiss!</Unicode>
                </TextEquiv>
            </TextLine>
            <TextLine id="tr_1_tl_10" custom="readingOrder {index:9;}">
                <Coords points="1092,1541 1263,1553 1315,1510 1811,1546 2082,1437 2872,1449 2969,1433 2974,1336 2729,1374 2592,1329 2341,1374 2157,1336 1908,1393 1689,1353 1522,1419 1094,1407"/>
                <Baseline points="1107,1453 1200,1465 1293,1464 1387,1460 1480,1459 1574,1454 1667,1453 1761,1447 1854,1444 1948,1439 2041,1436 2134,1440 2228,1433 2321,1430 2415,1427 2508,1421 2602,1418 2695,1417 2789,1412 2882,1412 2976,1415"/>
                <TextEquiv>
                    <Unicode>Carl Dern: Ich hätt nicht ein so schlechtes Ge-</Unicode>
                </TextEquiv>
            </TextLine>
            <TextLine id="tr_1_tl_11" custom="readingOrder {index:10;}">
                <Coords points="1103,1637 1122,1640 1150,1619 1172,1635 1235,1633 1244,1642 1266,1642 1287,1623 1324,1640 1388,1630 1390,1567 1376,1569 1303,1524 1261,1555 1228,1543 1164,1546 1106,1524"/>
                <Baseline points="1116,1600 1141,1601 1166,1603 1191,1602 1217,1600 1242,1598 1267,1597 1292,1597 1318,1597 1343,1597 1368,1597 1394,1597"/>
                <TextEquiv>
                    <Unicode>wiesen.</Unicode>
                </TextEquiv>
            </TextLine>
            <TextLine id="tr_1_tl_12" custom="readingOrder {index:11;}">
                <Coords points="1106,1781 2021,1783 2256,1722 2392,1767 2515,1724 2675,1743 2825,1682 2974,1706 2976,1611 2865,1647 2703,1588 2621,1623 2350,1600 2263,1654 1962,1595 1722,1675 1529,1616 1284,1682 1110,1637"/>
                <Baseline points="1122,1728 1214,1734 1307,1731 1400,1728 1493,1725 1586,1720 1679,1713 1771,1713 1864,1710 1957,1703 2050,1701 2143,1701 2236,1694 2329,1694 2421,1689 2514,1686 2607,1683 2700,1680 2793,1680 2886,1674 2979,1674"/>
                <TextEquiv>
                    <Unicode>dregulein: konnen Siel Ee ist wirklich nicht so</Unicode>
                </TextEquiv>
            </TextLine>
            <TextLine id="tr_1_tl_13" custom="readingOrder {index:12;}">
                <Coords points="1103,1887 1381,1915 1496,1877 1661,1931 1946,1851 2026,1877 2007,1774 1543,1807 1470,1771 1317,1828 1106,1818"/>
                <Baseline points="1116,1868 1161,1870 1207,1871 1253,1867 1299,1865 1345,1863 1391,1860 1436,1859 1482,1859 1528,1857 1574,1851 1620,1852 1666,1849 1712,1850 1757,1848 1803,1845 1849,1845 1895,1845 1941,1842 1987,1842 2033,1836"/>
                <TextEquiv>
                    <Unicode>arg. Hören Sie nur zu!</Unicode>
                </TextEquiv>
            </TextLine>
            <TextLine id="tr_1_tl_14" custom="readingOrder {index:13;}">
                <Coords points="1134,2054 1395,2073 1583,1997 1741,2021 1847,1974 2070,2007 2280,1964 2684,1988 2948,1943 3004,1974 3025,1870 2348,1920 2131,1875 1891,1929 1567,1908 1489,1955 1400,1903 1324,1941 1139,1922"/>
                <Baseline points="1149,1997 1243,1997 1337,1989 1431,1990 1525,1988 1619,1981 1713,1977 1807,1976 1901,1974 1995,1970 2089,1967 2183,1961 2277,1957 2371,1954 2465,1950 2559,1949 2653,1946 2747,1943 2841,1940 2935,1937 3030,1928"/>
                <TextEquiv>
                    <Unicode>arl Bern: Ich hab'e ja gemusst - die ganze Zeit</Unicode>
                </TextEquiv>
            </TextLine>
            <TextLine id="tr_1_tl_15" custom="readingOrder {index:14;}">
                <Coords points="1113,2188 1355,2131 2101,2169 2331,2122 2418,2153 2536,2105 2792,2127 2870,2115 2872,2023 2790,1995 2722,2030 1656,2065 1517,2028 1310,2091 1115,2058"/>
                <Baseline points="1125,2131 1212,2129 1300,2126 1387,2123 1475,2120 1563,2119 1650,2117 1738,2116 1826,2110 1913,2107 2001,2103 2089,2100 2176,2097 2264,2094 2352,2089 2439,2086 2527,2083 2615,2086 2702,2082 2790,2074 2878,2071"/>
                <TextEquiv>
                    <Unicode>über hab ich's ja gemusst. Aber immer wieder</Unicode>
                </TextEquiv>
            </TextLine>
            <TextLine id="tr_1_tl_16" custom="readingOrder {index:15;}">
                <Coords points="1115,2303 1207,2320 1301,2263 1510,2324 1708,2249 1884,2296 2176,2287 2313,2235 2609,2261 2708,2214 2976,2225 2978,2138 2927,2129 2392,2188 2122,2160 1120,2202"/>
                <Baseline points="1131,2262 1223,2262 1316,2260 1408,2257 1501,2251 1593,2251 1686,2251 1778,2248 1871,2242 1963,2239 2056,2238 2149,2230 2241,2227 2334,2225 2426,2224 2519,2219 2611,2217 2704,2213 2796,2209 2889,2209 2982,2215"/>
                <TextEquiv>
                    <Unicode>schwindelt man sich selber etwas vorzund hoftt.</Unicode>
                </TextEquiv>
            </TextLine>
            <TextLine id="tr_1_tl_17" custom="readingOrder {index:16;}">
                <Coords points="1115,2463 1393,2421 2002,2449 2275,2390 2308,2425 2705,2407 2830,2350 2988,2357 2990,2291 2849,2261 2630,2313 2524,2275 2313,2320 1560,2305 1466,2357 1117,2352"/>
                <Baseline points="1128,2394 1221,2396 1314,2394 1407,2392 1501,2388 1594,2385 1687,2382 1781,2379 1874,2376 1967,2373 2061,2367 2154,2369 2247,2363 2340,2361 2434,2358 2527,2355 2620,2352 2714,2349 2807,2349 2900,2346 2994,2346"/>
                <TextEquiv>
                    <Unicode>dass die Andern auf den Schmindel hineinfellen.</Unicode>
                </TextEquiv>
            </TextLine>
            <TextLine id="tr_1_tl_18" custom="readingOrder {index:17;}">
                <Coords points="1127,2600 2583,2543 2656,2529 2658,2432 2475,2397 2230,2465 1913,2430 1804,2470 1129,2480"/>
                <Baseline points="1143,2528 1219,2528 1295,2525 1371,2525 1447,2522 1523,2519 1599,2515 1675,2516 1751,2513 1827,2508 1903,2501 1979,2501 2055,2501 2131,2501 2207,2500 2283,2498 2359,2494 2435,2489 2511,2489 2587,2489 2663,2489"/>
                <TextEquiv>
                    <Unicode>Franzl:lkomnt) Wee ist den gesshehent</Unicode>
                </TextEquiv>
            </TextLine>
            <TextLine id="tr_1_tl_19" custom="readingOrder {index:18;}">
                <Coords points="1139,2705 1506,2687 1710,2734 2026,2665 2263,2694 2418,2628 2785,2647 2931,2625 2934,2515 2811,2505 2663,2571 2522,2534 2369,2581 2065,2550 1880,2607 1778,2571 1663,2607 1141,2600"/>
                <Baseline points="1152,2657 1241,2657 1330,2657 1419,2654 1509,2651 1598,2645 1687,2645 1776,2645 1866,2639 1955,2636 2044,2633 2133,2636 2223,2630 2312,2627 2401,2624 2490,2624 2580,2621 2669,2618 2758,2615 2847,2612 2937,2609"/>
                <TextEquiv>
                    <Unicode>Karl Bern: Was ist denn geschehen? Wieso sind</Unicode>
                </TextEquiv>
            </TextLine>
            <TextLine id="tr_1_tl_20" custom="readingOrder {index:19;}">
                <Coords points="1136,2839 1597,2809 2096,2844 2138,2837 2143,2701 1277,2752 1139,2705"/>
                <Baseline points="1149,2788 1198,2788 1248,2785 1298,2785 1348,2787 1398,2782 1448,2781 1497,2779 1547,2777 1597,2776 1647,2773 1697,2776 1747,2775 1797,2770 1846,2769 1896,2767 1946,2765 1996,2764 2046,2762 2096,2764 2146,2764"/>
                <TextEquiv>
                    <Unicode>Sie denn schon wieder der</Unicode>
                </TextEquiv>
            </TextLine>
            <TextLine id="tr_1_tl_21" custom="readingOrder {index:20;}">
                <Coords points="1141,2969 1574,2997 1828,2948 1995,3016 2124,2967 2482,2992 2745,2891 2945,2879 2948,2809 2183,2847 2030,2814 1837,2865 1649,2821 1555,2863 1496,2821 1143,2835"/>
                <Baseline points="1155,2910 1244,2916 1334,2913 1424,2913 1514,2910 1604,2904 1694,2904 1783,2898 1873,2898 1963,2901 2053,2895 2143,2892 2233,2886 2323,2883 2412,2883 2502,2878 2592,2875 2682,2875 2772,2872 2862,2872 2952,2860"/>
                <TextEquiv>
                    <Unicode>dregulein: Ee mar ja jetzt nur der kürze Auf-</Unicode>
                </TextEquiv>
            </TextLine>
            <TextLine id="tr_1_tl_22" custom="readingOrder {index:21;}">
                <Coords points="1146,3054 1174,3046 1193,3063 1214,3058 1249,3089 1301,3075 1350,3105 1379,3096 1381,2978 1332,2976 1320,2988 1282,2985 1268,2997 1233,2985 1148,2990"/>
                <Baseline points="1161,3048 1189,3048 1217,3049 1245,3051 1273,3049 1301,3048 1329,3046 1357,3046 1385,3048"/>
                <TextEquiv>
                    <Unicode>tritt.</Unicode>
                </TextEquiv>
            </TextLine>
            <TextEquiv>
                <Unicode></Unicode>
            </TextEquiv>
        </TextRegion>
    </Page>
</PcGts>
