3304 3512
1162 433 2694 644 Pranzi: Flsomas wollen die denn Mili?
1162 566 2834 779 Mili: Gratulieren hab ich wollen, Fräulein
1172 772 1470 914 Franzi.
1181 824 2905 1037 Kr. Mentzler: Aber um Gotteswillen vor den
1170 954 3052 1250 eritten Ert! Moptt dreinal auf den Pofiette
1181 1141 1430 1286 tischl
1179 1238 3040 1430 d171: Und von der Mana ausrichten, wie sie sich
1198 1364 2938 1555 freut. Sie mür gern mitgekonnen, aber sie ist
1186 1534 1726 1705 so aufgeregt.
1191 1657 2791 1830 Franzi: Ich lass die Mutter schön grüege
2739 1773 2881 1918 vom
1238 1771 2713 1979 121: Wein, Fraulein Frenzi, der Schluss
2756 1908 3026 2067 um des
1198 1911 2704 2105 zweiten Aat - wie Sie dem Herrn Gregen
1191 2041 3087 2249 Hals gefallen sind,- das war ja groseartig. Die
1203 2185 3104 2360 Leut sind ja aller ausser sich. Nur eine Stimme
1207 2337 3009 2507 auf der ganzen balerie. Und denken Sie sich-
1215 2460 2948 2621 eine hinter uns, die hat sich nicht ausreden
1222 2595 2917 2749 lasten, dass Sie es gar nicht sind, Fraulein
1248 2716 2498 2891 renzi, sondern die Frau Roreda.
1229 2843 1880 2997 1Rlingelzeichen)
1224 2933 2746 3139 Fr. Mentzler: Schon des zweite leichen.
