3144 3688
836 519 1733 674 Mathiide: (konnt nun zu
851 656 1622 846 denel Sief menn da
849 779 2803 987 Retene: Ja. sem. (za karl Dernl Also. auf Nieder-
838 954 1363 1100 sehenmorgen.
851 1046 2245 1242 (Frau Verth, Mathilde und Helene ab)
846 1198 1851 1368 aantrittrnareden
846 1319 2826 1494 Karl Bern: striti auf Sidon zul Herr Kommerzialret
864 1445 2875 1625 leich verabschiedend) da richtigt, Ihr billett liegt
841 1584 2785 1764 bereit. Zmeite Reihe, Mittelgang Reke, genau so, wie
836 1725 1766 1900 Sie es gemünecht haben.
841 1851 2754 2029 Sidon: Sie sind wirklich sehr liebenswürdig. Inr
828 1982 2882 2093 Stück ist ja wundervoll besetzt. (mit einem Unterton
846 2085 2774 2296 der Bewänderung) Die Rorede spielt die Nauptrolle
836 2234 2903 2422 Karl bern: So meit men dergleichen voraussagen kann.
846 2348 2790 2553 Artauferhakrete Reut Prüh auf der Probe hat sie
831 2502 2795 2700 den Regisseur die Rolle fu vor die Rüeze geschnis
823 2661 1008 2792 sen.
846 2769 1628 2926 1Richerd ist dazu ge
1658 2754 1926 2924 treten.
820 2867 2867 3047 sidon: Sie wird sie schon wieder aufheben. Eine ge-
833 3001 2828 3191 niale Ferron und ein herrliches Meib. Ack, menn ich
