3144 3688
848 529 2294 757 ein Dichter wäre und gar ein jünger
848 636 2661 875 Kerl Bern: Konnerzialeste heben mehr chensen.
854 807 2739 998 kr. Biderhof:stritt jetzt eben herzul Innieferne
854 924 2810 1116 Keri Bem: des müssen Sie den Herrn Konnerzialrat
854 1048 2860 1275 selbet fragen, gnädige Frau.srritt, sich verabschie-
848 1202 2954 1432 dend, zu Richard) Wir reher we mehl nach heute Abend
867 1338 2430 1542 indeitoctaret kennn die mit und
859 1490 1673 1676 Richerd: Vermutlich.
1474 1584 1739 1697 nichte
856 1582 2909 1815 Karl Bern: Ich würde gern wieder einnal eine Pertie
862 1713 2831 1922 Billard mit Ihnen spielen, oder lieber noch Schäch
867 1857 2878 2077 so eine Mitternachtspertie wie neulich. Komen Sie
1383 2011 2763 2140 Rit hen. Ich wäreeer beklamtt
856 2014 1322 2210 nicht et
2548 2064 2857 2189 mecu t
1692 2092 1878 2195 dort.
872 2108 2849 2302 Richerd-Feider - ich habe noch ein Wort mit den
875 2255 2414 2443 sregen Fuchaun zu sprochen. Arate
2223 2318 2839 2506 Alermate in
909 2383 2168 2569 Keri dern: duf Hederretun fatt
2244 2467 2608 2579 Resschen
922 2511 2902 2718 nicherd:(sichtlich ungeguldig geht ine zeite zim-
1082 2669 2569 2794 zum Piano, spricht mit dem Piaistenl
919 2710 1055 2854 ner
1089 2792 2954 3009 sidon stcht bei Frau Fiderhol. Fr. Biderhof ver-
1040 2936 1684 3088 abschiedet sicht
1034 3025 2886 3208 sidon: Also auch ie lassen mich allein, gnädige
1042 3145 2724 3370 kraut (küest ihr die Hand und geufzt ein
