3192 3544
2581 268 2741 492 203
1057 398 1790 634 geworden, degt nen.
1057 567 2808 765 Heleneisie ist tot. Sie hat sich ungebracht.
1064 712 2852 900 Fricke: Was hat Richard demit zu tunzlauf ih-
1057 900 2273 1020 ren Blick) Ach so.- Wo ist erz
1042 977 2888 1192 Helene: ertamntnanaettehte In Theater.
1049 1110 1947 1279 Karl dern ist bei ihm.
1054 1240 2188 1392 Fricke: So steht die Sache-
1062 1385 2613 1520 Fr. Veith: (zu Mathilde), Mein armes Kind.
1054 1501 2970 1643 Holene: Ee wird das Feste sein, Vator, Du bringst
1054 1645 2572 1812 vor allem einmal Frau. Veith nachhause.
1093 1783 1802 1949 r. Teith: (Benegung?
1049 1906 2825 2043 Helene: O bitte, überlassen Sie Mathilde ganz
1052 2026 2856 2203 ruhig mir. (zu Fricke) Mach dir keine Sorgen,
1062 2169 2996 2321 Vater. F Jetzt ist es gewise das Beste, Ihr geht.
1057 2287 2166 2437 pricke ilbewegt und unsicher)
1045 2420 2405 2569 Mathilde: (nach wie vor regungeldet
1045 2540 1708 2702 Fr. Velthl Kindt
1049 2673 2888 2813 Helene: (Geste zu Fr. Veith, dann noch einmal zu
1049 2808 1351 2953 Fricko)
2277 2979 2827 3090 gnädige Frau.
1045 2909 2205 3071 Pricke: (zu Fr. Veith) konnen S
