3144 3528
894 507 2578 634 Ein junges Mädchen: (an der Bühnentüre zue
887 676 2608 862 ner Andernl Heut muss ich einen Kregor krie
892 824 1070 937 gen.
899 967 2094 1063 2.Mädchen: Hab ich schon lang.
885 1080 2585 1265 I.Mädchen: Du warst wahrscheinlich bei ihm
892 1239 1115 1345 oben?
894 1265 2453 1486 Ein junger Mensch: Wo bleiben sie denne
887 1486 2697 1592 2. jünger Menech: Sie müssen sich doch erst ab-
894 1634 1298 1737 schminken.
894 1739 2697 1923 Ein Bühnenarbeiter: (von drin zum Portier) ich
894 1899 1739 2002 hab's selber gesehen.
885 1932 2413 2188 din 2 Mhesterarbeiter: der Vorhang ist
892 2143 1852 2308 früher gefalten. helmnter.
887 2268 2507 2470 Ein 3. junges Mädchen: Die Neue ReBg
887 2425 2204 2589 ekakan war aber recht schwach.
897 2549 2343 2711 2. Janges Mädchen: Was für eine Neus?
897 2690 2784 2845 3. junges Mädchen: Die die dumme Nocken gespielt
892 2782 2317 2965 hat, die sich so viel gefallen lösst.
885 2925 2737 3113 2. Junger Menech: Ist denn das nicht die Roreda
