3304 3480
1689 397 1835 580 om
1126 466 1640 646 Der. Ansager:
1687 570 1814 658 Ihn
2394 629 2662 722 on hin,
1689 631 2062 773 A  vo
1138 629 1611 734 zettels, legt
1136 734 2991 931 Baron:(den Theaterzeltel raech durchsehend) Ee
1133 870 3025 1053 ist alles in Ordnung. Es bleibt bei der Premiere
1126 1019 2969 1182 Sametag - nur diese Kleinigkeit - - (ändert an
1126 1141 3076 1331 Zettell Fanni Theren - Fräulein Friesel. (zu Karl
1136 1292 2966 1458 Bern) Sie sind doch einverstanden,Herr Doktor?
1124 1404 2993 1614 Karl Bern: Doktor bin ich noch immer nicht, aber
1133 1565 1704 1692 einverstanden.
1143 1687 1887 1835 (Bewegung ringsum)
1138 1804 3081 1994 Baron: Bitie, Fräulein Friesel, - (in den Zuschau-
1133 1952 2013 2116 erraum gewendet) Ruhe!
1146 2091 2706 2255 regulein: (applaudiert leise Franzi zul
1138 2216 3086 2328 Franzi; (i.d.R.) So sagen ie mir doch endlich ein
1126 2320 3032 2523 gutes Wort, -ein Wort der Zärtlichkeit, -ein Wort
1114 2472 3074 2650 des Verstehene - ein Wort der Verzeihung meinet-
1124 2606 2998 2776 halben, denn ich nun doch die Sünderin sein soll
1109 2725 3032 2927 aber ein Nort - - (sie spricht weiter, währendden
1112 2852 2096 3052 fälit rasch der Vorhangl
