2856 3464
2308 289 2442 397 228
566 458 853 605 wollen.
576 578 2173 732 Richard: Ich versteh dich immer weniger.
576 689 1337 894 Deiene: Und morgen?
573 843 1778 997 Richard: Was soll diese Frage?
576 973 2459 1168 Helene: Wir haben Angst um dich. Darum sind wir
581 1142 730 1255 da.
583 1219 2445 1412 Richard: Glaubst du, dasssin solcher Schritt ir-
583 1359 2064 1498 gendwelche Entschlüsse ändern könnte?
578 1493 2233 1660 Mathilde: (macht eine Bewegung zu ihm hin!
566 1626 2377 1804 Richard: (wie in der Absicht zu beruhigenfalso
571 1746 2508 1941 zum Beispiel den Entschiuss eine kleine Reise zu
571 1917 1113 2067 unternehmen
571 2019 2382 2194 Helene: Warun verschliesst du dich sor Marum
581 2170 1583 2322 hast du dich so. verloren?
617 2276 1797 2483 tichard: Gefunden vielleicht.
636 2392 2551 2592 Delene: Nier hättest du dich nie wiedergefunden.
631 2536 2522 2748 Richard: Es mar in dieser Zeit der einzige Ort,
643 2686 1402 2847 wo ich gelebt habe.
631 2794 2527 2996 Helene: Men sollte nur für Lebendige leben. Die
638 2931 1968 3117 dahin sind, danken es: einen nicht.
