2808 3448
1979 347 2146 453 226
592 430 1273 580 HHgeArAA
587 524 2339 688 Man hört, wie sich draussen ein Schlüssel im
567 666 2369 780 Schloss drkht, gleich darauf hört man ein paar
572 807 2329 952 Merte unverständlich und eine Erwiderung der
577 949 937 1081 Beroninl.
564 1038 2210 1228 Mathilde: (zu Heiene) Ich bleibe nicht da.
567 1177 2369 1372 Helene: Ich glaube nicht, dass es einen andern
559 1331 1083 1493 Ausgang gibt.
575 1461 2086 1605 IDie Baronin und Richard treten einl.
587 1595 2514 1744 IHelene und Mathilde gegen linke, so dass sie ganz
557 1721 1281 1891 im Dunkel stehen).
559 1835 2589 2025 Richard: (zur Baronin) Sie haben meinen Brief erhal-
562 1995 752 2116 ten?
562 2088 1200 2273 Beronin:lnicktl
562 2212 2435 2412 Richard: Ich biy heute das letzte Mal hier. Ich
557 2374 2569 2534 wollte wir nur xintgx noch die paar Bücher abholen.
542 2529 2506 2668 die ich hier gelassen habe. (er bemerkt jetzt die
554 2612 2427 2807 beiden Mädchen, ohne sie gleich zu erkennen) Wer
549 2777 1053 2908 ist denn der
552 2863 1939 3098 Beronin: (verlässt rasch des Zinner)
