3240 3624
1088 574 1907 797 Ershti: Oalnert. Der
1085 758 1923 906 Beronin: Marn genug?
1073 831 3021 1078 Pranzi: Aber wunderbar. Syoftd chez nous à da mai-
1071 1027 2614 1156 son la temperature -Ikann nicht weiter,
1080 1126 2827 1323 Baronin: Sie dürfen auch deutach reden, Fräu-
1071 1303 1277 1449 Zein.
1071 1434 2481 1584 Franzi: Wenn es bei uns zuhaus je st
2672 1434 2868 1565 mer
1250 1504 1485 1623 mochl
1061 1546 2813 1696 den würd. Drückt einen Stuhl zum Ofen, setzt
1051 1688 2195 1851 eich, märnt die Müsre an Ofen!
1051 1800 2691 1936 Baronin: Mir ist es nie warn genug. Quand
1051 1916 2718 2103 j’etais jeune -ma märe pouf sager stalt
1705 2030 2435 2144 peurem de faville
1042 2069 2883 2255 proptietatre d'un bokging àsficg. (erklärend)
2066 2166 2260 2267 din
1034 2200 2958 2401 Nirza. Voue connaisrer(ta riviena )nadenoidelle,
1056 2318 2125 2507 Kranzl:(schättelt den Kopfl
1034 2473 2774 2653 Beronin: Mais 1l faut y aller, nadchoiselle-
1022 2573 1948 2762 auf der Hochzeitereise.
1025 2718 2766 2876 Franzi: Ach Gott. Je ne mé marierais jamais.
1025 2839 2846 3009 Beronin: Ce sont des choses, qui arrivent sen
1000 2953 1880 3125 nêne qu'onsappersoite
1010 3079 1688 3236 Franzi:(mehrt abl
