3211 3544
2468 279 2613 420 296
1048 353 1519 534 Neuntes Bild
1039 563 2826 757 links rüchwärtige Fascade des Residenztheaters
1077 708 2839 885 uhnene ingang. Türe. Von der Türe nach abwärts
1028 824 2815 1041 Somohl rechts als links je ein Wer, die beiden
1028 983 2821 1164 münden auf der Kahrstrasse, die von Links vor
1030 1088 2826 1302 nach rechts rückwärts gaunehkrtahz zicht. Rech
1030 1244 2823 1430 davon eine Earkanlage. Rechts und Linke von d
1034 1394 2826 1521 Fahrstrasse das Trottoir. Zwischen Bühnentürg
2225 1461 2441 1552 Cont.
1041 1499 2794 1682 und Fahrstrasse, also wie unscklungen von den
1041 1640 2832 1825 beiden Wegen, ein Rasenplatz. Die Strasse lauf
1043 1787 2772 1966 zwischen Häusern weiter und verschwindet im
1041 1950 1593 2093 Rihtergrund.
1045 2024 2806 2214 zu beginn des Aktes eine Apzahl junger leute
1050 2173 2821 2374 nahe dem Bihneneingang;stliche mit Zärtchen
1057 2316 2734 2479 Notizbiocke versehen. Am Bühneneingang der
1068 2462 2265 2611 sühnenportier (keine Oniforml.
1065 2598 2710 2736 das Theater ist eben zu Ende, entsprechende
1063 2716 2752 2844 weguhg. Passanten, Thesterbesucher, die wegge
1061 2830 2399 3002 hen, Wagen werden gerufen etc. ete.
