3288 3496
2753 291 2909 445 275
1062 427 2826 608 doch zu dumm. Du kennet doch jetzt haben, wen
1075 564 2870 750 du willst - und alle sind wir schufte. Ee hat
1070 716 2907 877 nur nicht jeder die Gelegenheit. (zieht jetzt
1072 845 2110 1038 ert die Rosenl Munderbart
1070 979 2719 1170 Franzi: (wiederholt) Wunderbar, nicht wahr?
1106 1126 2875 1292 regulein: Von ihmz Wieder zurückgekehrt? Bin
1080 1268 3026 1434 dagegen. Er hätt' sich'e früher überlegen sollen.
1070 1397 2447 1558 xxanzt Zuerst quälen und dann --
1070 1512 2960 1668 Franzi:Sie irren sich, Dregulein. Die Rosen sind
1067 1636 2995 1822 nicht von ihn. Nein. Die sind von einem anderen
1058 1793 2247 1937 Schuften, von einem grösseren.
1072 1917 2450 2083 DregatatnrxDexxFetztxenexExAAxha
1089 2042 2430 2242 lklingelzeichen von der Bühne herl
1075 2203 2042 2345 Dregulein: Ihr Auftritt.
1082 2330 2877 2445 (Die Füre öffnet sich und Karl Hern steht da)
1058 2440 3021 2645 Karl Bern: (zu Franzi) Ich habe Sie unten gesucht,
1082 2570 2914 2711 Fraulein triesel. Ich wollte Ihnen nur danken.
1072 2692 2882 2892 Hoxxxatxex Nun, hab ich's Ihnen nicht
1072 2853 2982 3029 gesagt - Sie haben einen ganz einmütigen Erfolg.
