3288 3464
2834 312 2967 476 222
1124 449 1360 631 norte
1148 604 1817 788 Franzl:tschneigt)
1174 735 2902 904 Greger: Nun, Frauleint - Nas haben Sie denne
1160 884 3095 1063 Pranzt: Nichte.- leie ninnt das Buch wieder, lieff
1119 998 3006 1198 tellnchneleel Grausen, grausan-das ist schen des
1136 1153 3057 1336 kort - Iwiederholt mit starkerem Ausdruckl brau-
1124 1283 2660 1450 sam.-grausam - das ist schon das Nort.
1126 1409 3011 1600 Gregor: (I.d. R.) Was war er, -dae mich so zittern
1121 1561 2986 1732 machtef, als ich mit einem Mal musste. Sind es
1119 1684 3042 1870 die alten Vorurteile, die in mir lebendig werden?
1116 1834 2972 1998 Dein mit denen habe ich abgerechnet. Keine Vor-
1119 1950 2991 2143 artelle. Etmar anderer. irgend etwae - - Was he-
1119 2088 3059 2245 tn te dennt Sie eind ja ganz blase. Ist Ihnen-
1111 2204 2875 2402 verrethen Sie -Sie.haben wohl - oh. ichmill
1104 2370 2897 2527 nicht indickret sein - eine unangenehme Nach-
1109 2479 1462 2639 richt -
1121 2600 2989 2827 Frenzl: leich inner mehr faerend, gekünrtelt) Ner
1097 2769 2953 2928 Milt Iimen ein, Herr Gregort In Gegentell,eine
1082 2868 2196 3040 nochst angenehme Nechricht.
1092 2989 2977 3252 Greger: Unde besrer. Darf ichweiter sprechent.
