3304 3496
1183 598 3024 833 Loblein: (lacht) Raech fertig ist der Autor mit
1183 793 1557 902 dem Wort.
1183 900 3062 1014 Karl Bern: Ee bleibt doch nichts anderes übrig.
1183 1050 2967 1217 Zoblein: Wie stellen Sie sich das eigentlich
1191 1133 2324 1329 vor, Herr Bern?. Umbeut
1186 1300 3098 1460 Dögelmann: Wenn die Herren sich weiter unterhal-
1193 1445 2965 1572 ten wollen, konnte ich vielleicht unterdessen.
1183 1576 3015 1717 eine kleine Reise nach Sudfrankreich unterneh
1174 1717 1374 1855 men
1183 1838 2305 1991 Zoblein: Also, fangen. wir an.
1183 1955 2874 2112 Gregor: (in seiner Kollel "Das ist wirklich
1179 2086 3060 2188 schön, dass du dich wieder einmal blicken lässt“
1179 2238 3065 2341 Lsblein: Aber lassen Sie inihn doch zuerst auf-
1183 2379 1484 2467 treten.
1172 2488 2305 2586 Gregor: Er ist ja schon da.
1183 2629 2981 2767 Loblein: (zu Dögelmann) Sie treten rechts auf.
1169 2710 2536 2819 Dogelmann: Wo ist denn der Diener!
1179 2812 2310 2962 Esblein: Was für ein Diener?
1176 2929 2977 3162 dogelmenn: Der mir die Rüre öfenet, Mtr Minter.
1479 3077 2850 3248 und die sanstert abmnnt
