3304 3624
2773 563 2915 695 258
1031 565 3078 856 greifen werden. Diene Verlohung txtxexxplEx gestern
1021 746 2157 909 Abend - es kan so plötzlich.
1034 878 2946 1103 Fricke: Aber wir hetten doch allen Grund darauf
1029 1029 1686 1159 gefasrt zu sein.
1016 1141 2987 1362 Frau Veith: Ach ja. Sie hat ihn ja ihr Leben lang
1001 1268 2949 1533 geliebt. Ich weiss gar nicht, wis geworden wäre-
988 1406 2157 1591 pricke: Nun iet sa alies gut.
983 1551 2345 1719 Frau Veith: Dee wollen wir hoffen.
985 1688 2900 1920 Fricke: Wir mer se auch munchmal ein wenig bang.
978 1793 2834 1999 Fr. Petthe Wie schwer manIhst, mit den Kindern.
965 1928 2872 2136 Echardifkonnt mit einer Düte Sonbons, die er Ue-
962 2078 1777 2236 thilde offeriert.)
940 2195 1703 2365 Methilde: Mozu dest
947 2325 2859 2541 Laxx Richerd: Ee hat keine besondere Bedeu-
932 2488 2676 2717 tung, es sind nur Donbone, und keine Symbole.
917 2574 2931 2824 Methiide: Nerun spielst du Konödier Wir sind nicht
927 2735 1243 2862 verlobt.
922 2839 1767 3002 Dichard: Wir sind es.
894 2974 2584 3221 Uethilde: So geb ich dir dein Nort zurück.
894 3117 2829 3351 Rolens: Nar seld fur fur Kinderl Dehat Buch doch
