<?xml version="1.0" encoding="UTF-8" standalone="yes"?>
<PcGts xmlns="http://schema.primaresearch.org/PAGE/gts/pagecontent/2013-07-15" xmlns:xsi="http://www.w3.org/2001/XMLSchema-instance" xsi:schemaLocation="http://schema.primaresearch.org/PAGE/gts/pagecontent/2013-07-15 http://schema.primaresearch.org/PAGE/gts/pagecontent/2013-07-15/pagecontent.xsd">
    <Metadata>
        <Creator>prov=READ-COOP:name=PyLaia@TranskribusPlatform:version=2.7.0:model_id=50870:lm=none:date=22_01_2024_18:09</Creator>
        <Created>2023-09-27T14:33:28.769+02:00</Created>
        <LastChange>2024-01-22T18:09:44.807+01:00</LastChange>
        <TranskribusMetadata docId="1589031" pageId="60122924" pageNr="138" tsid="145631392" status="IN_PROGRESS" userId="40391" imgUrl="https://files.transkribus.eu/Get?id=DJQEBBNYELDUDDFUVQGQLEIE&amp;fileType=view" xmlUrl="https://files.transkribus.eu/Get?id=WXCCGNEANEHQQTQQLVLPRLFB" imageId="48548002"/>
    </Metadata>
    <Page imageFilename="1589031_0138.jpg" imageWidth="3304" imageHeight="3464">
        <ReadingOrder>
            <OrderedGroup id="ro_1711794286083" caption="Regions reading order">
                <RegionRefIndexed index="0" regionRef="tr_1"/>
            </OrderedGroup>
        </ReadingOrder>
        <TextRegion orientation="0.0" id="tr_1" custom="readingOrder {index:0;}">
            <Coords points="1012,481 1012,2560 3051,2560 3051,481"/>
            <TextLine id="tr_1_tl_1" custom="readingOrder {index:0;}">
                <Coords points="2748,575 2776,568 2827,601 2849,583 2923,606 2920,464 2887,464 2847,444 2827,467 2804,477 2784,477 2771,464 2746,477"/>
                <Baseline points="2762,546 2789,544 2817,543 2845,543 2873,546 2901,549 2929,546"/>
                <TextEquiv>
                    <Unicode>224</Unicode>
                </TextEquiv>
            </TextLine>
            <TextLine id="tr_1_tl_2" custom="readingOrder {index:1;}">
                <Coords points="1078,689 1966,722 2385,671 2950,722 2981,611 2713,555 2443,623 1653,601 1499,545 1348,586 1073,555"/>
                <Baseline points="1089,636 1184,637 1279,640 1374,642 1469,643 1564,647 1659,652 1754,653 1849,653 1944,656 2039,657 2134,660 2229,665 2324,670 2419,671 2514,674 2609,674 2704,677 2799,680 2894,685 2989,689"/>
                <TextEquiv>
                    <Unicode>Gregor: (sieht sie befremdet an) Was - haben Sie?</Unicode>
                </TextEquiv>
            </TextLine>
            <TextLine id="tr_1_tl_3" custom="readingOrder {index:2;}">
                <Coords points="1070,808 2940,878 2935,750 2796,737 2753,770 2711,732 2468,750 2332,707 2175,757 1857,702 1605,739 1489,704 1068,719"/>
                <Baseline points="1083,764 1176,767 1269,770 1362,774 1455,776 1548,780 1641,783 1734,787 1827,791 1920,793 2013,796 2106,800 2199,800 2292,803 2385,806 2478,809 2571,810 2664,812 2757,816 2850,821 2944,833"/>
                <TextEquiv>
                    <Unicode>Franzi: Verzeihen, das steht nicht in der Rolle.</Unicode>
                </TextEquiv>
            </TextLine>
            <TextLine id="tr_1_tl_4" custom="readingOrder {index:3;}">
                <Coords points="1060,931 1842,987 2122,959 2468,1020 2658,984 2731,1027 2970,979 2968,868 2779,911 2673,873 2574,919 2375,851 1466,886 1358,838 1057,840"/>
                <Baseline points="1075,904 1170,904 1265,908 1360,911 1455,914 1550,917 1645,921 1740,928 1835,928 1930,931 2026,935 2121,938 2216,940 2311,945 2406,948 2501,949 2596,952 2691,955 2786,959 2881,961 2977,964"/>
                <TextEquiv>
                    <Unicode>aber mahr ist es doch. Was diese Gans sich alles</Unicode>
                </TextEquiv>
            </TextLine>
            <TextLine id="tr_1_tl_5" custom="readingOrder {index:4;}">
                <Coords points="1060,1088 2456,1113 2705,1161 2930,1128 2925,1012 2726,1027 2658,984 2557,1037 1941,974 1880,1007 1585,957 1446,989 1272,946 1163,987 1055,964"/>
                <Baseline points="1072,1048 1165,1039 1258,1039 1351,1043 1444,1046 1537,1049 1630,1054 1724,1061 1817,1059 1910,1063 2003,1066 2096,1072 2189,1075 2282,1078 2376,1078 2469,1083 2562,1083 2655,1086 2748,1089 2841,1091 2935,1095"/>
                <TextEquiv>
                    <Unicode>gefallen lässt. (in der Rollel Stoss mich nicht</Unicode>
                </TextEquiv>
            </TextLine>
            <TextLine id="tr_1_tl_6" custom="readingOrder {index:5;}">
                <Coords points="1052,1252 1224,1201 1393,1254 1610,1214 2175,1272 2413,1252 2496,1292 2776,1232 2998,1262 2978,1133 2329,1166 2085,1108 1822,1151 1734,1105 1047,1085"/>
                <Baseline points="1063,1167 1160,1168 1257,1171 1354,1176 1451,1180 1548,1184 1645,1188 1742,1188 1839,1192 1936,1196 2033,1197 2130,1203 2227,1203 2324,1209 2421,1213 2518,1215 2615,1217 2712,1220 2809,1224 2906,1224 3004,1230"/>
                <TextEquiv>
                    <Unicode>wieder hinab. Verlass mich nicht. Ich habe nichte</Unicode>
                </TextEquiv>
            </TextLine>
            <TextLine id="tr_1_tl_7" custom="readingOrder {index:6;}">
                <Coords points="1055,1333 1113,1327 1143,1348 1176,1340 1221,1358 1257,1353 1287,1375 1310,1360 1335,1368 1358,1360 1355,1264 1338,1264 1285,1221 1242,1239 1184,1224 1151,1242 1121,1234 1052,1254"/>
                <Baseline points="1066,1301 1092,1300 1119,1299 1146,1299 1173,1299 1200,1299 1226,1300 1253,1301 1280,1301 1307,1303 1334,1307 1361,1310"/>
                <TextEquiv>
                    <Unicode>erlebt.</Unicode>
                </TextEquiv>
            </TextLine>
            <TextLine id="tr_1_tl_8" custom="readingOrder {index:7;}">
                <Coords points="1055,1459 1201,1499 1577,1481 2627,1560 2839,1489 2955,1532 2998,1514 2996,1436 2274,1380 2211,1426 2042,1365 1598,1398 1050,1327"/>
                <Baseline points="1069,1424 1165,1427 1262,1434 1359,1437 1456,1439 1552,1445 1649,1448 1746,1451 1843,1452 1939,1457 2036,1460 2133,1460 2230,1466 2326,1469 2423,1473 2520,1475 2617,1478 2713,1481 2810,1484 2907,1484 3004,1490"/>
                <TextEquiv>
                    <Unicode>Gregor: Die ist wirklich eine Gans, ich hab'e den</Unicode>
                </TextEquiv>
            </TextLine>
            <TextLine id="tr_1_tl_9" custom="readingOrder {index:8;}">
                <Coords points="1060,1615 1603,1620 1706,1658 1850,1615 2456,1683 2637,1638 2726,1698 2882,1620 2991,1638 2988,1565 2905,1537 1928,1547 1365,1484 1287,1527 1057,1466"/>
                <Baseline points="1075,1558 1171,1555 1267,1564 1363,1567 1459,1572 1555,1574 1651,1579 1748,1579 1844,1582 1940,1585 2036,1591 2132,1593 2228,1594 2324,1597 2421,1597 2517,1604 2613,1606 2709,1609 2805,1612 2901,1614 2998,1621"/>
                <TextEquiv>
                    <Unicode>utor auch angedeutet. Aber wenn man Sie hört und</Unicode>
                </TextEquiv>
            </TextLine>
            <TextLine id="tr_1_tl_10" custom="readingOrder {index:9;}">
                <Coords points="1027,1721 1683,1762 2271,1729 2685,1777 2774,1744 2864,1782 2862,1683 2415,1698 2329,1656 1852,1666 1567,1618 1439,1661 1335,1625 1025,1640"/>
                <Baseline points="1039,1690 1130,1690 1222,1696 1313,1696 1405,1700 1497,1703 1588,1709 1680,1709 1772,1711 1863,1714 1955,1718 2047,1722 2138,1728 2230,1728 2322,1731 2413,1736 2505,1736 2597,1737 2688,1742 2780,1746 2872,1752"/>
                <TextEquiv>
                    <Unicode>ansieht - sehr schön haben Sie das gemacht.Ja,</Unicode>
                </TextEquiv>
            </TextLine>
            <TextLine id="tr_1_tl_11" custom="readingOrder {index:10;}">
                <Coords points="1040,1852 1290,1842 1529,1908 1741,1875 2218,1913 2435,1865 2978,1918 3023,1908 3021,1815 2733,1789 2620,1825 2271,1754 2198,1810 2077,1767 1244,1784 1037,1726"/>
                <Baseline points="1054,1824 1152,1821 1251,1825 1350,1828 1449,1830 1548,1836 1647,1840 1745,1842 1844,1844 1943,1850 2042,1848 2141,1854 2240,1857 2339,1859 2437,1863 2536,1866 2635,1870 2734,1873 2833,1877 2932,1878 3031,1881"/>
                <TextEquiv>
                    <Unicode>Jugend ist kein leerer Wahn. Haben Sie eigentlich</Unicode>
                </TextEquiv>
            </TextLine>
            <TextLine id="tr_1_tl_12" custom="readingOrder {index:11;}">
                <Coords points="1025,2011 1073,1986 1257,2027 1373,1981 1716,2042 2004,1994 2022,1895 1817,1931 1466,1883 1416,1921 1022,1898"/>
                <Baseline points="1036,1955 1085,1952 1135,1953 1185,1955 1234,1956 1284,1958 1334,1960 1383,1961 1433,1961 1483,1964 1533,1967 1582,1971 1632,1975 1682,1978 1731,1976 1781,1978 1831,1979 1880,1976 1930,1979 1980,1979 2030,1982"/>
                <TextEquiv>
                    <Unicode>schon die Luise gespielt?</Unicode>
                </TextEquiv>
            </TextLine>
            <TextLine id="tr_1_tl_13" custom="readingOrder {index:12;}">
                <Coords points="1030,2130 1317,2143 1403,2097 1545,2110 1542,2044 1481,2054 1449,2034 1431,2054 1330,2016 1227,2042 1098,1989 1025,2009"/>
                <Baseline points="1042,2075 1067,2078 1092,2081 1118,2083 1143,2085 1168,2086 1194,2088 1219,2090 1244,2090 1270,2090 1295,2090 1320,2091 1346,2092 1371,2094 1396,2096 1422,2096 1447,2096 1472,2096 1498,2097 1523,2100 1549,2102"/>
                <TextEquiv>
                    <Unicode>Franzi: Nein.</Unicode>
                </TextEquiv>
            </TextLine>
            <TextLine id="tr_1_tl_14" custom="readingOrder {index:13;}">
                <Coords points="1022,2287 1234,2256 1370,2292 1592,2266 1688,2314 2329,2319 2519,2259 2708,2299 2933,2274 3003,2322 3044,2309 3041,2211 2811,2234 2554,2168 2138,2206 2067,2158 1017,2138"/>
                <Baseline points="1033,2215 1133,2216 1234,2221 1335,2218 1436,2224 1537,2227 1638,2229 1739,2233 1840,2233 1941,2239 2042,2242 2142,2245 2243,2248 2344,2251 2445,2256 2546,2260 2647,2263 2748,2266 2849,2269 2950,2270 3051,2278"/>
                <TextEquiv>
                    <Unicode>Gregor: Mit Iynen könnte der Beron vielleicht aller</Unicode>
                </TextEquiv>
            </TextLine>
            <TextLine id="tr_1_tl_15" custom="readingOrder {index:14;}">
                <Coords points="1004,2418 1845,2413 2069,2461 2319,2385 2809,2403 2986,2451 3006,2312 2862,2355 999,2281"/>
                <Baseline points="1015,2350 1114,2348 1214,2348 1314,2352 1414,2356 1514,2362 1614,2359 1714,2362 1814,2365 1914,2368 2014,2374 2113,2375 2213,2379 2313,2382 2413,2386 2513,2389 2613,2393 2713,2397 2813,2400 2913,2403 3013,2406"/>
                <TextEquiv>
                    <Unicode>lei Mlassik versuchen und man dürfte wieder in rei-</Unicode>
                </TextEquiv>
            </TextLine>
            <TextLine id="tr_1_tl_16" custom="readingOrder {index:15;}">
                <Coords points="997,2521 1383,2526 1567,2592 1744,2531 2087,2594 2652,2612 2647,2433 2380,2471 1517,2400 994,2410"/>
                <Baseline points="1012,2478 1094,2478 1176,2478 1258,2481 1340,2484 1422,2487 1504,2490 1586,2492 1668,2492 1750,2496 1833,2499 1915,2505 1997,2505 2079,2507 2161,2510 2243,2511 2325,2514 2407,2514 2489,2520 2571,2520 2654,2529"/>
                <TextEquiv>
                    <Unicode>neren Regionen atwen. Ich werde den Beron</Unicode>
                </TextEquiv>
            </TextLine>
            <TextEquiv>
                <Unicode></Unicode>
            </TextEquiv>
        </TextRegion>
    </Page>
</PcGts>
