3144 3640
2588 262 2720 382 297
1054 412 2565 600 Dr.Fraun:(iet indess gekomnen) Die Fri
1063 576 1424 691 Was denn?
1080 703 1900 796 (Man macht ihm Platz)
1101 827 2682 1005 regulein: (wie fragend) Eine Ohnnacht ...
1096 963 2214 1131 Fr. Braun:(fühlt Franzie Pulsl
1075 1087 2825 1267 Paron: (von linke durch die Seitentür auf die
1075 1213 2774 1382 Bühne, zu Löblein) Was ist denn das für eine
1110 1380 2656 1480 irtschaft? Was hat man denn da gemacht?
1073 1457 2937 1668 tregulein: Die Friesel ist ohnmächtig geworden.
1073 1626 2422 1811 Baron: Keine Hand rührt sich mehr.
1087 1736 2228 1862 Hr. Braun: Auf das Sofa bitte.
1087 1865 2947 1998 (Ein Theaterarbeiter und zwei Schauspieler sind
1082 2024 2902 2223 ihm behilflich, Franzi wird auf das Sofa gebet-
1071 2181 1246 2328 tetl
1096 2296 2141 2443 Löblein: Eiserner heruntert
1080 2406 2935 2600 (Geriusch des herabeinkenden eisernen Vorhangsl
1059 2542 2940 2720 sine Schauspielerin hat rasch Franzis Kleid ge-
1082 2685 2860 2853 oftnet. Braun legt sein Ohr an Franzis Brust)
1080 2813 2675 2926 Paronftritt näher heran) Eine Ohnmacht?
1080 2912 2392 3097 Heri Dern:ltriti hinzul Ohnnacht?
1071 3041 2867 3258 Fraun:Igibt durch eine Geste zu erkennen, dass
