3304 3496
2715 375 2888 491 100
1277 450 2253 704 Deron: lhohnischt Ropf.
1275 638 2927 788 Karl Bern: Oder wohin immer ... Jedesfalls
1293 759 1748 857 wechlen
1284 763 3012 962 geketnt er, dass sie die Fanny absolut nicht
1277 953 1858 1099 repielen will.
1300 1031 2970 1218 Baron: Sie wird die Fanny spielen.Oder wir
1293 1156 2939 1357 werden die Konsequenzen zu ziehen wissen.
1291 1291 3098 1494 Karl Bern: Es täte mir leid, wenn gerade mein
1289 1428 3098 1636 Stück... Ich möchte mir doch erlauben... Man
1286 1579 2936 1766 könnte vielleicht eine Umbesetzung in Be-
1296 1748 1881 1894 tracht ziehen.
1296 1830 3133 2034 Baron: Aber, Herr Doktor, Sie wissen ja, dass wir
1286 2015 2340 2162 keine Möglichkeit haben...
1286 2082 2911 2269 Karl Sern: (bestimnt) Vielleicht doch...
1298 2262 1842 2434 Beron:1821ck)
1300 2340 2950 2550 Kerl Ber: Die bicherige Derstellerin der
1300 2550 2274 2685 Enmi, Fräulein Friesel,--
1289 2614 2923 2820 Baron:lbeinche höhnisch) Aber, Herr Bern:
1300 2749 3071 2950 Bern: Um Missverständnissen vorzubeugen, Herr
1307 2868 2964 3062 Baron - Fräulein Friesel hat keine Ahnung
1307 2993 2989 3222 von dem Schritt, den ich in ihren und viel-
