3304 3576
1083 477 2763 657 Soll ich'e gleich in die Garderobe tragen?
1090 637 1965 808 Fränzi: Später. Danke.
1086 762 2763 951 Fortier: labf. trifft Dregulein in der Füre
1090 927 1730 1086 auf den stufenl.
1097 1038 2967 1232 Franzi:lhat den Brief geöftnet, liest ihn für si
1100 1205 1500 1359 Zacht aufl
1097 1299 3007 1493 Pregulein: Ausgezeichnet geht'e. Hab ich nicht
1881 1467 2046 1603 verr
2219 1459 2974 1639 gewesen abzusagen.
1167 1464 1778 1632 scht gehabt?Fs m
1296 1579 2967 1761 der heutige Abend gut vorüber ist sind Sie
1086 1725 3007 1910 überhaupt drüben- an andern Ofer,wo Ihnen nichts
1074 1852 1886 2010 mehr geschehien kann.
1088 1998 1960 2169 Franzi: Bin ich schon.
1114 2113 2698 2308 Tregulein: Onco besser. Sich um einen i.
2878 2135 3007 2250 ram
1090 2272 2878 2454 das wäre doch zu dumm. Sich auf einen kaprizi
1076 2387 2449 2586 ren -- 11 Du kannst doch jetzt ha-
1081 2518 2880 2696 willst. Schufte sind wir ja alle.. Es hat nur
1076 2657 2907 2859 nicht jeder die Gelegenheit.-Wunderbar sind di
1069 2799 1347 2950 Rosen.
1078 2921 1838 3084 Franzi: Nicht mähr?
1086 3055 2689 3261 dregulein: Ah, von ihme Möclt er wieder er
