3384 3512
2697 267 2844 412 229
1125 426 3031 620 Richerd: Marum bist du nicht früher gekommen. Me-
1134 608 1423 760 thilde?
1122 671 3092 892 Mathilde: Ich will nicht stören. Ich weiss, du hast
1129 840 2092 1005 jetzt Ordinationsstunde.
1127 973 2577 1152 Richard: Leider nicht zuhause heute.
1132 1098 2332 1259 MathildeiBei Gerold, ich weise.
1142 1252 2347 1396 Richard: Auf Wiedersehen also.
1159 1370 2364 1541 (in diesem Angenblick Pelefon)
1142 1494 3070 1683 Hichard: (zuckt zusammen, zu Helene) Ich bin nicht
1154 1612 3102 1796 zuhause. Mer immer es ist, ich bin nicht zuhause.
1139 1735 2979 1945 Helene:(sieht ihn etwas befrendet an und geht?
1142 1906 1838 2073 Wathilde, Richerd.
