3160 3528
1075 575 2160 700 ne der Dahingeschiedenen...
1071 698 2108 844 Ludwig: (ungeduldig) Min...
1082 825 2788 987 kregulein: Oder vielleicht ist es gerade in
1075 962 1535 1121 ihrem Sina.
1078 1055 2874 1239 Ludwig: Sie werden wohl die Güte haben... Was
1075 1226 1685 1367 hat sie gesagt?
1085 1326 2731 1507 Dregulein: Sie sagte - diese Flumen, diese
1085 1464 2829 1614 dunkelroten kosen - es waren sonst keine da
1071 1614 2883 1774 die sind - von dem grossen Schuft - ich bitte
1073 1730 2772 1905 um Entschuldigung - wahrscheinlich gibt es
1071 1867 2876 2005 auch noch einen kleineren,es ist ja kein Wun-
1080 2001 2904 2162 der - es wimmelt ja von Schuften auf der Weit.
1075 2146 2433 2296 Ludwig: Wae fällt Ihnen ein, Herr-
1089 2271 2728 2440 Pregulein: Dregulein ist mein Name, erster
1078 2408 1537 2558 Frauergast.
1082 2538 2774 2690 Ludwig: Sie scheinen ein NMarr zu sein, mein
1071 2663 1301 2767 Herr?
1071 2685 2801 2954 Dregulein: Wöglich. Auch von der Sorte gibt
1082 2906 2206 3026 es viele. Ich habe die Ehre.
1091 3063 2424 3224 (Barön und Lsblein aus dem Theater
