3304 3512
1155 442 2949 681 Berl Bernilzu Brgelmann) Wir können die Stei-
1566 633 1725 697 am
1158 633 2299 795 Je am Ende(wieder aufmachen.
1171 736 2965 946 Loblein:(rasch) Was wollen Sie aufmachen? Die
1155 880 2915 1053 Szene nimnt kein Ende, Herr Bern, Sie haben es
1176 1032 2263 1203 gestern selbst konstatiert.
1158 1148 2946 1326 Karl Bern: Wir wollen heute einmal die Szene
1176 1283 2901 1452 ohne Unterbrechung durchgehen, ungestrichen,
1185 1406 2290 1570 nicht wahr, Herr Regiereur
1215 1543 3040 1730 nspizient:(komnt) Es meldet sich nienand beim
1176 1718 1522 1834 Telefon.
1176 1793 2525 1983 karl Bern: Wer meldet sich nicht?
1190 1923 2791 2112 Lyblein: diso, meine Herren. Herr Gregorl
1187 2060 3019 2231 Kerl Bern: Dieso halten Sie schon überkaupt so
1187 2222 1415 2336 meit?
2586 2185 2935 2365 Welbete
1187 2352 3001 2532 Gregor: Wie die vielleicht benerkenfIst Frau
1187 2438 2520 2634 ren Roreda nicht des untien.
1187 2614 2044 2760 Aeblein: Bicher nicht
1190 2750 2994 2915 Karl Bern: So.. Also wirklich nicht gekohnen?
1246 2851 2967 3019 o wird man an Ende doch eine Unbesetzung in
1180 2997 2213 3183 Erwägung ziehenmunen
