3272 3512
2797 310 2926 460 86
1164 432 2949 601 Shnentheaters die Soufleuse, die also ihr be-
1154 589 2872 755 sicht dem Publikum zugewandt hat. Am Regie-
1173 711 2996 824 tisch der Regisseur Löbleiy. Der Schauspieler
1168 852 2461 967 Gregor auf der Bühne hin und her.
1166 985 2959 1079 Inspizient (hinter der Szene, rufend) Kräutein
1157 1114 2109 1248 Frau Roveda, Frau Kovedal
2217 1161 2464 1312 mede
1157 1222 2276 1361 Esblein: Nun, woran liegt esf
1185 1344 2961 1558 repizient: (von linke, zu Löblein) Frau Roreda
1152 1509 1882 1631 ist noch nicht da.
2278 1565 2496 1685 lassen
1154 1605 2860 1814 Löblein: (zum Inepizienten) Ratakantenan Sie
1152 1757 2177 1919 noch einmal telefonieren.
1145 1884 1755 2044 Inepizient: (abl.
1129 1994 2970 2147 Gregor: Das Telefon dürfte ausgeschaltet sein.
971 2130 2419 2238 John, Dogetmenn: (auf die Bühne treten)
2602 2128 2733 2201 ist
1157 2133 2938 2330 ostetn: Asand vertraut mit den Sitten des
1124 2283 1424 2428 Hauses.
1138 2384 2949 2581 Loblein: Wir probiren also vorläufig die Sze-
1126 2534 3013 2696 ne drei. Fedor und Witte. Herr Gregor und Herr
1131 2656 2177 2830 Dögelmenn. Herr Dygelmann.
1129 2806 2736 2966 Jemand hinter der Szene: Herr Eggelmann!
1126 2938 2194 3104 Ein zweiter Ruf: Dogelmann!
