3160 3720
732 427 2067 659 Rieherd: für dich menn du millst.
729 558 2873 774 Kelene: konnat du vielleicht heute Abend nachhause
734 748 2283 913 Sohen wegen Papa.. Pr -kränkt sich.
742 884 1594 1060 Richerd: Krankt sief
734 972 2670 1183 Relene: Er macht sich emstliche Sorgen un dick.
737 1116 2876 1332 Richerd: Dazu ist doch nicht der geringete Grund vor-
748 1290 1044 1426 handen.
758 1394 2833 1589 Entoinetteiltritt zu ihnen) diso, Sie übernehnen Lud-
753 1535 2443 1698 wige Patienten während seiner Abwesenheit?
758 1661 2312 1842 Richerd: So weit solche vorhanden sind.
753 1784 1933 1986 Antolnette: Und Patientinnen.
756 1906 2771 2128 Richerd: Das lässt sich bei einem Frauenarzt nicht
750 2083 1167 2256 vermeiden.
753 2176 2793 2387 Antoinette: Sie könnten gleich einige behalten. Be-
748 2344 1618 2518 sonders die gesunden.
753 2440 2638 2617 Richerd:Nacht stwas gehünstelt, dann zu Relenel
