3272 3608
1183 528 2557 769 Dektor Fraun: (der Thesterarzt trit
1194 720 2464 898 Guten Abend, meine Herren. (Begrü
1178 839 2419 998 haben es wieder heute beinche s
2440 881 2632 1010 srerk
2658 874 2838 1026 auft
1164 982 2045 1089 habt heute, bei der 781
1421 1059 2169 1166 dum tunelte nn
1173 1122 3004 1297 GregorsSig haben zich die skonödie wieder ange¬
1164 1218 2101 1402 schart) Anflüchbeliser
1152 1374 2992 1585 Dr. Braun: Ich war nur in der Gerderobe bei der
1143 1498 1442 1653 Roveda.
1169 1620 1921 1798 Sohn: Rotkrank, nes?
1141 1767 3018 1940 Dr. Braun: Sie ist tatsächlich sehr herunter mit
1134 1898 3008 2090 ihren werven. Ich glaub nicht, dass sie Sanstag
1124 2010 2172 2190 die Premieresspielen kann.
1113 2165 2417 2295 Karl Bern: Wirklich, Herr Doktor?
1113 2286 2955 2461 John: Ihr lasst Euch alle von ihr auf dem Kopf
1101 2410 2265 2588 heruntanzen, von der Cansilie.
1101 2548 1914 2693 Dr. Braun: Herr John!
1101 2630 1435 2704 Reegulem
1115 2683 2814 2889 Eegetmann: Sie sind nicht vornehm, Sohn. Man
1087 2798 2906 2999 soll jeder Frau Dankbarkeit krtnn bemahren,
1092 2936 2971 3149 die man einmal geliebt hat, sogar seiner eigenen
1071 3057 1295 3174 Frau.
