3304 3512
2583 402 2750 536 262
1130 510 3015 700 Marie Stuart, Feodora, Cameliendame, -diese Sohnie
1107 663 2211 811 re sicht mich nicht wieder.
1114 776 2573 952 Dreguleini Ich falle aus den Moiken.
1121 921 1993 1048 Toredai Liege weich...
1097 1041 2604 1236 (Baron und Loblein die Priege berauf1
1107 1184 2862 1370 Lybletn: Ich verziche die, Herr Intendent, die
1100 1323 2193 1464 Stimmung ist ausgezeichnet.
1095 1436 2883 1614 Bareni Sie können mir ruhig daron sagen. Ich
1083 1572 2905 1748 bin von deutechem Adel, der ist vorläufig noch
1076 1694 1824 1859 nicht abgeschafft.
1081 1831 1737 2002 Lobleini Ferden.
1074 1965 2926 2131 Baren: Und was die Stimmung anbelangt - es ist
1072 2113 2923 2272 eine Derusskrankheit der Regleseure, sich inner
1069 2221 2909 2395 einzubilden, dass das Publikum in Stimmung ist.
1612 2329 2129 2428 einige Herren
1060 2324 2599 2524 Ioh habe eben uttemheik gesprochen-
1069 2505 2660 2644 Lobleini Von der Kritik - (Achselzucken)
1069 2641 2780 2808 dareni Ich tefie Ihre Meinung, Herr Loblein.
1058 2771 2827 2956 oder innerhin - sie schreiben. (Ein Zeichen!
1058 2893 2780 3060 Lyblein: Ich muer auf die Suhne, Herr Beron.
1046 3034 2858 3231 Beron: Hatrer Aieo nehir Teupol Nur einer kann
1041 3158 1582 3318 derLandret
