3288 3480
2654 436 2863 664 Snan-
1792 455 2507 656 Elovierspiel,höch
1088 495 1716 683 (wan hört noch d
1085 633 2865 813 mung bei den Zurückbleibenden. Das Klaviereni
1074 792 2870 948 sistiert plötzlich, es wird durch Sprechen auf
1085 929 1868 1095 der Bühne abgelöst.
1085 1048 2119 1204 Kerl Bern: Er geht weiter.
1095 1154 2922 1344 Tregulein:Bei den Mann können Sie sich auf den
1083 1296 2844 1477 knieen bedanken. Vielleicht hat er Ihren Akt
1090 1455 1467 1612 gerettet.
1088 1548 2880 1695 Karl Bern: Schon möglich, dass dieses improvi-
1097 1706 2927 1875 sierte Geklimper die Stimmung für den Schlues
1107 1830 1905 2000 günstig vorbereitet.
1100 1962 2996 2142 Dregulein: Vielleicht wär'« doch besser gewesen
1097 2074 2571 2254 eine Andere hätte die Rolle gespielt.
1102 2218 2927 2382 Karl Bern: Nein,nein. Ee wird alles wieder gut
1100 2384 1405 2541 werden.
1100 2474 3010 2666 Dr, Fraun:(konnt) Was ist denn da eigentlich pas-
1100 2643 1363 2787 siert?
1112 2737 2984 2932 Dregulein: Eine plötzliche Bemusstseinestörung.
1109 2891 1832 3055 eine Art Ohnnacht.
1112 2984 2986 3197 Dr. Fraun: Ich habe tetzächlich geglaubt, der Be-
