3224 3624
2645 491 2861 622 45 4
2013 518 2390 634 verhaltnis
964 531 2987 760 Franzi: Der hat jetzt ein Lerktaktx mit der Roreda.
949 664 2348 853 Eichard: Der kann wohl Jede haben.
949 793 2879 1027 Franziilbetläufigl Natürlich. Er muss nur winken.
936 928 2853 1135 Richard: pun hat er schon gewinkt? Dir mein ich?
926 1082 2773 1324 Pranzi:lleicht spottend( Mich hat er überhaupt
908 1235 1683 1379 noch nicht bemerkt.
906 1334 1714 1540 Nichard: Nar Geduld.
946 1487 2385 1693 ranzl: Wöchtest du nicht aufhören, 2i
883 1605 2473 1837 Leni:lkonnt herein, serviert ab, bringt de
918 1741 1215 1897 ericht1
868 1872 2174 2051 Franzi: Vebrigene bin ioh get 11
2353 1960 2785 2088 verzeugt, de
863 2016 2300 2212 mir Sanstag die Pfentöre haben werd
840 2141 2204 2302 hat heut auf der Probe wieder eine
2557 2204 2853 2350 gemacht
