3288 3592
956 442 2539 645 (Er überlegt noch einen Augenblick, denn
956 613 2221 775 er entschloseen in die Loge III
943 755 2155 924 Richard: (vil1 in die Loge IIII
951 872 2263 1053 (In diseem Augenblick rasch über
2297 887 2813 1070 1e Stiege Dr.
926 999 2862 1207 Ladnig Gerold, dunkder Veverzicher, hinaufgeschla-
934 1163 1452 1307 gener Kregen
916 1276 2104 1459 Riehard: (höchet ertaunt) Dur
914 1420 1821 1554 Ludwig: Wie du siehet.
916 1537 1535 1703 Richard: Heute?
904 1691 2837 1865 Ludwig: Die beiden Efeignisse haben nichte mit-
912 1823 2713 1960 einander zu tuh. Ich habe übrigene einen ganz
909 1935 2747 2107 versteckten Platz auf der Galerie. Ee hat mich
890 2067 2705 2246 niemand gesehen. Und wenn auch - Was saget du
885 2216 2732 2348 übrigens zu Franzi? Wundervoll, nicht mahrt Was
885 2322 2691 2520 für eine Kunetlerin. Ich hab es nicht geehnt.
882 2478 2752 2656 warun hast du mir übrigene nicht telegrephiert)
877 2593 2688 2781 Richerd: Sie hat sich nicht ungebracht, wie Du
858 2730 1178 2867 Aiehet.
860 2845 1884 3006 Ladin g: Glücklicherweise.
858 2984 2825 3201 Richerd,Und vielleicht hat sie gerade der Schnerz
