3160 3528
2568 361 2719 461 309
1077 475 2457 626 pen haben sich allmählig aufgelöst.
1058 609 2794 754 Roveda: (zum Baron) Mein Beileid, Herr Baron.
1058 742 2796 898 Baron: Ich danke Ihnen, gnädige Frau. Hatten
1075 854 2931 1068 ie eigentlich den Eindruck, dass es - bie dahin
1047 1005 1970 1154 ein Erfolg gewesen ist:
1054 1121 2924 1286 Roveda: Hxunx Wollen Sie meine ehrliche Meinung
1035 1247 2812 1431 hören, Herr Baron? So anfechtbar die Leistung
1407 1352 2343 1452 iu din taranflinst
1028 1398 2778 1563 auch man, es war kein Grund sich gleich unzu-
1038 1503 1889 1675 vrttgen. recharden
1049 1626 2754 1812 Fortier: DenxkgruxfüxxExxxKexxX Vorfahren
1012 1798 2061 1935 der Wagen für Frau Roveda.
1007 1889 2722 2089 Roreda: Er kann dort stehen bleiben. Guten
1033 2038 2817 2222 bend, Herr Baron. (zu Gregorl Ich kann Sie in
998 2173 2419 2350 meinen Wegen mitnehmen, Herr Gregor.
1012 2305 1915 2475 regor: (unentschloszen.
996 2440 2780 2612 Apreda: Du machst sieia doch nicht wieder de-
982 2554 1368 2712 lebendig.
989 2643 2277 2861 (Loblein und Seron gegen linkel
979 2824 2747 2975 Löblein: Mit drei Proben wäre es wohl zu me-
975 2950 1193 3087 chen.
