3192 3528
2563 312 2716 433 308
1077 506 1491 613 entfernen!
1086 558 2854 778 TRicherd, Mathilde überschreiten die Fahrbahn
1088 755 1763 871 zum Park hinüber)
1077 838 2806 999 Methilde: Ich kenn dich nicht allein lassen
1079 954 2906 1159 in dieser Stunde. Oder vielleicht wünsche ich
1086 1079 2972 1285 auch nur, dass du mich nicht allein lässt in die
1091 1242 2934 1382 ser Stunde.. Das wird wohl das Gleiche sein.
1091 1353 2934 1559 Ich bin da, Richard.Und ich bin immer dieselbe.
1098 1477 2998 1659 Richard: Du weiset ja nicht, mit wem du sprichst.
1098 1614 2837 1782 Zu einem Andern, als du glaubst. Was bin ich
1105 1746 2910 1907 für ein Mensch! Vor einer Stunde habe ich ihr
1096 1869 2920 2059 diesen Brief geschrieben. Verlassen hatte ich
1107 2004 2757 2179 sis und war verlobt mit ihr und vor einer
1103 2139 2903 2307 Stunde habe ich ihr diesen Brief geschrieben.
1105 2269 2910 2447 Er ist nicht mehr in ihre Hände gelangt,sonst
1103 2411 2276 2570 ware vielleicht alles anders.
1112 2530 2932 2714 Mathilde: Schicksal -2 Wein,nein, ich will ihn
1115 2700 1607 2821 nicht lesen.
1088 2816 1850 2974 Richerd: Lies ihn.
1096 2910 2759 3128 Methilde: Er ist nicht an mich gerichtet.
