3320 3640
547 333 901 489 17./6.30.
2563 481 2746 664 251
990 649 1616 832 Srebentes Bld.
990 743 2257 901 Lofengung der Reeidenzthentere.
998 878 2812 1087 Nier togentüren, Jetzt geschloesen. Ven Rechte
995 1046 2922 1178 nach linke loge I(direktienelogef: Intendent und
998 1176 2896 1356 Br. Braun 1. Joge II4 Frau Rgrede und ihre Mat-
1000 1298 3051 1451 ter. Loge III: Frau Veith mit ihrer Tochtar Mathil-
1005 1443 2945 1570 de und Hicherd.loge IV: rasident Fricke mit sei-
998 1616 2341 1761 ner Tochter Relens. und Karl Bern.
1003 1708 2937 1883 Rechte vor Stiege, die ine Parterre hinab führt.
1008 1860 2858 2016 logengang setzt sich linte fort, rechtepeitlich
1021 2000 2764 2112 dank, auf der der Logenschlieseer schlamnert.
1046 2133 2077 2235 uerst vollkommene Stille.
1018 2199 2901 2387 toge 1li. Ire ofinet sich Jetre. Richerd tratt
1008 2400 2904 2542 vorrichtig letze herane, sohlieset die Füre hin-
1008 2514 2901 2647 ter sich.zum Auk Logenschliesser, seine Schulter
1021 2657 1425 2774 berührend.
1018 2744 2023 2955 logensphligeserlernacht).
1005 2891 2665 3069 Rzohard: Wo geht'e denn fa auf die Bühner
1038 3001 2899 3214 orenschllesser: Da himuater und dann elbesinnt
990 3133 2395 3380 pichl Er ist aber nicht geetettet.
