3160 3640
1105 478 2055 658 da bin ich, entschuldige.
1108 610 2847 813 (Pienist erhebt sich und verabschiedet sichl
1096 766 1696 943 Kicherd, ladnig.
1199 888 2766 1089 ie treten beide allmählich in den Salen)
1105 1024 2864 1208 Fudnig: (im Reiseanzug) Ich danke dir, dase du
1105 1177 2206 1325 so lange Geduld gehabt hest.
1093 1292 3019 1462 Hiohard: Aiso, um welchen Fall handelt es sich ein
1096 1428 1467 1596 gentlicht
1096 1577 2555 1739 Zuanig: leinfachl Um den Fall Franzi.
1084 1701 2294 1876 Richard:lhöchet erstannt) Mier
1098 1837 2759 1976 Ludwig: Ich wollte dich fragen -- Du hast
1402 1926 1598 2010 we war
1084 1967 2352 2108 nichte gehört inser letzten Zeit
1079 2062 2842 2266 Eicherd: Wie kännst du nur auf die Ideer ich
1072 2242 2878 2369 habe seche Monste lang nichts von ihr gehört
1072 2342 2708 2507 länger, mindestene so lange nicht wie du.
1404 2443 1569 2515 Nin
1079 2450 1885 2637 Ludhig: Natürlich.
1067 2603 1436 2787 Richerd:
1502 2586 3022 2790 Mas soll diese Frage eine Viertelstung
1069 2751 1959 2895 de vor deiner Abreise?
1175 2838 2909 3019 anig: ie Sache ist nänlich die. Sie hat mir
1380 3017 2938 3194 geschworehatatfrefttek - vor gerauner
