<?xml version="1.0" encoding="UTF-8" standalone="yes"?>
<PcGts xmlns="http://schema.primaresearch.org/PAGE/gts/pagecontent/2013-07-15" xmlns:xsi="http://www.w3.org/2001/XMLSchema-instance" xsi:schemaLocation="http://schema.primaresearch.org/PAGE/gts/pagecontent/2013-07-15 http://schema.primaresearch.org/PAGE/gts/pagecontent/2013-07-15/pagecontent.xsd">
    <Metadata>
        <Creator>prov=READ-COOP:name=PyLaia@TranskribusPlatform:version=2.7.0:model_id=50870:lm=none:date=22_01_2024_18:09</Creator>
        <Created>2023-09-27T14:33:30.129+02:00</Created>
        <LastChange>2024-01-22T18:09:47.570+01:00</LastChange>
        <TranskribusMetadata docId="1589031" pageId="60122978" pageNr="151" tsid="145631405" status="IN_PROGRESS" userId="40391" imgUrl="https://files.transkribus.eu/Get?id=UDDJEFCPJGKDMSQRTVIXQWPE&amp;fileType=view" xmlUrl="https://files.transkribus.eu/Get?id=RNIPORJITUYPFHASUDLFVGVM" imageId="48548056"/>
    </Metadata>
    <Page imageFilename="1589031_0151.jpg" imageWidth="3256" imageHeight="3480">
        <ReadingOrder>
            <OrderedGroup id="ro_1711794306732" caption="Regions reading order">
                <RegionRefIndexed index="0" regionRef="tr_1"/>
            </OrderedGroup>
        </ReadingOrder>
        <TextRegion orientation="0.0" id="tr_1" custom="readingOrder {index:0;}">
            <Coords points="996,364 996,3078 2966,3078 2966,364"/>
            <TextLine id="tr_1_tl_1" custom="readingOrder {index:0;}">
                <Coords points="2804,477 2819,477 2843,461 2865,468 2896,441 2925,441 2934,451 2961,446 2963,316 2939,311 2920,321 2910,311 2865,333 2826,311 2807,316"/>
                <Baseline points="2817,429 2846,430 2876,432 2906,432 2936,430 2966,426"/>
                <TextEquiv>
                    <Unicode>236</Unicode>
                </TextEquiv>
            </TextLine>
            <TextLine id="tr_1_tl_2" custom="readingOrder {index:1;}">
                <Coords points="1078,574 1150,555 1232,596 1331,555 1483,552 1616,603 1736,564 1787,593 1813,586 1811,468 1739,497 1611,453 1514,485 1309,448 1075,470"/>
                <Baseline points="1092,528 1128,530 1164,533 1201,534 1237,534 1274,534 1310,537 1346,539 1383,540 1419,540 1456,540 1492,540 1528,540 1565,542 1601,543 1638,543 1674,543 1710,545 1747,548 1783,549 1820,552"/>
                <TextEquiv>
                    <Unicode>auch nicht, Heiene.</Unicode>
                </TextEquiv>
            </TextLine>
            <TextLine id="tr_1_tl_3" custom="readingOrder {index:2;}">
                <Coords points="1068,709 1324,728 1444,680 1671,726 1739,687 2078,687 2537,735 2640,719 2638,600 2423,637 2339,579 2011,634 1789,588 1683,627 1521,571 1329,629 1063,564"/>
                <Baseline points="1080,656 1158,661 1236,665 1315,668 1393,665 1471,670 1550,672 1628,674 1706,677 1785,680 1863,680 1941,680 2020,680 2098,683 2176,687 2255,689 2333,689 2411,695 2490,690 2568,689 2647,695"/>
                <TextEquiv>
                    <Unicode>Helene: Schade. Mir ist er sehr eympath</Unicode>
                </TextEquiv>
            </TextLine>
            <TextLine id="tr_1_tl_4" custom="readingOrder {index:3;}">
                <Coords points="2643,699 2667,697 2679,706 2703,702 2730,721 2744,711 2754,716 2761,711 2768,719 2783,704 2812,706 2809,629 2732,627 2720,634 2684,610 2664,617 2640,612"/>
                <Baseline points="2656,695 2682,695 2709,696 2736,697 2763,698 2790,698 2817,698"/>
                <TextEquiv>
                    <Unicode>tsch.</Unicode>
                </TextEquiv>
            </TextLine>
            <TextLine id="tr_1_tl_5" custom="readingOrder {index:4;}">
                <Coords points="1068,842 1919,832 1968,813 1968,745 1066,743"/>
                <Baseline points="1080,790 1124,793 1169,793 1213,796 1258,799 1303,802 1347,802 1392,799 1436,802 1481,802 1526,802 1570,805 1615,808 1659,805 1704,808 1749,808 1793,808 1838,811 1882,814 1927,814 1972,814"/>
                <TextEquiv>
                    <Unicode>Fricke: Das merke ich.</Unicode>
                </TextEquiv>
            </TextLine>
            <TextLine id="tr_1_tl_6" custom="readingOrder {index:5;}">
                <Coords points="1068,991 1406,945 1792,1003 2064,967 2315,1034 2392,1008 2390,883 2052,863 1980,904 1420,839 1329,880 1063,851"/>
                <Baseline points="1080,916 1145,922 1211,925 1277,931 1343,934 1409,935 1474,935 1540,934 1606,936 1672,941 1738,941 1803,946 1869,943 1935,946 2001,945 2067,946 2132,948 2198,949 2264,950 2330,952 2396,955"/>
                <TextEquiv>
                    <Unicode>Helene: Ich habe sogar die Absich-</Unicode>
                </TextEquiv>
            </TextLine>
            <TextLine id="tr_1_tl_7" custom="readingOrder {index:6;}">
                <Coords points="1066,1112 1623,1116 1620,1008 1526,1008 1447,979 1333,1022 1247,974 1198,1001 1121,972 1061,991"/>
                <Baseline points="1077,1044 1104,1049 1132,1054 1159,1056 1187,1057 1215,1059 1242,1059 1270,1059 1297,1059 1325,1062 1353,1065 1380,1063 1408,1063 1435,1065 1463,1067 1491,1067 1518,1065 1546,1066 1573,1068 1601,1070 1629,1077"/>
                <TextEquiv>
                    <Unicode>Ericke:(Blickl</Unicode>
                </TextEquiv>
            </TextLine>
            <TextLine id="tr_1_tl_8" custom="readingOrder {index:7;}">
                <Coords points="1061,1235 2076,1206 2930,1259 2930,1179 2619,1119 2187,1119 2016,1162 1864,1085 1575,1126 1059,1112"/>
                <Baseline points="1071,1178 1164,1184 1257,1187 1350,1193 1444,1193 1537,1193 1630,1196 1723,1198 1817,1202 1910,1205 2003,1208 2096,1208 2190,1208 2283,1211 2376,1214 2469,1217 2563,1217 2656,1223 2749,1218 2842,1223 2936,1226"/>
                <TextEquiv>
                    <Unicode>Helene: (mit übertriebener Bestimmtheit ) - eine</Unicode>
                </TextEquiv>
            </TextLine>
            <TextLine id="tr_1_tl_9" custom="readingOrder {index:8;}">
                <Coords points="1046,1362 1338,1382 1553,1338 1972,1391 2201,1367 2201,1307 1044,1235"/>
                <Baseline points="1059,1316 1116,1314 1173,1319 1230,1320 1288,1322 1345,1324 1402,1324 1460,1328 1517,1328 1574,1328 1632,1328 1689,1331 1746,1332 1803,1334 1861,1337 1918,1337 1975,1338 2033,1338 2090,1340 2147,1341 2205,1349"/>
                <TextEquiv>
                    <Unicode>Stellung bei ihm anzunehmen.</Unicode>
                </TextEquiv>
            </TextLine>
            <TextLine id="tr_1_tl_10" custom="readingOrder {index:9;}">
                <Coords points="1044,1488 1104,1505 1242,1490 1261,1507 1358,1471 1473,1495 1531,1476 1526,1386 1500,1379 1442,1401 1345,1374 1290,1406 1148,1367 1039,1379"/>
                <Baseline points="1056,1435 1081,1438 1106,1442 1131,1445 1156,1447 1181,1447 1206,1448 1232,1450 1257,1451 1282,1453 1307,1451 1332,1450 1357,1450 1383,1451 1408,1453 1433,1453 1458,1453 1483,1455 1508,1456 1534,1456"/>
                <TextEquiv>
                    <Unicode>Fricke: Wie?</Unicode>
                </TextEquiv>
            </TextLine>
            <TextLine id="tr_1_tl_11" custom="readingOrder {index:10;}">
                <Coords points="1030,1642 1401,1599 1536,1647 2963,1647 2934,1524 2698,1548 2602,1509 2508,1553 2418,1495 2153,1543 1958,1495 1787,1538 1570,1490 1300,1536 1230,1490 1027,1507"/>
                <Baseline points="1044,1572 1140,1575 1236,1582 1332,1580 1428,1583 1524,1585 1620,1587 1716,1593 1812,1593 1908,1596 2005,1599 2101,1599 2197,1602 2293,1605 2389,1608 2485,1611 2581,1614 2677,1616 2773,1614 2869,1614 2966,1614"/>
                <TextEquiv>
                    <Unicode>Heiene: (mit übertriebener Sicherheit) Als Sekre-</Unicode>
                </TextEquiv>
            </TextLine>
            <TextLine id="tr_1_tl_12" custom="readingOrder {index:11;}">
                <Coords points="1025,1731 1232,1729 1399,1794 1654,1755 1866,1792 1963,1755 2134,1796 2445,1748 2693,1799 2913,1792 2956,1767 2954,1683 1022,1647"/>
                <Baseline points="1035,1704 1131,1710 1227,1713 1324,1713 1420,1716 1517,1718 1613,1722 1709,1722 1806,1725 1902,1727 1999,1731 2095,1734 2191,1734 2288,1737 2384,1737 2481,1743 2577,1743 2673,1748 2770,1748 2866,1751 2963,1757"/>
                <TextEquiv>
                    <Unicode>tarin.- Ich bekäme einen ganz anständigen Gehalt</Unicode>
                </TextEquiv>
            </TextLine>
            <TextLine id="tr_1_tl_13" custom="readingOrder {index:12;}">
                <Coords points="1032,1900 1820,1857 2170,1919 2865,1919 2862,1813 2614,1833 2267,1772 2093,1808 2028,1767 1799,1799 1652,1755 1030,1794"/>
                <Baseline points="1044,1838 1135,1841 1226,1841 1318,1844 1409,1847 1500,1850 1592,1853 1683,1856 1774,1859 1866,1857 1957,1862 2048,1863 2140,1868 2231,1868 2322,1871 2414,1870 2505,1874 2596,1876 2688,1877 2779,1879 2871,1877"/>
                <TextEquiv>
                    <Unicode>und hatte höchstens drei bis vier Stunden täg-</Unicode>
                </TextEquiv>
            </TextLine>
            <TextLine id="tr_1_tl_14" custom="readingOrder {index:13;}">
                <Coords points="1030,2028 1109,2038 1138,2013 1194,2038 1235,2025 1283,2040 1338,2009 1435,2030 1534,2011 1531,1936 1466,1912 1223,1919 1162,1876 1087,1912 1025,1878"/>
                <Baseline points="1041,1969 1066,1969 1092,1969 1118,1971 1144,1972 1170,1972 1196,1972 1222,1972 1248,1974 1274,1975 1300,1975 1326,1975 1352,1975 1378,1977 1404,1978 1430,1978 1456,1979 1482,1981 1508,1982 1534,1984"/>
                <TextEquiv>
                    <Unicode>lich zu tun.</Unicode>
                </TextEquiv>
            </TextLine>
            <TextLine id="tr_1_tl_15" custom="readingOrder {index:14;}">
                <Coords points="1030,2122 1182,2170 1509,2117 1688,2194 1777,2151 2074,2182 2175,2136 2358,2199 2710,2189 2867,2158 2865,2066 2628,2035 2397,2076 2310,2023 1956,2052 1637,2018 1524,2057 1027,2025"/>
                <Baseline points="1044,2095 1135,2101 1227,2104 1318,2104 1410,2108 1501,2111 1593,2113 1684,2115 1776,2119 1867,2119 1959,2123 2050,2125 2142,2126 2233,2133 2325,2130 2416,2133 2508,2136 2599,2138 2691,2142 2782,2142 2874,2139"/>
                <TextEquiv>
                    <Unicode>Fricke: Da bist wohl nicht ganz bei Trost,mein</Unicode>
                </TextEquiv>
            </TextLine>
            <TextLine id="tr_1_tl_16" custom="readingOrder {index:15;}">
                <Coords points="1018,2252 1073,2240 1131,2276 1239,2286 1235,2175 1210,2180 1201,2170 1182,2175 1155,2163 1145,2170 1104,2151 1049,2163 1015,2153"/>
                <Baseline points="1032,2229 1058,2229 1085,2229 1111,2229 1138,2230 1164,2232 1191,2234 1217,2235 1244,2235"/>
                <TextEquiv>
                    <Unicode>Kiyd.</Unicode>
                </TextEquiv>
            </TextLine>
            <TextLine id="tr_1_tl_17" custom="readingOrder {index:16;}">
                <Coords points="1001,2404 2009,2387 2698,2438 2766,2411 2766,2334 2568,2349 2462,2300 2377,2353 2127,2349 1726,2279 1519,2308 1372,2250 1249,2308 996,2267"/>
                <Baseline points="1011,2354 1099,2357 1187,2363 1275,2366 1363,2366 1451,2368 1539,2367 1627,2372 1715,2377 1803,2380 1891,2379 1979,2384 2067,2384 2155,2387 2243,2386 2331,2391 2419,2395 2507,2396 2595,2402 2683,2405 2772,2408"/>
                <TextEquiv>
                    <Unicode>Helene : Vollkommen. Ich kann diese müssige</Unicode>
                </TextEquiv>
            </TextLine>
            <TextLine id="tr_1_tl_18" custom="readingOrder {index:17;}">
                <Coords points="1015,2549 1150,2554 1247,2505 2218,2566 2216,2438 1890,2455 1760,2397 1481,2428 1406,2394 1276,2443 1010,2404"/>
                <Baseline points="1026,2483 1085,2489 1145,2491 1205,2495 1265,2495 1325,2497 1385,2498 1444,2499 1504,2501 1564,2501 1624,2504 1684,2506 1744,2510 1804,2510 1863,2510 1923,2513 1983,2515 2043,2515 2103,2518 2163,2519 2223,2521"/>
                <TextEquiv>
                    <Unicode>Bristenz nicht mehr vertragen.</Unicode>
                </TextEquiv>
            </TextLine>
            <TextLine id="tr_1_tl_19" custom="readingOrder {index:18;}">
                <Coords points="1010,2681 1230,2657 1249,2674 1285,2652 1399,2681 1464,2655 1572,2679 1623,2660 1620,2573 1536,2556 1309,2582 1177,2549 1083,2563 1005,2544"/>
                <Baseline points="1022,2617 1052,2619 1082,2619 1112,2617 1142,2619 1173,2622 1203,2626 1233,2626 1263,2626 1293,2626 1324,2626 1354,2627 1384,2629 1414,2629 1444,2630 1475,2632 1505,2632 1535,2632 1565,2632 1595,2632 1626,2638"/>
                <TextEquiv>
                    <Unicode>Fricke: Müssigz</Unicode>
                </TextEquiv>
            </TextLine>
            <TextLine id="tr_1_tl_20" custom="readingOrder {index:19;}">
                <Coords points="989,2807 1319,2780 1401,2814 1466,2766 2898,2850 2894,2703 2488,2739 2418,2698 2238,2730 1905,2667 1601,2710 986,2691"/>
                <Baseline points="1002,2745 1097,2748 1192,2751 1287,2751 1382,2752 1477,2757 1572,2760 1667,2762 1762,2763 1857,2763 1952,2764 2047,2769 2142,2769 2237,2772 2332,2777 2427,2780 2522,2781 2617,2787 2712,2788 2807,2791 2903,2796"/>
                <TextEquiv>
                    <Unicode>Relene: Ich seg'e sa nicht zum ersten Mal,Vater.</Unicode>
                </TextEquiv>
            </TextLine>
            <TextLine id="tr_1_tl_21" custom="readingOrder {index:20;}">
                <Coords points="986,2908 2587,2937 2585,2862 2457,2877 2310,2828 1845,2848 1693,2812 1606,2845 1331,2790 1150,2840 984,2792"/>
                <Baseline points="996,2871 1075,2873 1155,2879 1235,2880 1315,2880 1395,2883 1475,2886 1554,2888 1634,2887 1714,2892 1794,2894 1874,2893 1954,2895 2034,2899 2113,2900 2193,2902 2273,2905 2353,2904 2433,2906 2513,2900 2593,2903"/>
                <TextEquiv>
                    <Unicode>Ich kann nicht.-Dieses müsdige Leben --</Unicode>
                </TextEquiv>
            </TextLine>
            <TextLine id="tr_1_tl_22" custom="readingOrder {index:21;}">
                <Coords points="989,3050 1307,3038 1447,3098 1601,3096 1743,3029 1931,3072 2160,3031 2431,3091 2479,3057 2799,3062 2797,2992 2645,2956 2561,2995 2296,2975 2247,2934 2107,2978 1543,2932 1430,2963 984,2908"/>
                <Baseline points="999,3008 1089,3005 1179,3011 1269,3008 1360,3014 1450,3017 1540,3017 1631,3023 1721,3023 1811,3023 1902,3026 1992,3027 2082,3032 2172,3033 2263,3035 2353,3041 2443,3041 2534,3044 2624,3044 2714,3047 2805,3047"/>
                <TextEquiv>
                    <Unicode>Fricke: Waspsprichst du dennz Müseig? Du bist</Unicode>
                </TextEquiv>
            </TextLine>
            <TextEquiv>
                <Unicode></Unicode>
            </TextEquiv>
        </TextRegion>
    </Page>
</PcGts>
