3288 3608
1034 558 1657 743 Richard: Bitte.
1036 716 2050 891 Karl Bern: (zögernd) Aber
1031 821 2915 1029 Richerd:langstroll /haben( Sif etwa benerkt, dass
1044 986 2810 1144 zwischen Fräulein Friesel und Herrn Gregor-
1026 1104 2953 1254 Karl Bern: (lacht) Nicht das geringete, ich schwör-
1034 1234 2890 1391 es Ihnen - bieher nicht das geringste. Viesmal
1019 1371 2472 1549 ist Ihr Laufer nicht mehr zu retten.
1029 1491 2983 1672 Richard: Bitte, sprechen Sie. (Sie sagten, dass sie
1016 1629 1839 1814 kein Diplonat seien.
1019 1754 2903 1932 Karl Bern: Nein, wirklich nicht/ Also, gerade he-
1552 1857 1719 1917 mit
1927 1862 2335 1949 vnrihiren
1016 1879 2873 2075 raus. Ich mechte Innen gegen, dass Ihr Fräulein
1009 2005 2938 2225 Schwester sich einigermassen- in Sorge un die be-
1019 2167 1311 2307 findet.
1011 2282 2938 2447 Richard: dn Mein Fräukein Schwester - gegen Sie
1004 2405 1537 2550 ruhig Helene.
1006 2530 2810 2705 Kerl Bern: Danke. Also, Fraulein Helene macht
2465 2655 2785 2773 bemet
1001 2653 2648 2838 sich Sorgen. Und mit Recht, wie ich sehe.
1534 2775 1732 2858 oiner
986 2793 1937 2973 Richerd: War sehen Siez
988 2915 2918 3086 Kerl Bern:War Ihre Schwester schon lange bemerkt.
971 3033 2983 3241 hat, dass Sie - nicht sehr glücklich sind. Sie ver-
