3192 3544
2345 275 2496 467 300
967 445 2158 644 Kerl dern: Meiss men's denn ne
972 593 1985 770 Helene: Um Rimmelswillent
972 731 2024 906 Karl Bern: Ja, sie ist tot.
987 848 2542 1050 (Zudnig und Mathilde stehen auch dabei)
987 996 1754 1157 Ludnig: Herzschlagz
984 1115 1667 1293 Kari Bern: Gikt.!
977 1213 2347 1412 Ludwig: (vor sich hin) Entsetzlich!
977 1363 2836 1553 Karl Bern: (zu Helene) Wir sind gar zu gescheidt.
982 1533 1640 1665 gewesen, Helene.
982 1638 1917 1769 Helene: Wo ist Richard?
989 1740 2826 1934 Karl Bern: (weist zum Bühneneingang) Bei ihr.
979 1888 1784 2066 Rolens:(will kinauf)
982 2005 2931 2165 Karl Bern:Nein, bleib doch, es hat gar keinen Sinn.
999 2182 2124 2304 Ludwig: Richard ist bei ihr?
979 2274 2240 2459 Helene: Mussten Sie denn nicht?
987 2442 1954 2590 Ludwig: So also --
987 2569 1951 2717 Gregor:(aus den Thester)
987 2675 1857 2850 Ein Ruf: Hoch Gregor!
994 2804 1954 2994 Wan verweist zur Ruhel
996 2918 2794 3144 Greger:(zu Preguleinl Er ist nicht zu fassen.
