2763 3608
2099 479 2242 606 268
665 561 1197 750 Aektes Biid.
473 729 1599 894 Bühne des Residenztheaters, w
1897 793 2442 904 erten Bind,wo
476 907 1796 1040 eben das Ptück Karl Berne gespiel-
1849 942 2048 1120 Mird.
463 1029 1705 1173 Der Vorhang des Rexidenztheater
2003 1011 2476 1197 in die Nöhe
466 1168 2506 1367 gelassen und der Enschauerraum des Residenztheaters
463 1290 2447 1450 bilden also Hintergrund,resp. Rückseite der zühne.
455 1410 2423 1591 Die Bzene des Residenztheatèrd ist im allgemeinen
439 1540 2524 1726 nicht sichtbar. Die Aussicht wird durch die Rückwand
436 1689 2572 1851 der Dekoration verstellt, in der eine Fe praktikab--
426 1822 2399 1976 le Türe sich befindet. Auf der linken Seite steht
439 1947 2474 2115 die Zimmerwand, in dergleichfalls eine Türe. Die an-
426 2085 2370 2280 dere Pinverwind ist nicht sichtbar, das kimmer, in
426 2248 2500 2445 den der dritie dit des ganzen Stückes gespielt wird.
418 2338 2437 2551 ist nach der rechten Seite meitergedacht.Linke ist
418 2492 2468 2719 also ein Feil des für die Dekoration der Bernlschen
439 2625 2421 2828 tücks nicht verwendeten Raun sichtbar, in dem eich
410 2742 2349 2966 ebenso wie vor der Petrieb vollzicht. Wir sehen
404 2889 2306 3088 dort Bühnenarbeiter, den Ineptrienten, sehen rück-
404 3003 2450 3229 wärte, also in der Mähe des Recidenztheatervorhengs.
396 3144 2280 3389 den Feuerpnchimann stc. Schauspieler, die ihren
