3336 3512
2843 302 2988 437 229
1142 406 2834 589 Richard: Was téléfoniert sie denn so lang?
1144 562 3075 729 Mathilde: Warum geht du nicht selber hink, statt
1139 698 2718 864 pervög im Zimmer hin und her zu rennen?
1147 823 2954 1009 Richard: Nur die Freude wieder einmal mit dir
1144 968 1641 1108 zu plaudern.
1139 1096 2959 1253 Mathilde: Ich hab es nicht gern,Richard, wenn
1151 1209 1996 1390 au so mit mir redest.
1137 1347 3068 1516 Helene: (kommt wieder, teilt mit, dass Sidon in den
1144 1494 2882 1661 Armen von Frau Eiderhof eben gegtorben ist.
1142 1624 2969 1793 Hichard: (entfernt sich rasch: MMuse in Ludwigs
1134 1757 1475 1902 Wohnung.
1060 1878 1774 2044 4. Heiene, Mathilde.
1127 2015 2146 2172 Mathilde: Was hat er nur?
1137 2122 2848 2269 Helene: Der Schwiegervater seines Freundes.
1144 2245 2609 2416 Kathilde: keine Freunde, ich weiss es.
1122 2390 2419 2561 Helene: Du solltest klüger sein.
1127 2547 2940 2706 Mathilde: Du hast noch immer keine Ahnung, wer-
1132 2682 1443 2819 es ist?
1127 2761 3063 2945 Helene: Nein, aber es dauert nicht mehr lang. Ich
1118 2906 2993 3080 hab's imner vor ihn genuest, wenn etwas zu Ende
1130 3036 3012 3256 ging. Denke, dass ich inner auch ein wenig seine
