3272 3528
1215 598 2892 750 Dregulein: Sagen wir so. Vielleicht dürfen.
1210 720 2768 872 Sie von sich nicht gar so viel fordern.
1201 831 2235 1017 Karl Bern: Wahrscheinlich.
1213 991 2737 1144 Dregulein: Verzeihen Sie, dass ich so -
1210 1129 1854 1267 Karl Bern: oh -
1203 1232 3116 1408 Dregulein: Sie sind ein ziemlich berühmter Dich-
1208 1384 3047 1539 ter und ich nur ein dritter oder vierter Exkat
1196 1513 1620 1668 Musketier.
1198 1637 3033 1787 Karl Bern: Mir sympathischer als mancher erste
1198 1780 1534 1916 General.
1196 1880 2926 2044 Dregulein: Na, lassen wir das. Nun skekk Ihr
1198 2001 3000 2185 Werk einmal da, Sie müssen dazu stehen wie ein
1191 2185 2959 2294 Gatte zu seiner Frau, die er zu lieben aufge-
1189 2301 3028 2452 hört hat. Vor den andern Leuten darf man seine
1182 2437 3002 2578 Frau nicht im Stich lassen,so wenig wie sein
1179 2552 2907 2683 Werk. Treue ist wichtiger als Objektivität.
1179 2685 2954 2861 Karl Bern: Vielleicht haben Sie Recht. Darum
1189 2809 2032 2900 hab ich Sie ja gefrag:
1186 2818 2911 3004 Fragertakntexarzach KabxtefAxExEE
1177 2985 1489 3128 Trzaxex
