3256 3592
570 284 712 476 325
925 289 1947 491 Rih zur Beppler brnnt
1976 326 2215 515 oten
2262 365 2906 575 Eich dn Repel te
1098 410 2688 638 nitsen keit mann, En den Mill 63
991 510 1826 688 me tein Beet
1900 575 2362 728 ten se
935 610 2846 870 eich in den Kopt geretzt hetze - ohne Rücksicht
959 759 3003 1014 auf des Repertoire des Resjaenrtheaters ihren Jetzt
954 901 2974 1159 von Lichhaber oder ger dhm ungetreuen dohter bierole
946 1033 1837 1190 dte Freue zu bewehren.
941 1148 3014 1382 Karl Vern: Treue... sreue ist eine Diktion, im aller-
949 1293 2155 1448 berten Vall Angetsrer Rerenche
928 1419 2365 1687 Moberd: Kontrol, dese Sie der segen.
922 1640 2254 1850 Kerl Vern: Marum ist des konische
1873 1792 2210 1913 dunt
922 1797 2903 2073 Ridherd: In Ihren Stuch wird sa die Liebe ke ernst
909 2021 2273 2204 genonnen und die Treue so wichtig.
901 2157 2777 2325 Kerl der: Achfkonnen Sie mir doch nicht mit ne-
1382 2265 1781 2346 nen denn
899 2286 2885 2488 Stuch das ist eine historische Tragödle. Er behene
888 2423 2804 2622 deit mahretstattet die Mierverstandnisse einer
878 2543 2052 2743 sunkenen sbürgerlichen sProche.
880 2691 2995 2869 Richerd: Glauben Sielin den Gefühlen hat sich sa doch
870 2777 2945 2974 nichte geändert. Ee gibt gewies auch heute noch Men-
875 2869 2953 3095 schen, die sich aus unglücklicher Oder fer verretener
859 3006 2872 3219 Liebe unbringen oder sonetnie zugrunde gehen - aus
870 3145 1734 3355 so vetolteten branden.
