3304 3704
643 462 955 608 25. z.30.
2678 568 2843 749 282
1117 695 2995 857 (Die Loge der Roveda öffnet sich, Dregulein ver-
1099 862 2944 986 abschiedet sich eben von ihr und ihrer Mutter.
1101 993 2951 1122 Mutter setzt eich wieder gleich nach vorn, Dre-
1096 1141 2671 1256 gulein bleibt noch in der Türe stehen).
1101 1270 2904 1423 tregulein: Ee sieht dir ähnlich, daes du heute
1094 1394 1744 1521 im Thester bist.
1082 1502 2970 1725 Roveda: wenn ich nient da wäre, sühe er mir auch
1087 1643 2894 1871 ähnlich. Also adieu, lieber Dregulein. behalte
1068 1784 2094 1925 mich in gutem Angedenken.
1080 1930 1972 2075 Dregulein: Angedenken?
1066 2042 2913 2216 Rovedai Ich gastiere nächste Woche in Berlin-
1052 2176 2878 2359 Maria Stuart - Feodora - Caneliendane, diese
1047 2301 2390 2481 Schniere sicht mich nicht wieder.
1056 2446 2509 2615 dregulein: Ich falle auchen wolken.
1045 2578 1859 2742 Rorede: Liege weich.
1049 2723 2838 2885 lSeron und Löblein konnen die Sfiege herauf)
1725 2810 2080 2904 wlederhol
1040 2843 2852 3009 Loblein: Ich sereicher Sie(noch einmal, Herr
1049 2970 2674 3153 Intendent, die Stimnung ist auegegelchnet.
1019 3082 2822 3279 Beron: Sie konnen mir ruhig Baron segen. Ich
1026 3235 2850 3423 bin von dentrchen Adel, der ist vorlänfig noch
