3144 3688
2177 407 2455 581 Gegriet
1053 438 2012 586 Sidon: Bald ist ein weit
1070 574 2491 751 Pr. Eiderhof: Rufen Sie mich gelegent
1058 722 1642 867 Konnerzialrat.
1048 828 2613 1012 Siden: belegentlich ist ein noch weiter
1061 985 1320 1143 griff.
1070 1087 2893 1283 Fr. Eiderhof:Nlacht) Das ist mahr. Also-in zwei
1058 1254 1448 1409 Stunden.
1073 1358 2431 1542 Eiden: Wiel Sie sprechen im Ernet?
1070 1462 2903 1639 Fr. Eiderhof: Im Pavilion sotlen jetzt zwei fa-
1061 1600 2981 1794 mose spanische Penzerinnen auftreten. Wollen Sie
1068 1753 3012 1942 mit mir hingehen? Ee wäre vielleicht das Vernünf-
1073 1881 2876 2075 tigste, - für une Seide, heute wenigetene, statt
1075 2019 2724 2186 einsan unseren Prinnerungen nachzuhängen.
1075 2136 2908 2300 Sidon! Sie machen mich glücklich, gnädige Frau.
1087 2264 2847 2438 Pr. Eiderhof: Das ist wieder übertrieben, Herr
1082 2399 2850 2559 Komnerzialrat. Lauten Sie einfach un eif Uhr
1085 2528 2816 2743 zu mir herauf. Auf Wiederschen! lsie geht.
1070 2685 2274 2833 Sidon begleitet sie zur Pürel
1075 2813 2985 2976 (Der kianist hat Richard leize etwas vorgesplelt
1080 2927 2922 3109 indwig:lkonnt jetzt rasch,tritt zu Richeral S0
