3256 3528
1185 465 2982 677 Dögelmann: (an den Schachtisch hin) komnen Sie
1167 679 3039 776 mit, Meister? Und du, vierundzwanzigster Billard-
1167 821 1516 931 spieler?
1172 948 2061 1050 Dregulein: Wohin denn?
1192 1043 3014 1239 Gregor: Dieser Müetling will noch in diexkesix
1167 1207 2240 1312 Axxxhxxxxx irgend eine Bar,
1170 1282 2665 1483 Karl Bern: Ich merke mir die Stellung
2715 1416 3011 1558 courert
1177 1463 2655 1558 Richard:(hat seinen Brief beendet, ins
1165 1593 2561 1702 gesteckt und schreibt die Adresse.)
1165 1715 2203 1886 Karl Bern: kommen Sie mit.
1160 1822 2800 2006 xegaiataxx Richard: Ich gehe nach Hause.
1162 1979 2297 2145 Dögelmann: Nun, meine Herren?
1170 2115 3016 2260 (Dregulein, Dogelmann, John und Gregor verlassen.
1160 2240 2999 2414 altmählich das Kaftechaus. Kellner bringt auch
1160 2377 2877 2474 für Hichard und Karl Bern die Ueberkleidet)
1145 2496 3141 2653 Karl Bern: (zu Richard) Aiso, um in unserem Gespräch
1150 2655 2168 2780 von früher fortzufahren-
1145 2755 2947 2964 Richard: Es ist nicht mehr nötig. Meine Ent-
1147 2924 2083 3036 scheidung Aet getroften.
1135 3036 2217 3218 Karl Bern:(gragender Blick
