3240 3480
2708 381 2847 513 234
1217 434 2975 664 eventuellen Wissfallen auf die übliche Weise
1212 588 2936 769 Auedruck zu geben. Nicht unmöglich, dass ich
1194 739 2966 917 mich - allerdings lautlos - daran beteiligen
1198 871 1452 1015 werde.
1194 994 2905 1194 Pricke:(anüsiertl Marum lassen Sie es denn
1189 1159 1612 1280 aufführen?
1175 1261 2977 1486 Karl Bern: Es bleibt ihmer ein interessantes
1147 1387 3017 1600 Erlebnis sein eigenes Stück zu sehen, auch menn
1164 1517 2871 1714 man längst nichts mehr davon wissen möchte.
1164 1681 2919 1879 Helene: Herr Karl Dern ist ziemlich unnach-
1157 1807 2738 1972 sichtig gegenüber seinen eigenen Werken.
1145 1937 2838 2130 Pricke: Ob diese Strenge nicht vielleicht.
1145 2065 2887 2276 Sie entschuldigen,Herr Bern - eine besonders
1143 2206 2613 2360 raftinierte Art von Hochmut bedeutet?
2471 2346 2929 2446 vielleicht
1131 2329 2847 2562 Karl Bern: Jugend en und für sich ietlschen
1122 2473 1442 2576 Hochnut.
1110 2557 2840 2820 Aelene: Ihre Aphorienen sind wie gewöhnlich
1103 2736 1807 2857 etwes fragwürdig.
1089 2864 2880 3089 Kerl Bern: Das ist ihre einzige Lebensberech-
1094 2991 1352 3128 tigung
