3288 3608
2219 531 2369 676 in
1214 613 2701 793 Dögelmann: Besondere, wenn/sie Josfst.
1211 769 3015 910 Gregor: Hören Sie, Doktor, entweder ist sie ge-
1209 863 3043 1036 sund oder krank, entweder kann sie spielen oder
1204 992 2970 1169 nicht. Heut Abend im "Freund der Frauen“ hat
1204 1137 3005 1319 man ihr nichts von einer Krankheit angemerkt.
1216 1279 2912 1445 Dr. Braun: Ist doch nicht das Gleiche. Eine
1209 1392 2701 1569 Trenière stellt doch Anforderungen -
1230 1537 2996 1677 Fregor: Also, ich spiel im "Freund der Frauen!
1095 1639 1413 1733 kennte
1209 1675 2966 1843 nicht mehr weiter. Ich halt das nicht länger
1221 1803 3097 1976 aus. Achtundsiebzig Mal! Ich verkomme. Ich ver-
1216 1920 2980 2098 blöde. (Ebend für Abend derselbe Schmarrn) Ee
1216 2053 2493 2222 graust mir schon vor mir selber.
1226 2175 2909 2390 Join: Glbt:fwürklich keide andere für die
1214 2346 2072 2500 Rolie als die Korede?
1226 2362 2767 2605 Ssgelmenn: No denne, d Beierichlert
1548 2556 2025 2652 Arigel soll
1209 2577 2956 2783 Karl Bern: (zu Brann) Machen Sie sie gesund-
1242 2736 1534 2863 oktor.
1562 2741 2432 2893 zunserundmarten
1204 2853 3054 3017 Dregulstn:) Dezu ist doch ein Thesterarzt nicht
1443 2954 1588 3036 Zur
1214 2963 3043 3185 da. Nur)aan Ausstellung von Krankheitezeugnis-
1202 3146 1392 3300 sen.
