3272 3480
2637 408 2795 553 206
1106 480 2026 696 Gregor: (I. d. R. 1) Fanni!
1114 653 2829 847 Franzi: (I.d. H., das Buch in der Hand,spricht
1189 769 1393 869 meist
1111 808 2907 985 aber auswendigl Ja, da bin ich - warum wundern
1109 970 2933 1116 Sie sich? Hahe ich Ihnen nicht gesagt, dass ich
2247 1070 2460 1133 iend
1109 1085 3006 1259 komnen werde ste holed. Das müssen Sie doch ver-
1099 1230 3050 1381 stehen, dass ich Sie sprechen musste - heute noch,
1102 1330 2941 1521 unbedingt; Sie müesen es doch verstehen. (näher
1099 1482 2958 1640 auf ihn zu) Ich weiss, Fedor, Sie haben gelitten,
1104 1604 2938 1795 ich weiss. Aber nicht mehr als ich, nein, gewiss
1097 1727 1994 1885 nicht so viel als ich.
1106 1868 2938 2036 Gregor: (I.d.4.) Warum sind Sie gekommen, Fanni?
1102 2009 2026 2147 Was wollen Sie von mir?
1099 2106 2907 2298 Franzl: (I.d. R.) Dase Sie mir glauben, will ich,
1094 2271 2853 2453 nichts anderes, mir und sich selbet.- Auch Sie
1087 2395 1868 2545 haben Erinnerungen.
1085 2511 2892 2696 Stimmen der Roveda: (im Zuschauerraum) bemühen
1082 2657 3009 2812 Sie sich nicht weiter, mein Fraulein. (rasch über
1085 2800 2962 2931 die Stufen vom Zuschauerraum auf die Bühne;noch
1070 2924 2948 3096 auf der Prückel Ich bin schon da. Guten Morgen.
1070 3064 1526 3224 Herr Beron.
