3144 3624
726 464 2404 675 Indnig: Wen kann segen freundschaftlich. S
1986 608 2779 783 grossen Ausbruch im
740 632 1745 796 tapfers kleine Person. Ne
737 740 2817 943 letzten Frühjahr gab es eigentlich keine Drene mehr:
737 871 2476 1067 Sie hatte sich damals sogar Gift verschafft.
772 1018 1903 1227 ichard: Moher weiest du das
748 1115 2549 1364 fadnig: Sie machte mir kein Geheinnis daraus.
742 1260 2656 1474 Richard: Weil sie niemale im Ernet daran dachte.
750 1375 2886 1632 Ludnig: Demale vielleicht wirklich nicht. Demals dach-
756 1530 2192 1731 ten wir auch noch nicht an das Ende.
742 1659 2830 1863 Richerd: Und seit den Ende ist es wieder beinche ein
756 1796 2795 1967 halbes Jahr her. Und da sie es danals nicht geten
764 1989 1024 2117 hat...
775 2031 2929 2267 ludkig: Des stinnt schon. Aber heut ist mein Nochzeits
772 2195 2289 2391 tag. Frauen sind manchmal sehr bizerr.
775 2340 1897 2522 Richerd:lruckt die Aehreinl.
766 2495 1715 2677 ludnig: Ir Lieberdingen
