3208 3656
2548 486 2709 610 284
902 558 2756 843 künetlerischer Urteil. Aber dividieren kenn er
920 776 2166 959 euch nicht. (weiter nach links)
927 907 2729 1103 Bregulein: (triti zu Karl Bern) Wenn ich eine
922 1029 2727 1284 andere Gestalt hätt, -menn ich um zehn Centi-
920 1160 2833 1445 meter grösser mär - den Fedor hätt' ich spielen
930 1418 1205 1559 mögen.
947 1413 2910 1631 Kari Bern: Der Baron hat da früher in seiner Ein-
949 1529 2942 1814 falt etwas ganz vernünftiges gesagt, die Fanny dürf
957 1710 2831 1943 te gar nicht in Ohnmacht fallen;sie müsste dem
964 1819 2890 2085 Tedor etwas Grossartiges ins besicht schleudern.
1021 2013 2263 2181 ie müsste die Siegerin bleiben.
991 2107 2960 2330 Fregulein: Reden die nichts, der Axt ist von einem
991 2310 1693 2447 Dichter, grad der.
999 2370 2890 2618 Ingrizient:(zu. den Schauspielern, die noch rück-
1014 2508 3002 2684 wärts stehen) Jetzt was reden bitte,nicht zu laut.
1024 2714 1750 2821 (Einiges Gemurmel)
1024 2727 2350 2999 Inspizient: So, jetzt genuepstil1.
1034 2903 2917 3089 (Jetzt hört man von der Drene her Norte aus dem
1024 3076 1919 3302 Gespräch Fedor-Kannt:)
