2824 3432
198 228 571 455 110.2.
2216 317 2365 470 238
564 425 1111 616 Heuntes Bild.
604 534 2395 730 zene wie im 2. Bild. Bei der Baronin Dunanois.
564 727 1252 834 Die Baronin, Leni.
574 861 2432 1012 Baronin: Morgen Früh geben Sie die Annonce auf.
557 975 1603 1138 Dase sie an Sonntag kommt.
559 1108 1724 1264 Leni: Das ist aber gescheidt.
566 1220 2419 1366 Baronin: Das kann Ihnen doch gleichgültig sein.
549 1346 2392 1529 Leni: Hein, Frau Baronin, das ist doch nicht das
547 1502 2276 1657 Richtige. Dafür ist doch die schöne Wohnung
547 1613 1883 1784 nicht da. (Ee klingelt draussenl.
549 1739 2442 1917 Baronin: Das wird die junge Dame sein, die schon
544 1880 1521 2066 neulich einmal hier war.
554 2006 2541 2207 teni: (ab, kommt rasch wieder herein) Ich hab durchs
554 2145 1994 2306 Guckerl geschaut, es sind zwei Damen.
562 2281 2516 2454 Baronin: (nach kurzem Besinnen) führen Sie sie nur
537 2419 841 2541 herein.
537 2536 957 2704 Zent:/861.
547 2659 1338 2808 (cleich darauf trete
1534 2691 2429 2874 Relene und Wgthilde.
537 2788 994 2973 Begrüssung
