3288 3528
1240 550 3002 741 Sie benehmen sich ein bischen ärrogant gegen
1232 677 1418 812 sie.
1230 841 2125 980 Karl Bern: Sie finden?
1235 949 3115 1127 Dregulein: Sie ist das nicht gewöhnt. Sagen Sie
1235 1076 3061 1259 ihr doch einmal etwas Nettes, zum Beispiel, dass
1252 1222 2978 1381 Sie sich umbringen, wenn sie nicht die Fannyg
1220 1330 1516 1484 spielt.
1213 1452 3176 1667 Karl Bern: Nein, dergleichen liegt mir nicht recht.
1215 1616 3083 1800 Ich werde die Dinge ihren Lauf nehmen lassen.-
1208 1738 3056 1907 Wir werden ja morgen bei der Probe sehen. Ich
1198 1863 2961 2046 bitte ie nur Ihrerseits sich nicht geradezu
1198 1983 2037 2161 gegen die Friesel--
1186 2115 2951 2279 dregulein: Aber, wer künnert sich un mich, vie
1193 2242 1802 2416 Totengräber ...
1186 2384 3095 2575 Kerl Bern: Sie wiesen sehr gut, dass men im Thes-
1186 2540 3010 2707 tee auf Ihr Urteil sehr viel gibt - mit Recht,
1198 2665 2108 2782 ie sind unbestechlich.
1166 2770 3039 2963 dregulein: Lieber wir mir, ich. könnte den Henlet
1152 2888 1501 3024 spielen.
1161 3005 1822 3203 (ogsfmann, Sregor
1858 2978 2704 3127 und Jonn im Aufbruch)
