2952 3640
653 379 2056 541 Franzli Re ist diesmal etwas genz e
2086 381 2562 518 deres. Wirst
658 508 1878 684 du es nicht endlich verstehen?
1916 523 2574 689 Dereihtsfäxnich
648 638 1614 808 kein Leben ohne dich...
645 773 1306 943 Ficherd: (Blickl
640 915 1385 1080 Pranzi: thalt innel
648 1034 2249 1217 Richerd: Warum sprichet du nicht weiter?
645 1182 2081 1365 Franziilf fragend-angetrofter slickt
635 1268 2673 1512 LichefeIch werte noch auf den Schnar, dass du dich
638 1443 2188 1619 an Meinem Hochzeitstag umbringen wirst.
638 1558 2595 1766 Franzi:lost sich von ihn, nach Pause, milal Mein.
663 1708 2633 1886 icherd, den Schmur erwertest du vergebens. Ich wer-
623 1820 2554 2018 de mich soger ganz bestimmt nicht unbringen, wenn
628 1982 2562 2132 du mich verlässt. Das schwöre ich dir. Ich werde
638 2084 2584 2313 es nicht tun, selbst wenn ich die grösete lust de-
628 2216 2628 2401 zu haben sollte, Ich werde meiterleben. Du brauchet
625 2333 2546 2536 nicht die geringete Apget zu haben, auch nicht an
620 2508 2592 2663 deinenHochzeitstage, Ich will nicht, dass auf dein
618 2638 2541 2790 Leben jemals ein Schatten falle und kein Schat-
612 2729 2607 2915 ten auch auf die Gegennart, auf unsere begennert, so
610 2879 2427 3060 lang oder so kurz sie deuern wird. Wir wollen
