3304 3496
1206 511 3072 690 Dögelmann: (zum Soufleurkasten niedergebeugt, das
1216 656 3074 770 Buch der Soufleuse nehmend) Das ist gestrichen?
1199 799 3055 954 Das ist dach Das einzig Vernünftige, was ich in
1214 918 2592 1088 der ganzen Szene zu sagen habe. 2
1209 1076 3055 1238 Karl Bern: (kommt von linke) Guten Morgen, meine
1202 1197 1516 1320 Herren.
1219 1286 2420 1480 Hoblein: Schon da, Herr Doktor?
1214 1449 2338 1599 Karl Bern: Komn ich zu früh?
1211 1546 2922 1705 Dögelmann: Seit zwei Stunden probieren wir.
1221 1676 2408 1759 Karl Bern: Halten Sie das aus?
1221 1701 3135 1875 Loblein; Ich habe in meinem Leben noch nie einen
1211 1829 3060 1972 Autor gesehen,der sich so wenig für sein Stück
1204 1972 1751 2091 interessiert.
1214 2079 3113 2275 Karl Bern: Einnen Sie niehtrdere er von Teg zu
1209 2236 3048 2422 Tag schlechter wird? Das komnt so allmählich.
2706 2330 2975 2432 loblein
1221 2389 2892 2539 Ein Theaterarbeiter: stritt zu Löhlein) Was
1211 2510 1751 2665 gibt es denn?
1211 2594 3103 2808 Dögeimann:(zu Katl Bern) beschieht es mit Ihren
2551 2725 2972 2813 sukzessive.
1211 2774 3154 2931 Einverständnis, dase man mich auazr xukkextre gen
1245 2897 3055 3081 ganz aus Ihrer Komödié nerausstreicht? (zeigt
1216 3021 2485 3212 w des weist ihm das buch vorl
