3192 3640
2662 516 2812 629 282
2615 622 2829 756 selbst
2178 676 2392 765 notivi
913 702 1634 826 Baren: Und jetzt 1
913 822 1136 953 mord.
927 930 2613 1089 Karl Bern: Wieso? Wer bringt sich denn um?
934 1038 2824 1235 Baron: Sie fragen micht Ihre sogenannte Heidin,
930 1204 1784 1357 wie ich bemerkt habe.
923 1331 2695 1519 karl Bern: Sie fällt ja nur in Ohnmacht, Herr
927 1484 1185 1615 Baron.
944 1524 2709 1742 Baron: Das soll e ine Ohnmacht sein. Wie sohl
932 1718 1904 1876 das Publikum das wissen?
941 1862 2582 2007 Inspizient: Platz, Platz, bitte Herr Baron!
965 2000 1913 2150 aron: Was ist denn 105?
939 2078 2622 2284 Inspizient: Allgemeiner Apgang zum Buftet.
944 2237 2779 2378 (Rückwärtige Türe öfinet sich, so dass die Büh-
930 2373 2737 2566 ne jetzt wieder eine Weile sichtbar,ebensadie
930 2526 1948 2601 Darstellering des Stücks.
944 2610 2728 2749 (Fannys Mutter, ihre Schwester, zwei junge Mäd-
932 2768 2632 2883 chen, zwei Herren im Frack,Moritzky (John).
939 2878 2810 3049 Eni (Fritzi Bauer) treten durch die Prospekt-
934 3042 2582 3190 tüge nach dem Vordergrund, die sich wieder
930 3162 2786 3275 schliesst. Sie gehen am Baron vorbei, verziehen
