3208 3480
2639 372 2901 530 266 a
1230 482 2109 653 Ludwig: Glücklicherwei
1227 613 2939 792 Richard: lmit Spott) Und der Schmerz um dich
1221 763 2977 933 hat sie offenbar zu einer grossen Künstlerin
1223 877 1544 1041 gemacht,
1212 989 2933 1196 Ludwig:/Ich will nicht unbescheiden sein-
1194 1158 2993 1310 es wäre ja auch möglich, dass sie sich getrös-
1209 1270 2966 1416 tet hat - sogar wahrscheinlich, Aber es wird
1205 1373 2883 1598 nicht gar so schwer sein sie diesem Gregor-
1194 1524 1957 1705 wieder wegzunchmenf
2233 1701 2562 1894 wermet
1593 1813 2531 1979 ich sie is et alle rstrirt
1575 1903 2304 2102 Sie ist segers selat
1371 2082 2486 2271 her. d bil ich mi nicht mier
1378 2165 2517 2358 de vile f mnf fladt if
1389 2257 2551 2515 den d ter enleb. Ve da
