2856 3432
2257 322 2389 485 218
647 670 1173 769 Bei der Baron
1432 680 1830 853 im zmeiten
1861 670 2056 853 3129.
645 820 1153 960 Baronin, Leni.
640 932 1754 1115 Baronin: Also morgen Früh ge-
1891 904 2592 1087 Sie diese Annonce
627 1084 810 1234 auf.
630 1203 1353 1366 Leni: Gottseidank.
640 1325 2554 1523 Baronin: (schüttelt den Kopf)Das kann Ihnen doch
630 1470 1368 1640 gleichgültig, sein.
630 1602 2549 1780 teni: Aber gar nicht, Frau Baronin. Dazu ist doch
617 1744 2536 1912 die schöne Wohnung nicht da ...Und dann- ich hab
609 1866 2501 2064 doch immer Angst gehabt, dass sich der Herr Dok-
622 2006 2414 2163 tor einmal was antut - jeden Abend allein bis
609 2130 2648 2336 Mitternacht - mir ist somas noch nicht vorgekommen.
630 2272 975 2432 wlingel/
614 2404 2399 2549 Baronin: Gehen Sie nur aufmachen. Das ist die
609 2567 2318 2704 junge Dame, die schon neulich hier war - die
594 2645 1655 2805 Schwester vom Herrn Doktor
594 2803 2356 2996 Leni: (rasch ab und wieder hereinl Zwei Danen
592 2930 1404 3118 sind's;Frau Beronin.
