3288 3512
2701 282 2846 433 272.
2423 437 2689 576 heute?
1778 466 2302 617 sein werden n.
1166 648 1398 793 Fanzi
1654 712 2373 865 ist es versprochen.
1147 786 1422 923 Grexor:
1145 858 2545 1068 Franzi: Nichts hab ich versprochen.
1145 1006 1943 1202 Gregor:Mit dem Kuse
1154 1138 2392 1257 Franzi: Der steht in der Rolle.
1202 1214 2842 1456 regor: Der letzte nicht. Nenrkeherickenen
1145 1398 2875 1563 dix das war dein Mund,deiner und meiner. Du
1145 1503 2849 1663 wirst dich nicht mit mir spielen. Ich will
1159 1673 2206 1790 dich haben. Und noch heut.
1169 1814 2094 1924 Franzi: Kann auch sein.
1188 1941 1895 2041 (Ee klopft wieder)
1202 2089 1778 2180 Franzi: Herein.
1176 2161 3011 2397 Löblein:ltritt ein, etwas frappiert Gregor hier
1188 2349 2868 2452 zu finden) Ich wollte Ihnen sagen,Fräulein
1188 2490 1522 2603 Friesel
1188 2510 3107 2701 Pxenzi: Ich meise schon - Mir haben die pasr Vor
1193 2674 2667 2870 te eben noch einnel probieren wollen.
1202 2760 3019 2978 Leblein: Das hätte wohl nicht viel Sinn jetzt.
1188 2937 2959 3152 Ader läuter müssen die sein, -von der achten
