3208 3496
2726 403 2884 511 260
1110 470 2846 690 ebense zu sein wie sie(-das ist vielleicht
1110 635 2000 770 das Amüsantere. Komn.
1115 748 2863 952 (rrau Veith ist schon in ihre Zoge gegangen.
1103 906 2867 1088 Mathilae folgt ihr. Fricke ist auch schon in
1093 1045 2906 1208 seine Loge gegangen, Relene folgt ihn. Richard
1096 1160 3018 1374 bleibt noch auszerhalb der Loge, Relene triti, be-
1093 1287 2594 1472 vor sie in die Zoge geht, rasch zu ihm
1076 1431 2906 1640 Reiene: Nimm dich zusammen, Richerd. (geht in
1074 1561 1496 1712 ihre Logel
1086 1681 2959 1822 (Die Loge der Frau Hoveda öftnet sich,Dregulein
1067 1813 2908 1954 verabschiedet sich eben von ihr und ihrer Mut-
1062 1964 2836 2141 ter, die Mutter setzt sich gleich wieder nach
1057 2086 2899 2261 vorn, Dregulein bleibt noch in der Füre stehen)
1069 2206 2865 2393 regulein: Ee sieht dir ähnlich, dass du heute
1043 2340 1697 2508 im Theater bist.
1055 2472 2982 2656 Coreda: Menn ich nicht da wäre sehe es mir auch
1036 2616 2798 2819 ähnlich. Aiso Sdieu,lieber Dregulein, behalte
1021 2745 2019 2935 mich in gutem Angedenken
1017 2887 1928 3006 Dregulein: Angedenken?
1017 2994 2867 3201 Roreda: Ich gestiere nächste Woche in Verlin-
