3272 3576
2557 351 2717 478 268
1614 448 2156 647 dermn gemacht.
939 553 1240 697 um dich
936 605 2682 842 Ludwig: Ie mag schon dazu beigetragen haben.
1561 745 1706 837 hat
941 752 2734 974 Aber vielleicht at auch das neue Glück -oder
941 886 2679 1091 wie man es nennen soll - seinen Feil deran.
951 1018 1790 1225 Richard: Neues Glückz
946 1148 2901 1382 Ludnig: da, ich bin sehr gut inforntert. Uebrigens
956 1287 2707 1487 müsrte man nicht einmal informiert sein. Men
954 1474 1457 1643 merkt ee ja.
971 1611 1509 1763 Richard: Wasl-
971 1668 2844 1915 ludnig: Wie sie eich in seine Arme gestürzt hat
969 1808 2771 2034 wie sie an seinen Lippen gehangen iet - jeder
971 1935 2590 2171 Wensch sicht, dase sie seine Geliebte iet.
989 2124 1676 2283 Richard; Oregore?
989 2189 2943 2435 lndnig: Do heiget er wohl... Sie hat keinen übeln
991 2348 2786 2547 Geschnack. Uebrigene gratuliere ich dir. Sehr
996 2465 2769 2669 vernünftig, dere du dich endlich entschloseen
994 2610 2129 2821 hest. Mann ist die Hochzeitz
1001 2689 3005 2951 Richerdi Ach eo.- Die Verlobung ist noch gar nicht
1006 2851 2886 3083 oftiziell.- Neier Antolnette, dase da im Thester
1008 3050 1198 3165 bieti
