3256 3480
2759 395 2904 505 237
1168 494 2703 674 Helene: Nein, vorläufig nicht. Eretene
1186 639 2871 796 habe ich dich zu gern dazu. Uebrigens habe
1189 758 2986 955 ich meinem Vater gesagt - nein,nein erschrick-
1191 920 2991 1069 nicht - dass du mich als Sekretärin engagiert
1186 1048 1402 1189 hast.
2209 1086 2504 1226 beret
1184 1193 2457 1310 Karl Bern: Das stimmt ja nahezu.
1500 1261 1792 1360 Beitat
1184 1299 2962 1479 Helene: Naheru.. Du ahnst überhaupt gar nicht,
1175 1402 2817 1608 wie fef zu von jetzt an arbeiten wirst.
1175 1565 2888 1734 Karl Bern: Ich wünsche mir nichte Besseres.
1168 1692 2953 1860 Wann darf ich Sie morgen Nachmittag erwarten,
1163 1809 1729 1961 mein Fraulein?
1163 1954 2885 2150 Helene: Ja, menn Sie vor Ihrer Preniére noch
1163 2108 2441 2272 Zeit zum Diktieren haben werden.
1154 2232 2951 2427 Karl Bern:(ernsthaft) Ja, was die Prenière en-
1144 2373 2843 2537 belant - es wäre nicht unmöglich, dass sie
1154 2480 2874 2675 verschoben wird. Die Roreda scheint absolut
1140 2635 3026 2792 nicht spielen zu wollen. Wir haben vergmxxExEEx
1137 2775 2862 2948 heute Morgen schon mit einer anderen Schäu-
1137 2883 1909 3040 spielerin probiert-
1128 3019 1987 3161 Delene: Mit men denn?
