3320 3496
2683 340 2834 462 232
1306 402 2882 633 Helene: Ich kann diese missige Extetenz
1308 624 2154 740 nicht mehr vertragen.
1308 698 2998 878 Fricke; Müesig?- Du bist doch so ziemlich
1313 874 3023 1008 den ganzen Tag beschäftigt,-studierst Spra-
1308 973 2519 1130 chen, Kunstgeschichte,Klavier-
1297 1100 3058 1276 Helene: Ailes ohne Zweck. Ich will einen Be-
1304 1267 3060 1419 ruf haben, einen wirklichen Beruf - Geld ver-
1294 1417 1588 1518 dienen.
1283 1472 2988 1708 Fricke: Das hest du glücklichermeise nicht
1283 1692 1701 1789 notwendig.
2367 1724 2762 1837 unnene
1287 1754 3097 1967 Helene: Umso besser. Werde ich (noch) mehr Freu-
1294 1935 2942 2096 de davon haben. Und vor allem einmal eine
1283 2064 2616 2198 Pflicht, eine regelmässige Arbeit.
1283 2186 3086 2367 Fricke: Und eine andere xhexxmihkt Stel-
1283 2337 2653 2501 lung als gerade die gäbe es nicht?
1271 2425 2450 2628 Nelene: Die bietet sich eben.
1285 2565 3030 2720 Pricke: Wenn ich dich zum Beispiel zu meiner
1273 2686 3127 2871 Privatsekretarin machte - ich würde vielleicht
1273 2845 2919 3000 auch einen höheren Gehalt zählen als Herr
1264 2998 1479 3132 Bern.
