3224 3624
1036 581 2814 770 Peronin:xertarkpard Nest-ce past je suls
1046 708 2890 918 bien content aud voueplatser iet. In Frühjchr
1036 866 2782 1023 wird es Innen noch viel besger gefallen. Da
2057 964 2199 1050 deh
1043 982 3016 1156 kommt ein so wunderbarer Geruch aus dem Bark vie-
1050 1107 2775 1282 à ris. C’est comne si la chanbre ellenene
1050 1240 2972 1449 Erait rempli der Fleurs, Wenn des Fenster offen
1043 1410 1336 1562 steht.
1048 1508 2504 1690 Aschard: Noch lang bis zum Frühjahr.
1068 1675 1779 1838 lKzingel draussen)
1065 1796 2854 1966 Beronin: Clest Lent. Elle est sorti sans clef
1055 1924 2408 2079 comme touseurs. Dunnes Ding. (ebl
1058 2042 2979 2221 Fkanzi: (Macht sich noch an Risch zu schaffen) Mi
1055 2194 2900 2362 hast du das gemeint, dass bis zum Frühjahr noch
1031 2310 1427 2485 Zeng 1st2
1043 2430 2854 2622 Richerdilgernungen lächelnd) Das stimmt docht
1048 2593 2504 2758 dase bis zum Frühjahr noch lang ist?
1058 2708 2888 2903 Lent:ltritt ein mit derforspeise, Berontn folst
1060 2878 2381 3041 ihr, bringt noch etwas in Ordnung)
1058 3021 2145 3173 Baronin: Madanef est servil.
1041 3100 2605 3323 Richerd:lsteht auf, setzt sich in den Pi
