3304 3512
1140 484 2620 639 Mathilde tritt ein. Helene. Karl Bern
1165 668 1597 777 Begrüssung.
1157 705 2492 890 Aelene: Sehr nett, dass du kommt.
1155 833 2937 1042 Mathilde:( zu dern) Eben habe ich unsere Loge.
1167 1015 3045 1187 an der Kasse geholte Gut, dass ich sie mir schon
1165 1113 2976 1302 vor acht lagen habe reservieren lassen. Total
1162 1280 2848 1465 ausverkauft. ie sind entsetzlich berühmt.
1167 1388 2976 1622 Karl dern: eben noch zu ertrafen. Auf Nieder-
1162 1622 1445 1723 sehen.
1172 1629 2752 1860 Mathilde: Ich vertreibe Sie doch nicht?
1180 1801 2976 2035 Karl Bern: Ich stand schon an der Nür, wie Sie
1180 1971 2738 2155 sehen. (gibt beiden die Mand und geht.!
1177 2185 1833 2332 Relene, Mathilde.
1185 2303 3072 2477 Mathilde: Ee wäre konisch, wenn du auch noch vor
1187 2453 2094 2588 mir heiraten solitest.
1187 2553 3001 2706 Helene: Den? Was dir nicht einfällt. Der muss
1194 2679 2954 2858 noch mancherlei durchmachen, ehe er heiratet.
1192 2804 2964 2978 Ich wahrscheinlich auch. Vorläufig sind wir,
1189 2929 3165 3153 noch nicht reif für einender - in ein pear Jahren
