3160 3512
2669 354 2805 502 317
1068 388 1396 545 xixhEXX
1068 526 1461 649 Mathilde:
1482 533 1825 685 Richard
1111 666 2788 856 ichard: Nicht, was du glaubst, dines nur, und
1059 795 2740 1025 das Unmöglichste von allen - es wieder gut
1044 916 1349 1063 machen.
1032 1040 2736 1270 Mathilde: Und menn du sie wieder zum Leben
1032 1208 2843 1418 erwecken könntest - glaubst du, du hättest da-
1018 1349 2931 1534 mit irgend etwas gut gemacht?Ich glaube nicht.
1018 1472 2774 1663 Was man an jemandem gesündigt,der nicht mehr
1009 1591 2900 1813 da ist, an einem, an dessen Tod man selber Schuld
997 1722 2769 1936 wäre,- gut machen kann man es doch immer nur
994 1836 2295 2043 an einem Letendtgen., de lebt.
980 1972 2652 2169 Hichard: Die Wahrheit ist mir zu wohlfeil.
980 2112 2224 2295 Methilde: Und bleibt doch wahr.
973 2267 2745 2448 Richard: Gut machen - in Leiden, in Reue, sich
956 2403 2683 2595 selber dafür hingeben, aber ohne Lohn.) Ja, so
942 2514 2819 2717 sehe ich einen Sinn- Aber, am Ende gar noch sel-
937 2607 1877 2802 ber glücklich werden...
930 2759 2819 2973 Msthilde: Ja, das müsstest du denn schon hinneh-
916 2888 1166 3061 men.
