3304 3496
2725 243 2868 466 310
1035 450 1960 569 Karl Bdern: Ja richtig.
1077 550 2852 730 regulein: Sie sind ein konischer Nator. (will
1044 742 2028 908 mit Karl Dern fortgehen!
1049 843 2800 1040 Franzi:(zu Dregulein) Bleibendie, Pregulein.
1056 1009 1700 1180 Karl Bern: (geht)
1058 1140 1782 1257 tregulein. Franzi.
1058 1248 2814 1454 Dregulein: Was ist denn geschehen? Mas haben
1110 1428 1449 1576 ie denn?
1054 1512 2697 1723 Franzi: Er ist da - er ist im Theater--
1065 1665 2781 1821 tregulein: Das ist doch nichtpo merkwürdig.
1070 1763 2910 1969 Franzi: Oben in der Loge sitzt er - mit seiner
1058 1950 1412 2086 Braut -
1077 2002 2884 2231 dregulein: Reg dich doch nicht auf Müdel! des
2662 2126 2824 2222 feine
1079 2191 2959 2365 ist doch vollkonnen gleichgiftig, ob derikleinen
1079 2313 2779 2526 Herr da ist oder nicht. Jetzt konnt gleich
1084 2468 2376 2641 deine Srepe - darauEkannkterant
1086 2601 2287 2765 Franzi: Nein, die konnt nicht.
1091 2716 2639 2854 Vregulein: So seih Sie doch vernünftig.
1091 2847 2847 2999 Franzt: Es kommt überhaupt keine Szene mehr.
1086 2985 2824 3189 Dregulein: Herrgoti noch einnel - was fällt
