3208 3480
2730 416 2982 515 266 b
1123 499 2122 675 Ludnig: Glücklscherweise.
1105 619 2880 820 Richdrd: lmit fann SpottlUnd der Schmerzun
1109 760 2894 948 dich hat ete offrenbar zu einer grofsen Künst-
1098 897 1710 1070 lerin gepacht.
1105 1045 2348 1186 Ludwig: Was haft du gegen mich?
1107 1169 2857 1310 Richard: Weiss Antoinette, dass du im Theater
1093 1313 1322 1447 bist?
1093 1417 2896 1581 tudwig: Selbstverständlich. Sie war es ja,die
1077 1586 2887 1694 mich gestern auf die Notiz in der Zeitung auf
1911 1657 2048 1759 eine
1077 1692 2769 1831 merksam gemacht hat,exgestunde ehe der Zug-
1077 1833 2013 1969 in den Bahnhof einfuhr.
1079 1965 2771 2136 Kichard: Sie weiss, das du wegen Franzi im
1070 2089 1653 2228 Theater bist ?
1722 2115 2718 2297 I mact mec seteim t
1070 2200 2908 2392 Zudwig: Ja. (Sie Wird alles wissen. Immer. Und
1061 2360 2829 2542 ich auch.)ir werden kein Geheinnis vor ein-
1063 2503 1710 2637 ander haben, nie.
1054 2607 2769 2797 Richard: Du spielst ein gefährliches Spiel.
1040 2750 2769 2910 Ludwig/In der Liebe gibt es keine andern.
1035 2884 2891 3016 Uebrigene meinen Glüekrunsch, du birt vochmit
1029 3009 2131 3141 Methitde verlcht - endlich
961 3097 1861 3310 sel Smil - Censoluse
1895 3097 2972 3312 bort c tel d Mast
