3320 3640
2574 504 2733 614 259
863 660 1240 798 zusammen.
863 733 2842 933 Dreguleiniskomnt über die Tiege, begrüest Richerdl
858 879 2886 1095 Eichardileichtlich froh über getn. Frecheinenl Spte-
866 996 2387 1212 len ie denn nicht mit, Herr Dreguleint
874 1141 2826 1300 Eogulein: Ich habe schon mitgegielt. Meine Kolle
868 1297 1984 1453 ist schon zu Ende. Amnxtah
853 1427 2779 1591 Hychard: Darf ich bekannt machen? Erlauben sie-
874 1555 2829 1745 letellt vorl Herr Dregulein-meine Schwester, Fräu-
866 1695 1323 1867 lein Veith.
866 1794 2813 1997 treguleini Kloh bin nämlich der Bediente, der dem
858 1947 2735 2124 Herrn Oggelmann die Türe aufmacht. Grossartig.
863 2109 2951 2249 nicht wehrt Man merkt gleich, dass ich in lauter fei-
868 2202 2863 2384 nen Hausern gedient habe. Ich bitte um Entschuldi-
863 2322 2891 2512 gung. Ich will bei der Frau Roveda einen Kondolenz-
871 2488 1404 2649 beruch machen.
874 2584 2701 2798 lelene: Die Dans hier daneben ist Frau Rovedat
884 2730 2717 2907 oreguleini Frauletn haben d sie nicht gekannt?
853 2852 2701 3052 Holens, Sie eicht auf der Bühne so ganz andere
868 3029 1043 3146 gus
1820 3128 2278 3284 togentüre:
842 3112 1706 3320 Proguleinitklopft in
