2840 3400
2296 294 2446 494 222
642 459 2476 662 stehen? Freilich könnte sich noch alles anders
642 600 2549 795 lösen. Es wäre gex natürlich denkbar, dass er
630 743 2549 921 allmählig von selber aus seinem Wahn oder seiner
627 881 2343 1059 Narrheit oder seiner Verzauberung erwacht.
612 1004 2579 1172 Mathilde: oder es könnte ihn eine Andere erwecken
615 1159 956 1272 als ich.
597 1247 2504 1460 Helene: Alles dst denkbar. Es könnte ja auch ge-
607 1412 2436 1591 schehen -(lächelnd) dass du endlich vernünftig
607 1543 2569 1726 wirst, Mathilde und xinAnderxa dich in ei-
597 1676 2594 1867 nen Andern verliebst, -einen Andern zum Mann ninmst
585 1816 2428 1994 und Richard vergisst - so oder so. Allmählig-
575 1934 2587 2140 oder auch sehr bald - aber es scheint mir einiger-
572 2067 2561 2283 messen bedenklich solche Möglichkeiten abzuwarten.
572 2205 2481 2393 Ee gibt Menschen, die sich imner tiefer in irgend
569 2346 2474 2519 einen Wahneinn verrennen und ich habe keine be-
559 2496 2471 2662 sondere Lust dergleichen abzuwerten, ich hab ein-
559 2594 2499 2800 fach Anget um ihn, Msthilde. Du hast ihn ja nicht
544 2737 2506 2943 gesehen in diesen drei Wochen. Ich aber, ich sehe
1169 2840 1345 2928 splir
532 2888 2551 3053 ihn, ich höre ihn, süre was in ihm vorgeht. Man kann
