3272 3480
2615 345 2770 448 230
1060 433 2221 568 In diesem Augenblick Telefen.)
1019 502 2948 669 Hichard: (zuckt zuzammen, zu Helenel Ich bin nicht
1019 644 2941 806 zuhause. Wer immer es ist, ich bin nicht zuhause.
1006 771 1464 911 Helene: (ab)
1009 891 2936 1058 Mathilde: Du solltest dich nicht verleugnen las-
1009 1028 1506 1126 sen,Richard.
1004 1166 2099 1313 Richard: Man muss manchmal.
1006 1276 2961 1442 Mathilde: Nie muss man. Es gibt keine Angelegen-
994 1415 2929 1616 heit auf der Welt, die sich nicht besser mit Auf-
992 1565 2170 1704 richtigkeit erledigen liesse.
994 1680 2953 1868 Richard: Ach Gott, Mathilde, wenn das Leben so ein-
989 1795 1486 1942 fach wäre...
982 1922 2904 2121 Mathilde: Ee ist ganz einfach. Man muss nur wis-
972 2091 1685 2236 sen, was man will.
975 2187 2938 2373 Richerd: Gaubst dur (nervösl Mas telefoniert sie
967 2321 1886 2503 denn daf drin so lang?
955 2473 2867 2625 Msthilde: Das Vernünftigste wäre wohl, du gingst
960 2583 2926 2774 selber ans Telefon statt nervös im Zinner hin und
950 2679 1526 2845 her zu rennen.
950 2838 2836 3017 Richard: Mer sagt dir denn, dass ich nervös bin.
945 2961 2880 3120 Uethilde: Dir liest man sa alles von der Stirne
948 3107 1092 3225 ab.
