3336 3496
2731 253 2876 448 232
1083 415 2871 608 santes Erlebnis sein eigenes Stück zu sehen.
1091 570 2874 745 Helene: Herr Bern ist sehr streng. gegen seine
1098 715 1703 870 eigenen Stücke.
1093 825 3007 1023 Vater: Vielleicht eine besonders raffinierte Art.
1088 988 1586 1158 von Rochmut.
1093 1093 2734 1281 Pern: Jugend ist an und für sich Hochmut.
1096 1241 1533 1408 Vater geht.
1093 1368 1706 1521 7. Helene, Bern.
1096 1498 1918 1671 (Zueret über Eichard.)
1083 1621 3094 1791 Karl: Ber: Schad, dass ich deinem Vater nicht sym-
1086 1768 1636 1911 pathisch bin.
1088 1871 2986 2051 Dann das Gespräch ungefähr in der früheren Forn.
1083 2001 3032 2169 Der Schluss also: Helene: Ich verlange also, dass
1081 2144 2931 2331 au hingehet, aber ihren nächsten Brief wirst du
1073 2286 1971 2471 mir nicht sehr zeigen.
