3320 3592
2723 493 2871 630 279
1186 618 2485 793 Aregulein: Mar. ist denn pasziert?
1160 763 2634 928 kranzt: Er ist da. Er ist im Theater!
1193 879 2916 1058 regulein: das ist allesz Des ist doch nicht
1165 1032 2934 1225 so merkmürdig.. Regen Sie sich nur nicht auf,
1172 1200 1862 1339 um Himmelswillen.
1162 1300 2885 1451 Franzi: Jetzt hab ich ihn bemerkt. Offenbar
1172 1462 3036 1611 ist er rückwärte gesessen zuerst. Aber jetzt...
1176 1600 2930 1748 Dass er mir das auch noch antut. Oben in der
1160 1753 2816 1858 oge sitzt er -(ausbrechend) - mit seiner
1183 1913 1439 2011 Brautl
1183 1927 2992 2123 Dregulein: Ich beschwöre Sie -regen Sie sich
1176 2102 3006 2262 nicht aufl Friesell Madel! Kindl Sei doch ver-
1176 2241 3023 2404 nünftig! Das ist doch vollkommen gleichgültig.
1186 2406 3043 2567 ob der feine Herr da ist oder nicht. Nitum dich
1181 2571 2946 2671 zusammen,Mädel1 Jetzt kommt ja gleich dein
1188 2664 1551 2864 Austritt.
1186 2827 2334 2969 Franzi: Nein, der kommt nicht.
1195 2936 2920 3113 dregulein: So komnen die doch zur Besinnungt
1186 3069 2934 3248 Franzi: Für mich konnt kein Auftritt mehr.
