3256 3480
2650 350 2808 468 233
1109 382 2774 648 Relene: Da könntest Recht haben. (Rausel
1099 578 2942 761 Mathilde : Du hast noch immer keine Ahnung, wer-
1109 722 1404 828 es ist?
1097 823 2983 1010 Helene: Von wem sprichst du? Ach so. Nein,keine
1092 967 3007 1138 Ahnung. Aber es dauert nicht mehr läng.Ich habls
1092 1106 2921 1255 immer vor ihm gewuest, wenn etwas zu Ende ging.
1078 1243 3005 1409 Denke, dase ich immer auch ein wenig seine Mutter
1066 1358 1253 1476 war.
1061 1490 1930 1639 Mathilde: Ach Gott...
1068 1606 2930 1793 Helene: Und daher weiss ich auch, dass er über-
1068 1742 2904 1925 haupt nie eine Andere geliebt hat als dich, Ma-
1066 1889 1351 2038 thilde.
1044 1992 2971 2184 Methilde: Hab ich mir auch manchmal eingebildet.
1044 2141 2844 2299 aber es stimmt nicht. Diese Liebe zu mir, die
1044 2263 2858 2426 war immer nur ein Aufatnen zwischen der Ejnen
1034 2388 1658 2544 und der andern.
1032 2520 2926 2753 Delene: Menn du ein wenig klug sein wolltest, du
1030 2659 1447 2808 Kindekopf.
1020 2770 2796 2952 Methilde: Mar du klug nennst, -ich glaube, das
1022 2902 2071 3074 wäre nicht sehr anständig.
1013 3048 2806 3266 Relens: Mas du anständig nennst, das ist viel-
