3160 3528
997 497 2233 691 Fräulein Friesel schon erholt?
999 644 2653 819 tregulein: Ich glaube, das mit der Erholung
983 782 2208 934 wirdnicht so geschwind gehen.
992 905 2635 1064 Richard: Also hat ich dock recht gesehen.
992 1036 1683 1202 Eine Ohnmacht -7
999 1155 2740 1314 Dregulein: (beginnt den Zusammenhang zu ver-
994 1305 2859 1496 stehen) Ee ist jedesfalls eine ziemlich schwere
1015 1468 1372 1603 hnmacht.
987 1538 2859 1748 Licherd:(starrt ihn an, stürzt rasch ins Thester.
987 1725 1302 1883 hineinl
980 1820 2803 2009 Einer unter den Martenden:Ich hab's ganz deut-
973 1979 2336 2135 lich gehört: Rettungegesellschaft.
1062 2114 2406 2259 iner: (drängt sich nahe zum Portier!
1099 2243 2548 2411 rtier: Aber bitte, meine Herrschaften!
1267 2336 2751 2539 lmit hochgeschlossenen Kragen auf den
999 2502 2793 2665 Trottoir links, etwas unruhig, will eben hinauf
992 2630 2777 2775 zur Rühnentüre, da komnen Melene und Mathildel
980 2765 2786 2934 Helene: Ich sage dir doch, der Vorhang ist zu
973 2875 1554 3043 früh gefallen.
964 3029 2693 3190 Methilde: Das kenn ein Zufall gewesen sein.
