2840 3416
2257 298 2410 456 225
573 495 1215 656 Baronin: Danke..
570 614 2436 793 Richard: Ich hinterlasse Ihnen alles in bester
555 777 2446 941 Ordnung. Sollte nochf irgendetwas zu begleichen.
552 904 785 1024 sein?
552 1029 1679 1205 Barönin: Nichts, Herr Doktor.
542 1132 2363 1332 Richard: Jedenfalls danke ich Ihnen sehr. (er
547 1293 2511 1490 spricht absichtlich sehr trocken) Ich war hier be-
531 1443 1257 1560 sonders zufrieden:
542 1563 2423 1726 Baronin: Ich bedauere ja sehr, dass es in dieser
531 1679 2399 1842 Weise -(sie wirft immer etwas ängstliche Blicke
531 1827 2319 1975 nach der Seite,wo Helene und Mathilde stehen)
523 1959 2405 2135 Richard: Bitte stören Sie sich nicht länger,ich
510 2091 2516 2285 werde heute -(noch härter) zum Abschied ein wenig
508 2210 1086 2358 hier bleiben.
508 2319 2433 2532 Beronin: Mais la chanbre est à votre disposition
490 2495 884 2599 monsieur.
490 2617 2441 2791 Richard:(jetzt erst sich gegen rechts wendend, be-
482 2749 2379 2944 merkt die Mädchen, ohne sie noch recht zu sehen.
479 2871 2558 3076 wendet sich racch wieder pur Baronin) Wir sind nicht
