3304 3592
585 459 955 635 27.10.50.
973 598 1469 779 Achtes Bild.
976 768 1791 934 Konrersationszimmer.
976 879 2848 1057 Einfach eingerichteta, an den Mänden bilder von
968 1020 2819 1217 Schauspielern und Dichter mit Widmungen. Eine
976 1167 2866 1343 Türe rechts, von der einige Stufen hinab führen.
989 1301 2806 1466 In der Mitte ein Fisch. An der Linken Mand ein
978 1442 2935 1621 sehr einfacher Divan, an der Rückwand ein kleines
994 1571 2108 1747 zischchen und einige Sersel.
978 1657 3087 1883 zu segine der Srenefhört men noch das Klingelzeichen.
970 1838 2942 1998 das gleiche, das an Schluss des vorigen Bildes zu
962 1959 1419 2143 hören war)
1474 1964 2567 2169 tönt des Klingelzeichen des
970 2119 1455 2292 Ektes fort.
976 2234 2297 2439 Einige Schauspieler und Schauspi
978 2389 2261 2565 und Kostum verlassen eben das 21
981 2533 2287 2727 bühne zu begeben. Links ist trat
973 2675 1421 2824 betetligt.
970 2790 1951 2919 Dregulein und Dögelmann.
970 2893 2557 3053 Dogelmann schon ohne Maske mit Ueberzieh
968 3053 1673 3207 Fortgehen bereit.
