2730 3544
2096 436 2243 528 296
658 453 1200 614 Neuntes Bild.
634 650 2500 862 dinks rüchwärtige Passade des Residenztheatern.
634 814 2479 997 Eühnene ingang. Türe. Von der Türe nach abwärte
641 944 2445 1127 Sowohl rechts als links je ein Weg, die beiden
624 1094 2524 1255 münden auf der Fahrstrasse, die von links vor W
629 1214 2561 1392 nach rechte rückwarte gedaahtxtahz zieht. Rechts
631 1354 2512 1534 davon eine Parkanlage. Rechte und links von der
631 1479 2471 1587 Fahrstrasse das Trottoir. Zwischen Fühnentüre.
1821 1575 2014 1672 Conit
629 1631 2397 1778 und Fahrstrasse, also wie umecklungen von den
624 1756 2459 1937 beiden Wegen, ein Kasenplatz. Die Strasse lauft
619 1896 2363 2047 zwischen Häusern weiter und verschwindet im
624 2026 1130 2180 Hintergrund.
621 2122 2380 2322 zu geginn des Aktes eine Apzahl junger leute
617 2291 2534 2430 nahe dem Bühneneingang;etlicle mit Kärbchen oder
619 2416 2315 2580 Notizblocke verzehen. Am Bühneneingang der
626 2544 1826 2722 sühnenportier (keine Oniforml.
634 2681 2452 2852 das Thester ist eben zu Knde, entsprechende Be-
621 2813 2380 2905 wegung. Passanten,Theaterbesucher, die wegge-
619 2958 1944 3129 nen, Wagen werden gerufen etc. etc.
