3304 3496
2716 333 2883 495 279
1086 451 2960 692 Innen denn überhaupt einz Jas geht Sie denn der
1086 627 2888 803 Mensch an? Ob er hfer im Theater ist oder auf
1086 753 2856 931 den dequatgk - das ist doch vollkonnen egal.
1107 907 2627 1100 Traxki: Ich liebe ihn - ich liebe ihn.
1103 1006 2946 1216 Fregulein: Ist ja gar nicht mehr. Do die heben
1107 1156 2820 1341 etwas Besseres auf der Melt zu tun als Inr
1100 1271 2943 1472 Herz an einen Mann zu hängen.- Eine fixe Idee
1100 1409 3040 1616 ist das und nichts weiter. Ich hebe gedacht Füa
1112 1568 2403 1742 xEExLxAAxraxEX
1124 1696 2318 1875 Franzi: Was haben die gedacht?
1153 1862 1853 2010 regulein: Gregor!
1110 1969 2403 2150 Krahzi: Ich hab es auch gedacht:
1110 2077 2943 2275 dregulein: Ich bestehe nichtfauf ihm - der eine
1122 2212 2934 2410 Schuft oder der andere - aber Artetuxxtn Frei-
1115 2345 2589 2536 sein - nicht wegen eines Menschen -.
1127 2454 2868 2692 Pr. Nentzler:lrasch herein) Fraulein Friesel
1129 2654 1585 2803 Ihre Srene!
1136 2770 1674 2948 Franzi: Wein.
1139 2878 2888 3004 dregulein: Franzi! komnen Die zur Besinnung!
1131 3035 1739 3189 Auf! Geschwind!
