3160 3560
917 423 2435 665 Rutte: Frau Eiderhof halt sich fanes.
917 586 2542 823 Gradel: Warum nicht? Sie hat andere Mänt
899 746 2198 904 schmerzt als Gerold- und beseere.
902 851 2685 1078 Antoinette: list zu Richerd fricke und Eider
904 1034 1284 1195 getreten
1355 1101 1480 1197 ans
907 1151 2336 1345 Karl Der: lzm Paffet, zum Diener1
907 1286 1773 1416 wenn ich bitten darf.
1187 1353 2140 1455 Inthuet limirt in ileren
899 1406 2657 1579 Rutte: Niesen die, Herr Doktor, dase zu Ihrer
899 1531 2288 1664 miere kein Sitz mehr zu haben ist?
912 1684 2726 1852 Kerl Bern: Unto besser. Ich bin übrigene nich
912 1827 1213 1928 Doktor.
902 1951 2843 2112 Rutte; Darf ich Ihre Protektion beim Theaterkas
897 2058 2774 2237 sier in Anspruch nehmen? (Er kann natürlich auf
907 2165 2293 2323 ein anständiges Frinkgeld rechnen.
909 2331 2514 2499 Karl Bern:(notierend) werde verzuchen..
920 2469 2321 2624 Rutte; Ich wäre Inen ewig dankber.
1335 2555 1493 2665 un
912 2606 2958 2754 Karl Bern: Zu lang. Vierundzwanzig Stunden genügen.
1791 2683 2374 2759 in kemen der
920 2688 2884 2922 enige Dankbarkeit hielt lobspieht auffägen wir.
915 2876 1816 3054 bis nach der Preniére.
915 2981 2563 3184 Rutte: Ner spielt die Hauptrotle Meister?
