3192 3640
2623 436 2765 588 285
2074 593 2684 779 it bist du dann
1917 747 2733 882 keinen mehr,der sich
940 776 1222 908 ine and
1633 877 2586 987 ist am Ende der Weit wie
1415 908 1599 1004 2
938 906 1153 1019 rinne.
896 1004 2694 1183 hier und es gibt keinen Kuss,keusch genug und
894 1146 2848 1310 keine Umarmung glühend genug und keine Liebe ewig
901 1278 2867 1462 genug, um die alten Küsse und die alte Liebe auszu-
891 1406 2779 1621 löschen. Was war ist, das ist der tiefe Sinn des
908 1570 1401 1685 Geschehenen.
906 1707 1912 1861 Franzi: (als Fannil Fedor!
901 1800 2863 2018 Inspizient: (gibt den Schauspielern wieder ein Zei¬
901 1957 1119 2074 chen1
916 2074 2672 2231 (Murmeln etc.,so dass die nächsten Worte von
901 2219 2828 2368 Fedor und Kanni nicht vernehmlich sind. Dann wie
908 2373 1778 2512 der das Zeichen kuhel
923 2495 2662 2596 (Ein Theaterarbeiter:)zur. Garderobiere) Frau
908 2598 2792 2789 Wentzler, man hat Sie überall gesucht. (gibt ihr
921 2735 1398 2865 einen Brief)
901 2863 2236 3036 Fr. Wentzel: (ninnt ihn in Empfangl
901 3005 2789 3164 Tregulein: (der es bemerkt hat) Was gibt'e denn?
913 3134 2787 3328 Frau Mentzel: Nieder ein brief für die Friesel.
