<?xml version="1.0" encoding="UTF-8" standalone="yes"?>
<PcGts xmlns="http://schema.primaresearch.org/PAGE/gts/pagecontent/2013-07-15" xmlns:xsi="http://www.w3.org/2001/XMLSchema-instance" xsi:schemaLocation="http://schema.primaresearch.org/PAGE/gts/pagecontent/2013-07-15 http://schema.primaresearch.org/PAGE/gts/pagecontent/2013-07-15/pagecontent.xsd">
    <Metadata>
        <Creator>prov=READ-COOP:name=PyLaia@TranskribusPlatform:version=2.7.0:model_id=50870:lm=none:date=22_01_2024_18:09</Creator>
        <Created>2023-09-27T14:33:25.604+02:00</Created>
        <LastChange>2024-01-22T18:09:39.021+01:00</LastChange>
        <TranskribusMetadata docId="1589031" pageId="60122782" pageNr="106" tsid="145631360" status="IN_PROGRESS" userId="40391" imgUrl="https://files.transkribus.eu/Get?id=JADKLENALOVIXKJQVYJHDXNV&amp;fileType=view" xmlUrl="https://files.transkribus.eu/Get?id=ZVKJMIHAKLDWTUCLLBZMRQWV" imageId="48547860"/>
    </Metadata>
    <Page imageFilename="1589031_0106.jpg" imageWidth="3304" imageHeight="3528">
        <ReadingOrder>
            <OrderedGroup id="ro_1711794233551" caption="Regions reading order">
                <RegionRefIndexed index="0" regionRef="tr_1"/>
            </OrderedGroup>
        </ReadingOrder>
        <TextRegion orientation="0.0" id="tr_1" custom="readingOrder {index:0;}">
            <Coords points="1223,518 1223,3138 3086,3138 3086,518"/>
            <TextLine id="tr_1_tl_1" custom="readingOrder {index:0;}">
                <Coords points="1207,663 2924,624 2999,606 3002,485 2642,515 2432,471 2091,551 1631,510 1209,553"/>
                <Baseline points="1223,614 1312,616 1401,613 1490,611 1579,608 1668,605 1757,605 1846,605 1935,602 2024,599 2114,596 2203,596 2292,590 2381,590 2470,588 2559,579 2648,582 2737,579 2826,579 2915,579 3005,576"/>
                <TextEquiv>
                    <Unicode>Dögelmenn: Da hab ich eine andere Auffassung.</Unicode>
                </TextEquiv>
            </TextLine>
            <TextLine id="tr_1_tl_2" custom="readingOrder {index:1;}">
                <Coords points="1214,758 2198,758 2216,647 1699,651 1619,711 1521,720 1414,654 1214,676"/>
                <Baseline points="1226,752 1275,749 1325,749 1375,752 1424,751 1474,750 1524,751 1573,749 1623,745 1673,745 1723,743 1772,743 1822,740 1872,740 1921,739 1971,736 2021,734 2070,734 2120,736 2170,734 2220,725"/>
                <TextEquiv>
                    <Unicode>Löblein: Abèr, ich bitte</Unicode>
                </TextEquiv>
            </TextLine>
            <TextLine id="tr_1_tl_3" custom="readingOrder {index:2;}">
                <Coords points="1225,936 1724,929 1831,881 2084,913 2649,861 2728,895 2890,859 2895,731 2619,774 2473,736 2207,797 2020,754 1690,790 1230,765"/>
                <Baseline points="1241,886 1323,883 1406,886 1489,883 1571,882 1654,876 1737,877 1819,874 1902,874 1985,871 2068,868 2150,869 2233,867 2316,862 2398,859 2481,854 2564,855 2646,855 2729,852 2812,850 2895,850"/>
                <TextEquiv>
                    <Unicode>Degelmenn: Verzeihung, lassen wir den Autor</Unicode>
                </TextEquiv>
            </TextLine>
            <TextLine id="tr_1_tl_4" custom="readingOrder {index:3;}">
                <Coords points="1216,1039 2221,1034 2398,993 2692,1025 2774,991 2972,1036 2999,941 2756,875 2512,927 2289,877 1831,957 1681,963 1615,916 1216,947"/>
                <Baseline points="1229,1017 1317,1018 1406,1017 1494,1017 1583,1014 1672,1011 1760,1009 1849,1008 1938,1007 2026,1002 2115,1002 2204,998 2292,999 2381,993 2470,993 2558,993 2647,990 2736,987 2824,987 2913,984 3002,990"/>
                <TextEquiv>
                    <Unicode>entscheiden. Ich finde, es ist viel einfacher,</Unicode>
                </TextEquiv>
            </TextLine>
            <TextLine id="tr_1_tl_5" custom="readingOrder {index:4;}">
                <Coords points="1216,1187 1414,1152 2981,1155 3040,1136 3043,1052 2296,1089 2093,1043 1858,1114 1701,1039 1218,1073"/>
                <Baseline points="1229,1152 1319,1153 1410,1151 1501,1151 1592,1146 1683,1146 1774,1144 1865,1140 1956,1140 2047,1138 2138,1135 2228,1135 2319,1131 2410,1129 2501,1128 2592,1128 2683,1125 2774,1125 2865,1116 2956,1119 3047,1125"/>
                <TextEquiv>
                    <Unicode>viel imnanenter sozusagen, wenn ich schnuppere,</Unicode>
                </TextEquiv>
            </TextLine>
            <TextLine id="tr_1_tl_6" custom="readingOrder {index:5;}">
                <Coords points="1228,1294 1827,1316 1904,1280 2312,1332 2410,1282 2751,1300 2904,1259 2890,1184 2694,1221 2526,1150 2300,1187 2091,1150 1947,1232 1715,1244 1578,1212 1348,1244 1230,1189"/>
                <Baseline points="1241,1289 1324,1286 1407,1283 1491,1281 1574,1280 1658,1280 1741,1280 1825,1276 1908,1272 1992,1272 2075,1269 2158,1269 2242,1268 2325,1268 2409,1266 2492,1262 2576,1257 2659,1259 2743,1256 2826,1253 2910,1256"/>
                <TextEquiv>
                    <Unicode>statt des Langen und Breiten zu behaupten:</Unicode>
                </TextEquiv>
            </TextLine>
            <TextLine id="tr_1_tl_7" custom="readingOrder {index:6;}">
                <Coords points="1234,1371 1323,1360 1346,1373 1369,1357 1430,1378 1524,1357 1608,1362 1608,1305 1560,1314 1526,1289 1478,1312 1403,1298 1385,1316 1326,1296 1234,1298"/>
                <Baseline points="1247,1352 1273,1352 1299,1352 1325,1352 1351,1353 1378,1355 1404,1355 1430,1355 1456,1353 1482,1352 1509,1352 1535,1352 1561,1352 1587,1354 1614,1352"/>
                <TextEquiv>
                    <Unicode>Welch ein</Unicode>
                </TextEquiv>
            </TextLine>
            <TextLine id="tr_1_tl_8" custom="readingOrder {index:7;}">
                <Coords points="1271,1430 1888,1407 2139,1453 2280,1403 2676,1433 3013,1387 3013,1326 2697,1305 2457,1351 2248,1305 1679,1373 1273,1360"/>
                <Baseline points="1283,1420 1369,1420 1456,1420 1543,1417 1629,1411 1716,1411 1803,1408 1889,1405 1976,1406 2063,1403 2150,1402 2236,1400 2323,1398 2410,1396 2496,1395 2583,1393 2670,1390 2756,1389 2843,1390 2930,1384 3017,1381"/>
                <TextEquiv>
                    <Unicode>HaxxXX Parfum!" Und wir haben gleich wieder</Unicode>
                </TextEquiv>
            </TextLine>
            <TextLine id="tr_1_tl_9" custom="readingOrder {index:8;}">
                <Coords points="1232,1585 1332,1594 1503,1546 1749,1571 1751,1505 1694,1487 1647,1508 1551,1437 1360,1510 1234,1499"/>
                <Baseline points="1244,1555 1269,1555 1295,1553 1320,1551 1346,1549 1371,1550 1397,1552 1422,1550 1448,1549 1473,1547 1499,1546 1525,1546 1550,1546 1576,1546 1601,1544 1627,1543 1652,1545 1678,1546 1703,1546 1729,1547 1755,1549"/>
                <TextEquiv>
                    <Unicode>einen Strich.</Unicode>
                </TextEquiv>
            </TextLine>
            <TextLine id="tr_1_tl_10" custom="readingOrder {index:9;}">
                <Coords points="1228,1735 2781,1660 2995,1724 2997,1585 2943,1574 2781,1617 2592,1562 2405,1619 2264,1576 2075,1608 1984,1562 1770,1597 1649,1551 1230,1624"/>
                <Baseline points="1241,1677 1329,1681 1417,1679 1505,1679 1593,1680 1681,1679 1769,1676 1857,1674 1945,1674 2033,1672 2121,1668 2209,1670 2297,1665 2385,1665 2473,1665 2561,1662 2649,1659 2737,1656 2825,1659 2913,1653 3002,1650"/>
                <TextEquiv>
                    <Unicode>Karl Sern:(zu Löblein( laszen wir ihn schnup-</Unicode>
                </TextEquiv>
            </TextLine>
            <TextLine id="tr_1_tl_11" custom="readingOrder {index:10;}">
                <Coords points="1232,1852 1280,1838 1298,1822 1326,1829 1362,1817 1387,1827 1410,1817 1423,1827 1453,1822 1453,1783 1419,1783 1401,1767 1369,1774 1319,1763 1298,1774 1280,1758 1248,1779 1234,1776"/>
                <Baseline points="1247,1820 1273,1818 1300,1816 1326,1814 1353,1814 1379,1813 1406,1812 1432,1813 1459,1817"/>
                <TextEquiv>
                    <Unicode>pern.</Unicode>
                </TextEquiv>
            </TextLine>
            <TextLine id="tr_1_tl_12" custom="readingOrder {index:11;}">
                <Coords points="1225,1940 1569,1952 1631,1997 2357,1954 2359,1865 2264,1886 2059,1813 1815,1831 1635,1790 1228,1856"/>
                <Baseline points="1238,1940 1294,1940 1350,1941 1406,1943 1463,1943 1519,1943 1575,1942 1631,1940 1688,1940 1744,1940 1800,1937 1856,1937 1913,1934 1969,1936 2025,1933 2081,1933 2138,1934 2194,1931 2250,1931 2306,1931 2363,1937"/>
                <TextEquiv>
                    <Unicode>Loblein:(resigniertl Weiter.</Unicode>
                </TextEquiv>
            </TextLine>
            <TextLine id="tr_1_tl_13" custom="readingOrder {index:12;}">
                <Coords points="1246,2079 1565,2077 1738,2123 2362,2070 2462,2116 2751,2116 2897,2054 3047,2086 3047,1968 2954,1945 2626,2016 2398,2022 2155,1963 1938,2009 1574,1952 1246,2006"/>
                <Baseline points="1259,2056 1348,2071 1438,2071 1528,2071 1617,2071 1707,2068 1797,2065 1886,2068 1976,2065 2066,2065 2156,2065 2245,2065 2335,2059 2425,2056 2514,2059 2604,2059 2694,2056 2783,2056 2873,2053 2963,2053 3053,2056"/>
                <TextEquiv>
                    <Unicode>Eogelmann: (in der Kolle) "Ich weiss, ich weiss,</Unicode>
                </TextEquiv>
            </TextLine>
            <TextLine id="tr_1_tl_14" custom="readingOrder {index:13;}">
                <Coords points="1234,2216 1433,2202 1622,2255 1961,2200 2111,2243 2441,2193 2945,2232 2945,2116 2790,2134 2676,2095 2312,2148 1815,2127 1606,2164 1417,2116 1234,2148"/>
                <Baseline points="1247,2208 1332,2205 1417,2203 1502,2202 1587,2202 1673,2200 1758,2201 1843,2199 1928,2196 2013,2199 2099,2196 2184,2196 2269,2194 2354,2193 2439,2193 2525,2191 2610,2190 2695,2186 2780,2186 2865,2184 2951,2187"/>
                <TextEquiv>
                    <Unicode>eine Dame war bei dir. Ich hörte ein Kleid</Unicode>
                </TextEquiv>
            </TextLine>
            <TextLine id="tr_1_tl_15" custom="readingOrder {index:14;}">
                <Coords points="1237,2346 1339,2373 1378,2359 1389,2371 1471,2366 1501,2385 1553,2359 1617,2373 1619,2246 1560,2239 1430,2293 1355,2284 1328,2303 1237,2291"/>
                <Baseline points="1250,2340 1276,2340 1303,2340 1329,2340 1356,2340 1383,2340 1409,2338 1436,2337 1463,2337 1489,2336 1516,2334 1543,2336 1569,2337 1596,2337 1623,2340"/>
                <TextEquiv>
                    <Unicode>rauschen.</Unicode>
                </TextEquiv>
            </TextLine>
            <TextLine id="tr_1_tl_16" custom="readingOrder {index:15;}">
                <Coords points="1237,2530 1822,2469 2674,2462 3036,2510 3036,2357 2646,2332 2250,2378 2084,2334 2020,2369 1622,2346 1378,2387 1237,2350"/>
                <Baseline points="1250,2465 1339,2471 1429,2468 1518,2468 1608,2468 1697,2462 1787,2465 1876,2462 1966,2465 2055,2462 2145,2459 2235,2459 2324,2459 2414,2456 2503,2456 2593,2453 2682,2456 2772,2471 2861,2480 2951,2483 3041,2480"/>
                <TextEquiv>
                    <Unicode>Gregor: (in der Kolle) "fassen wir das Sprzaul</Unicode>
                </TextEquiv>
            </TextLine>
            <TextLine id="tr_1_tl_17" custom="readingOrder {index:16;}">
                <Coords points="1246,2633 1512,2594 2102,2649 2555,2603 2999,2640 3002,2492 2744,2464 2562,2501 2385,2462 2273,2521 2088,2487 1831,2533 1546,2498 1248,2528"/>
                <Baseline points="1259,2584 1346,2587 1433,2581 1521,2581 1608,2579 1696,2580 1783,2578 1871,2576 1958,2575 2046,2572 2133,2569 2220,2568 2308,2567 2395,2566 2483,2562 2570,2560 2658,2559 2745,2557 2833,2554 2920,2551 3008,2548"/>
                <TextEquiv>
                    <Unicode>mir doch, wie es dir geht. Was verschäfft mir</Unicode>
                </TextEquiv>
            </TextLine>
            <TextLine id="tr_1_tl_18" custom="readingOrder {index:17;}">
                <Coords points="1255,2731 1353,2728 1471,2769 1619,2740 1751,2779 1792,2751 1981,2735 1984,2635 1770,2633 1656,2601 1576,2644 1464,2619 1355,2646 1257,2628"/>
                <Baseline points="1268,2716 1303,2716 1339,2716 1375,2716 1411,2716 1447,2716 1482,2716 1518,2714 1554,2712 1590,2710 1626,2710 1661,2712 1697,2711 1733,2710 1769,2710 1805,2710 1840,2708 1876,2707 1912,2707 1948,2708 1984,2710"/>
                <TextEquiv>
                    <Unicode>das Vergnügen...</Unicode>
                </TextEquiv>
            </TextLine>
            <TextLine id="tr_1_tl_19" custom="readingOrder {index:18;}">
                <Coords points="1253,2858 1674,2842 1786,2890 2526,2829 2683,2872 3079,2820 3081,2758 2385,2728 1952,2788 1389,2751 1253,2801"/>
                <Baseline points="1265,2847 1356,2847 1447,2845 1538,2843 1629,2840 1720,2838 1811,2835 1902,2832 1993,2832 2084,2832 2175,2829 2266,2824 2357,2826 2448,2823 2539,2822 2630,2820 2721,2820 2812,2811 2903,2811 2994,2811 3086,2817"/>
                <TextEquiv>
                    <Unicode>Karl Bern:(unterbrechend) Mein, das geht nicht.</Unicode>
                </TextEquiv>
            </TextLine>
            <TextLine id="tr_1_tl_20" custom="readingOrder {index:19;}">
                <Coords points="1259,2995 1376,2984 1460,3038 1683,2970 2330,2965 2605,3020 3013,2968 3013,2883 2874,2865 2519,2906 2193,2865 2068,2913 1672,2886 1597,2927 1262,2881"/>
                <Baseline points="1271,2975 1358,2975 1445,2972 1532,2975 1620,2970 1707,2967 1794,2966 1882,2966 1969,2963 2056,2961 2144,2958 2231,2957 2318,2954 2405,2951 2493,2950 2580,2948 2667,2949 2755,2945 2842,2945 2929,2942 3017,2942"/>
                <TextEquiv>
                    <Unicode>Sie müssen sich anders ausdrücken. Sagen Sie</Unicode>
                </TextEquiv>
            </TextLine>
            <TextLine id="tr_1_tl_21" custom="readingOrder {index:20;}">
                <Coords points="1262,3173 1521,3111 1751,3145 2191,3091 2578,3109 2580,3006 1763,3043 1622,2988 1533,3036 1264,3034"/>
                <Baseline points="1277,3104 1342,3109 1407,3105 1473,3106 1538,3106 1603,3104 1669,3101 1734,3101 1799,3100 1865,3098 1930,3095 1995,3095 2061,3093 2126,3093 2191,3089 2257,3087 2322,3086 2387,3083 2453,3083 2518,3085 2584,3083"/>
                <TextEquiv>
                    <Unicode>vielleickt lieber ...(denkt nacht</Unicode>
                </TextEquiv>
            </TextLine>
            <TextEquiv>
                <Unicode></Unicode>
            </TextEquiv>
        </TextRegion>
    </Page>
</PcGts>
