3304 3592
2783 444 2924 573 276
1085 660 1451 827 Je nicht!
1080 806 2958 992 Franzi: Eie irren sich. keine Anget, Dregulein.
1075 949 2943 1131 Die Rosen sind nicht von ihm. Die sind von ei-
1063 1087 2771 1259 nem anderen Schuften, -von einem grösseren.
1075 1208 3006 1400 Karil Bern:striti ein; zu Franzi) ke hat ja schon
1068 1349 2936 1541 angefangen. Ich hab Sie unten gesucht.,Fräulein
1063 1509 2601 1635 Friesel. Ich habe Ihnen danken wollen.
1072 1626 2084 1788 Franzi: (abwehrende Gestel
1068 1759 2778 1941 Karl Bern: Habe ich. es. Ihnen nicht vorausge
1063 1914 2912 2096 sagt27 Fabelhaft! Sie haben ja einen Riesener-
1072 2050 1718 2179 folg,-einmütig..
1063 2150 3016 2319 Franzi: Aber jetzt konnt das Schwerzte. (sie geht)
1063 2310 2353 2455 regulein: konnen Sie, Herr Bern.
1060 2402 2904 2635 Karl Dern: Mohin demn? (er zündet sich eine Z1
1060 2596 1509 2737 garette an!
1065 2698 2945 2897 regulein: wollen Sie hier im Konversationszin-
1036 2824 2868 2992 mer bleibenz während sich das Schicksal Ihres
1036 2977 1859 3132 Stückes entscheidet?
1029 3096 2919 3258 Karl Dern: Ich hab keinen Einfluss mehr darauf.
