3304 3592
2765 421 2904 575 277
1111 573 1925 745 dregulein: Ich gehe.
1104 692 3001 894 Karl Bern: Pitte.. Ich bleibe hier. Ich halt's
1108 845 2962 1018 unten nicht aus. Jeden Moment möchte man sei-
1108 979 3065 1172 ber auf die Fühne springen und unterbrechen. Je-
1116 1118 2892 1299 des Wort, des die Herrschaften auf der Bühne
1116 1274 2802 1459 reden, komnt einem so beiläufig vor oder so
1108 1406 1398 1564 falsch.
1111 1506 2660 1679 Dregulein: Und wenn Ihnen die richtigen
1113 1644 2738 1859 fallen wären, – die da drunten taten's eret
1111 1810 1871 1986 recht nicht merken.
1104 1937 1905 2110 Karl Bern: Aber ich.
1108 2071 1961 2224 Dregulein: Wer weise?
1111 2197 2899 2383 Karl Bern: Wenigstens hätte ich nicht ein so
1111 2336 1915 2502 schlechtes Gewissen.
1106 2470 2994 2663 tregulein: konnen Sie. Er ist wirklich nicht so
1099 2626 1362 2765 arg..
1091 2753 3014 2909 Karl Bern: Für die Andern nicht, - aber für micht
1104 2853 2502 3019 Dregulein: Reden Sie keinen Unsinn.
1091 2999 2984 3167 Kerl Dern: Nätie ich mir das nicht alles erspa-
