3304 3496
2679 379 2842 495 102
1311 459 2906 657 riekiert. Sie dürfte natürlich gar nicht
1311 624 2864 800 wiesen, dass sie für die Fanni ernstlich
1311 771 3098 929 in Betracht gezogen werden könnte. Das würde
1302 900 2931 1068 ihr vielleicht die Unbefangenheit nehmen.
1313 1023 3069 1201 Baron: Die Frage - ob sie Überhaupt im Hause
1311 1226 1489 1319 ist?
1313 1255 2989 1471 Karl bern: Mahrscheinlich. Sie kane ja als
1315 1482 1926 1573 Emmi noch dran.
1315 1556 3044 1754 Baron: (nachdenklich, setzt sich an den Regie
1308 1703 2855 1836 tisch, wo früher Karl Bern gesessen ist)
1306 1852 2305 1988 Karl Bern: (bleibt stehen)
1302 1961 2987 2113 (Die Probe ist weitergegangen,man hört nun
1306 2104 1975 2273 wieder Folgendes!
1306 2244 2942 2389 Dögelmann: (i. x. d. R., 1iest)"Einen feuchten
1304 2367 3042 2527 Blick eine Stunde zu früh, ein frivoles Wort,
1293 2487 3053 2690 wahrend wir an dee Arbeit denken; auch haben
1293 2617 3022 2770 sie nicht nur jene leicht verzeihliche Ver-
1293 2766 2902 2935 logenheit, die enige Liebe schwört, um den
1277 2895 3004 3094 Augenblick zu verschönen,sie haben auch die
1297 3033 2866 3207 Verlogenheit der kleinen Ausflüchte und
