3272 3464
2658 401 2809 515 269
1433 447 1941 661 Achtes bild.
1057 628 2448 772 spielt in der Garderobe von Franzi.
1050 787 2009 934 X Franzi-Garderobiere.
1047 919 2173 1025 Zwischenakt, vor dem dritten.
1047 1022 2892 1166 Garderobiere.: Fraulein sind zu blass, noch ein
1060 1161 1979 1338 bischen Euge auflegen.
1047 1287 1214 1358 Mil1
1050 1269 2829 1451 Hnat tst. auch da.: Die Mutter freut sich so
1055 1413 3084 1600 Frauletn Franzl sind ja grossartig. Ganz begeistert
1055 1565 1772 1726 sind die Menschen.
1052 1671 2531 1860 Garderobiöre: Der Aht gehit gleich an.
1065 1792 2804 1994 Franzi: Grüesen S' die Mutter schön von mir-
1040 1989 1532 2115 Mili fort.
989 2095 1734 2269 2. Sregor tritt ein.
1055 2218 2140 2327 Garderobieye entfernh sich.
1060 2382 2234 2521 Franzi: Wgas fällt Ihnen ein?
1060 2468 2915 2647 Gregor: Wir müssen die letzte Spene noch einmal
1057 2630 1471 2771 probieren.
1073 2733 2067 2915 Franzi: Sie sind sä toll.
1055 2852 2925 3061 se wäre auch möglich, dass Franzi darauf besteht
1047 3006 2736 3198 die letzte Srene noch einmal zu probieren.
