3192 3624
2612 612 2915 795 gewissen
1013 570 2427 827 gen. Er fürchtet, dese da en Ende e:
1010 807 1922 931 Schwur halten könntest.
1067 934 1612 1035 ranzi:(Brickl
1025 958 3014 1199 Lichard: Da wiret dich wohl erinnern?- Er bat nich
1030 1132 2662 1285 sogar ihm nach Venedig zu telegraphieren.
1023 1322 1595 1483 Franzi:(8lickl
1028 1399 3014 1619 Rielard: - ob du dich zurzeit noch an Leben befin-
1018 1597 1243 1689 dest.
1332 1632 1463 1751 sn
1035 1627 2877 1867 Kranzl:/ Des erzählst du mir mit der ernetesten
2241 1763 2469 1862 geert
1030 1783 2801 1964 kiene der Melt? Bist du xarer bell? Odererz
1038 1902 3006 2068 Richard. (Marum dem 7 Rest du etwa nicht geschno-
1052 2055 1226 2211 Fon2
1045 2189 1555 2380 Franzl: Merz
1052 2293 2939 2461 Licherd: Dass du dich unbringen wirst an seinen
1052 2432 3016 2610 Lochzeitstag. Oder in seiner Nochreitenacht - ich
1055 2558 2952 2744 meise nicht genau. In letzteren Fälie wäre übri-
1052 2714 2860 2882 gens noch Zeit.(Du könntest vielleicht selbst
1060 2835 1669 2984 telegrephieren.
1070 2934 2692 3113 Franzi: Du bist wieder einmal nahneinnig.
1070 3068 2318 3246 Richerd: kenn ich nicht finden.
1077 3177 2870 3420 Frauzl.lrubtg, hert) Was hest da ihn ernldertz
