3160 3512
2621 308 2795 423 311
1080 414 2842 576 der akekankhtt berechtigteren Anspruch
1080 548 2804 727 auf meine Liebe erheben dürfte ale du. Aber
1073 682 2837 833 ich kenn ihn nicht. Und wenn ich ihn kennte,
1070 816 2839 983 würde ich wahrscheinlich gar nicht bemerken.
1082 948 2729 1122 dase ich ihn eher lieben sollte als dich.
1080 1068 2887 1230 Eichard:Hatk Du würdest schon - Und auch wenn
1070 1219 2877 1379 nicht -irgendeinmal, sehr bald wahrscheinlich-
1070 1336 2802 1515 kame der Moment, da würde dir grauen vor mir
1080 1463 2797 1642 und vor dir. Hein, ich liebe dich nicht. Nur
1077 1593 2887 1774 eine Sehneucht habe ich, nur eine und die iet
1068 1736 2870 1915 unerfüllbar: gut zu machen, was geschehen ist.
1077 1891 2879 2054 Mathilde: Gut zu machen? Und wenn du sie wie-
1077 2009 2823 2164 der zum Leben erwecken könntest,-glaubet du,
1075 2108 2915 2320 du hattest damit irgend etwas gut gemacht? Ich
1070 2258 2861 2447 glaube nicht. Was man an einem gesündigt hat,
1066 2409 2835 2550 der nicht mehr da ist-gut machen kann man es
1075 2538 2402 2682 doch immer nur an einem, der lebt.
1059 2644 2741 2832 Richard: Die Wahrheit ist mir zu wohlfeil.
1070 2802 2440 2969 Mathilde: Dae sind ja die meisten.
1068 2919 2959 3108 Richerd: Ee gibt schon ein Wiedergutrechen, aber
