3288 3480
1177 405 2754 626 Baron: Nas hat der Polizeikomntssär mit
1170 572 1728 728 Sache in tunz
1172 707 2417 865 erantarttdrBrauz
1172 817 3010 1017 (Die beiden Garderobièren machen das Sofa zu:
1165 954 1491 1117 recht. 1
1154 1077 3003 1261 Dr. Braun: (zum Intendanten) Darf ich Sie bitten
1145 1228 2978 1368 mit mir auf die Bühne zu kommen,Herr Baron?1
1147 1347 3019 1545 Baron: Rattx legt der Herr Kommissär auf meine
1147 1470 1847 1628 Anwesenheit Wert?
1133 1593 2871 1796 Dr. Braun: Ee ist keine Ohnmacht. Es ist ein
1128 1740 1863 1891 Sel bstmordversuch.
1131 1847 1584 2015 Beron: Niez
1133 2008 2808 2124 Dr. Braun: Sie hat versucht sich zu vergift.
1128 2122 2817 2336 Das Giftflaschchen hetten ihrer verkraup:
1110 2263 1342 2389 Hand.
1121 2389 2796 2543 Baron: Mit einem Fldschahen bift läest man
1114 2524 1917 2650 auf die Bühne gehen?
1110 2668 1682 2812 (aiie Drei abl.
1110 2782 2087 2905 Berl Bern und Dregulein.
2138 2761 2940 2926 (Sie begegnen einen
1110 2882 2619 3061 Deropffrankantandem der In der Pürel
1110 3017 2938 3229 Pregkleln: (zu bernl Der daron ist bds auf sie
