3288 3512
526 258 855 460 1.7030
2557 338 2705 455 289.
1035 382 1510 528 Achtes died.
1040 550 2910 735 Gerderohe von Franzi Priefel, eigentlich die von
1025 692 2803 869 Frau Koreda, doch. heute der Hauptdarstellerin
1037 843 1478 981 eingeräunt.
1013 942 2861 1045 Franzi, vollig angezogen für den 3.Akt des Karl
1894 1042 2031 1125 mit
2756 1069 2949 1176 itzt
1028 1091 2644 1220 Bernschen Stückes, doch einen Frisirmantel
2574 1164 2903 1256 Wentzler
1045 1210 2905 1395 vor dem Epiegel. Die Carderobiöre, Frau Hantrete
1025 1371 2308 1490 xxxxbexhäktigk steht neben ihr.
1023 1449 2878 1617 kr. Wentzler: Fräulein schauen noch ein biel zu
1020 1585 2888 1761 blass aus. Vielleicht doch nochein biel Rouge,
1025 1702 2252 1941 menigetene da her. (Ee Klopstl.
1049 1855 1627 2019 renzi: Herein.
1015 1972 2881 2206 U711:(tritt ein) kuer die Hand, Fraulein Franzi.
1013 2126 2430 2289 Franzi: Sie sind'e? Was gibte denn?
1011 2240 2192 2416 47716 Also, Freulein Prenzi,..
1023 2374 2815 2547 Fr. Wentzler: Es geht gleich wieder an. Ee war
1011 2503 1987 2676 schon das erste Zeichen.
1015 2640 2973 2849 121: Ich meise, ich meiss. Aber ich hab so schwer-
1008 2776 2854 2966 da herauf gefunden und die Leute waren so grob
1006 2903 1349 3095 mit mir
