3192 3528
2582 236 2716 408 308
1009 391 2368 591 Delene:lkonnt auf ihn zul Richerd
1014 562 2531 700 Richard: keine Beileidebezeugungen, wen
997 666 2757 849 bitten darf. Ihr solltet Euch Alie gar nicht
997 810 2794 980 um mich kümmern. Ich möchte gern allein sein.
997 904 1500 1062 BrrurdenaxX
994 1055 2876 1252 Dregulein: (tritt rasch auf ihn zul Einen Augen-
1009 1218 1437 1327 blick nur.
1002 1332 2166 1488 (Die Andern halten sich fernl.
1002 1439 2847 1624 Kichard: (fragender Blick/ktarshahenxktaxthzen
1002 1595 1522 1714 Ertefxwtader.
1033 1644 2823 1811 Dregulein: Hier haben Sie Ihren Brief wieder.
992 1746 2706 1916 Richard: Sie hat ihn nicht mehr erhalten-?
990 1877 2025 2025 Tregulein: Es wer zu spät.
985 2013 2757 2171 Richard: Vielleicht wäre das Atesntahteger
990 2132 2217 2302 Furchtbare nicht geschehen....
985 2276 2881 2443 tregulein: Da hätten Sie ihn auch früher schrei-
982 2385 2336 2582 ben mussen. Gute Nacht. (er gehtl.
968 2526 2801 2704 Ludwig: (auf Richard zu. Sie sehen einander anf
968 2674 2752 2835 Sie hat ihren Schwur doch noch gehalten. Ich
972 2784 2823 2947 beklage dich sehr, Richard. Dabei, wer weise, hat
968 2915 2922 3090 eie dich vielleicht mehr geliebt. Aber ihr Stolz.
