3256 3480
2693 333 2835 514 282
952 415 2827 715 Rieherd: Eso, wenn da jetzt Eegendetner anderes
944 636 2942 832 von meiner Stirne ablesen kannet als - das Vergnü-
949 713 2891 952 gen wieder einmal mit dir zu plandern, die Freude,
942 891 2514 1033 das Glück,dass du überhaupt da bist --
929 995 2980 1260 Methilde: Ich hab es gar nicht gern, Richard, menn du
924 1153 1346 1280 so redest.
924 1262 2318 1456 Richard: Warum denn nicht, Mathilde?
909 1415 2573 1621 Helene:lkommt herein,sichtlich betroften.
911 1560 2443 1700 Richard: (rasch) Was gibt's? Wer war'e?
898 1672 2891 1868 Helene: Man hat aus Ludwigs- Wohnung hieher telefo-
886 1845 2927 2054 niert. Denkt Euch, sein Schwiegervater iet plötzlich
886 1949 1306 2051 gestorben.
873 2092 2110 2217 Richard: Was? Der alte Sidon?
873 2204 1809 2334 Helene: Fanz plötzlich.
873 2344 2054 2448 Richard: Wer hat telefoniert?
860 2461 2830 2629 Helene: Ludwigs Diener. Er scheint übrigens nicht
847 2611 1804 2738 allein gewesen zu sein.
853 2705 2033 2917 Richerd: Plötzlich gestorben?
832 2830 2772 3097 Relene: Ja. Frau Elderhof wer bei ihm im Augen-
847 2988 1614 3113 blick seines Todes.
