3304 3720
2554 548 2710 724 284
1022 683 2881 859 Roreda: (an der er oben vorübergeht) Herr Baron
1025 863 2872 1010 erlauben Sie mir Ihnen zu Ihrem sensationellen
1020 952 2232 1126 Achtungserfolg zu gratulteren.
1017 1114 2857 1272 Baron: Danke. Mit Ihrer Nachfolgerin sind Sie
1010 1260 2424 1414 hoffentlich zufrieden, gnädige Frauz
1003 1366 2922 1532 Roveda: Nachfolgerin? Ich wüsste nicht. Ich habe
996 1537 2819 1693 auch niemals eine Vorgängerin gehabt. Ich bin
998 1635 1888 1818 ein Planet, Herr Baron.
998 1823 2838 1996 Baron: bewies. (kurzer Abschled, geht in seine
991 1946 1205 2042 Loge)
996 2066 2835 2249 Dregulein: Also dein Entlassungegesuch scheint:
984 2205 1407 2333 bewilligt?
969 2338 2761 2508 Roveda: Wer spricht von einem Entlassungsge-
969 2477 1946 2641 eucht Eine Zeltungsente.
967 2621 2694 2775 dreguletn: Ich habe nirgende etwas gelesen.
960 2744 2157 2891 Roredar Drum sage ich sa Ente-
969 2857 2157 3047 (karl Bern die Stufen herauf)
945 2997 2879 3206 Roredai Na mo stecken Sie denn, Poett den letzten
943 3126 2756 3295 Art sehenie sich gefälliget von meiner Loge
950 3252 1243 3393 aus an.
