<?xml version="1.0" encoding="UTF-8" standalone="yes"?>
<PcGts xmlns="http://schema.primaresearch.org/PAGE/gts/pagecontent/2013-07-15" xmlns:xsi="http://www.w3.org/2001/XMLSchema-instance" xsi:schemaLocation="http://schema.primaresearch.org/PAGE/gts/pagecontent/2013-07-15 http://schema.primaresearch.org/PAGE/gts/pagecontent/2013-07-15/pagecontent.xsd">
    <Metadata>
        <Creator>prov=READ-COOP:name=PyLaia@TranskribusPlatform:version=2.7.0:model_id=50870:lm=none:date=22_01_2024_18:10</Creator>
        <Created>2023-09-27T14:33:40.862+02:00</Created>
        <LastChange>2024-01-22T18:10:07.407+01:00</LastChange>
        <TranskribusMetadata docId="1589031" pageId="60123435" pageNr="253" tsid="145631561" status="IN_PROGRESS" userId="40391" imgUrl="https://files.transkribus.eu/Get?id=LJEWWQRBQLRMYWZGVDAMUZOH&amp;fileType=view" xmlUrl="https://files.transkribus.eu/Get?id=MHWRXKTUYCCWKYVNHTMKBSUY" imageId="48548513"/>
    </Metadata>
    <Page imageFilename="1589031_0253.jpg" imageWidth="3304" imageHeight="3592">
        <ReadingOrder>
            <OrderedGroup id="ro_1711794468623" caption="Regions reading order">
                <RegionRefIndexed index="0" regionRef="tr_1"/>
            </OrderedGroup>
        </ReadingOrder>
        <TextRegion orientation="0.0" id="tr_1" custom="readingOrder {index:0;}">
            <Coords points="1118,364 1118,3131 3016,3131 3016,364"/>
            <TextLine id="tr_1_tl_1" custom="readingOrder {index:0;}">
                <Coords points="2661,451 2687,451 2694,443 2708,453 2724,448 2734,453 2755,434 2776,451 2790,446 2805,458 2819,458 2819,361 2781,354 2767,366 2746,356 2722,370 2689,344 2661,344"/>
                <Baseline points="2673,426 2698,428 2723,429 2749,429 2774,428 2799,427 2825,426"/>
                <TextEquiv>
                    <Unicode>280</Unicode>
                </TextEquiv>
            </TextLine>
            <TextLine id="tr_1_tl_2" custom="readingOrder {index:1;}">
                <Coords points="1186,642 2257,613 2257,441 1896,533 1554,486 1425,531 1186,512"/>
                <Baseline points="1199,569 1252,570 1305,576 1358,578 1411,578 1464,573 1517,572 1570,575 1623,575 1676,575 1730,575 1783,575 1836,573 1889,574 1942,572 1995,572 2048,572 2101,572 2154,572 2207,573 2261,581"/>
                <TextEquiv>
                    <Unicode>ie sinkht auf einen Stuhl)</Unicode>
                </TextEquiv>
            </TextLine>
            <TextLine id="tr_1_tl_3" custom="readingOrder {index:2;}">
                <Coords points="1130,719 2963,736 2965,623 2720,606 2602,649 1132,644"/>
                <Baseline points="1142,707 1233,707 1324,707 1415,707 1507,707 1598,709 1689,708 1781,706 1872,704 1963,704 2055,704 2146,704 2237,702 2328,701 2420,700 2511,701 2602,701 2694,695 2785,695 2876,692 2968,689"/>
                <TextEquiv>
                    <Unicode>Dregulein: Herrgott noch einmal. Was fällt Ih-</Unicode>
                </TextEquiv>
            </TextLine>
            <TextLine id="tr_1_tl_4" custom="readingOrder {index:3;}">
                <Coords points="1113,844 1672,889 1908,854 2246,915 2432,854 2573,894 2632,852 2849,844 2852,767 2569,738 2432,793 2293,760 1996,788 1885,731 1408,802 1116,769"/>
                <Baseline points="1127,844 1213,844 1299,841 1386,842 1472,844 1559,844 1645,847 1731,844 1818,844 1904,841 1991,838 2077,841 2163,836 2250,835 2336,832 2423,832 2509,834 2595,831 2682,829 2768,829 2855,832"/>
                <TextEquiv>
                    <Unicode>nen denn ein? Was geht denn dich der Mensch</Unicode>
                </TextEquiv>
            </TextLine>
            <TextLine id="tr_1_tl_5" custom="readingOrder {index:4;}">
                <Coords points="1118,1017 2875,1005 3007,977 3010,920 2807,861 2099,934 2021,885 1444,936 1120,910"/>
                <Baseline points="1130,978 1224,978 1318,978 1412,978 1507,978 1601,978 1695,980 1790,977 1884,977 1978,975 2073,975 2167,972 2261,972 2355,971 2450,971 2544,970 2638,967 2733,969 2827,967 2921,963 3016,963"/>
                <TextEquiv>
                    <Unicode>überhaupt an? Ob er hier im Theater sitzt oder</Unicode>
                </TextEquiv>
            </TextLine>
            <TextLine id="tr_1_tl_6" custom="readingOrder {index:5;}">
                <Coords points="1125,1149 1326,1182 1477,1120 2196,1120 2309,1161 2597,1116 2668,1158 2967,1132 2948,1028 1125,1073"/>
                <Baseline points="1139,1118 1230,1115 1322,1115 1414,1118 1506,1117 1597,1117 1689,1116 1781,1115 1873,1114 1964,1114 2056,1113 2148,1110 2240,1108 2331,1109 2423,1111 2515,1107 2607,1108 2698,1104 2790,1106 2882,1103 2974,1106"/>
                <TextEquiv>
                    <Unicode>im Prater spazieren geht, das ist doch volikom-</Unicode>
                </TextEquiv>
            </TextLine>
            <TextLine id="tr_1_tl_7" custom="readingOrder {index:6;}">
                <Coords points="1118,1271 1205,1283 1255,1264 1333,1309 1373,1288 1444,1297 1507,1281 1507,1175 1439,1158 1366,1182 1340,1172 1304,1203 1243,1189 1191,1215 1118,1215"/>
                <Baseline points="1130,1253 1155,1253 1180,1253 1206,1253 1231,1253 1257,1253 1282,1254 1308,1256 1333,1256 1359,1256 1384,1254 1410,1253 1435,1253 1461,1254 1486,1256 1512,1261"/>
                <TextEquiv>
                    <Unicode>nen egal.</Unicode>
                </TextEquiv>
            </TextLine>
            <TextLine id="tr_1_tl_8" custom="readingOrder {index:7;}">
                <Coords points="1123,1399 1375,1389 1578,1441 2031,1389 2146,1436 2333,1385 2729,1394 2729,1335 2401,1283 2021,1328 1965,1297 1609,1337 1123,1319"/>
                <Baseline points="1136,1369 1220,1378 1304,1380 1388,1383 1472,1381 1556,1379 1640,1381 1725,1378 1809,1381 1893,1378 1977,1378 2061,1380 2145,1376 2230,1376 2314,1375 2398,1375 2482,1375 2566,1375 2650,1375 2735,1381"/>
                <TextEquiv>
                    <Unicode>Franzi: Ich liebe ihn.- Ich liebe ihr...</Unicode>
                </TextEquiv>
            </TextLine>
            <TextLine id="tr_1_tl_9" custom="readingOrder {index:8;}">
                <Coords points="1135,1547 1505,1566 1837,1521 2012,1583 2460,1510 2460,1439 2260,1413 1802,1465 1625,1418 1392,1467 1137,1455"/>
                <Baseline points="1148,1515 1217,1515 1286,1515 1356,1515 1425,1515 1495,1513 1564,1515 1633,1514 1703,1512 1772,1514 1842,1512 1911,1513 1981,1512 2050,1511 2119,1511 2189,1511 2258,1511 2328,1509 2397,1506 2467,1512"/>
                <TextEquiv>
                    <Unicode>Dregulein: Ist ja gar nicht wahr.</Unicode>
                </TextEquiv>
            </TextLine>
            <TextLine id="tr_1_tl_10" custom="readingOrder {index:9;}">
                <Coords points="1130,1701 1300,1724 1771,1661 1835,1705 1937,1689 1918,1571 1710,1599 1495,1557 1425,1609 1366,1580 1328,1602 1217,1566 1130,1578"/>
                <Baseline points="1142,1631 1182,1636 1222,1642 1262,1641 1302,1640 1342,1641 1382,1643 1422,1642 1462,1640 1502,1640 1542,1640 1582,1642 1622,1641 1662,1640 1702,1642 1742,1642 1782,1640 1822,1640 1862,1640 1902,1643 1942,1643"/>
                <TextEquiv>
                    <Unicode>Franzi: Es ist wahr.</Unicode>
                </TextEquiv>
            </TextLine>
            <TextLine id="tr_1_tl_11" custom="readingOrder {index:10;}">
                <Coords points="1135,1840 1531,1845 1816,1771 1967,1840 2113,1783 2257,1819 2889,1786 2889,1705 2708,1720 2625,1679 2139,1727 1953,1687 1753,1720 1644,1672 1262,1729 1135,1696"/>
                <Baseline points="1148,1754 1235,1769 1322,1775 1409,1778 1497,1775 1584,1772 1671,1772 1758,1769 1846,1770 1933,1771 2020,1770 2107,1768 2195,1766 2282,1769 2369,1766 2456,1767 2544,1767 2631,1763 2718,1766 2805,1763 2893,1763"/>
                <TextEquiv>
                    <Unicode>tregulein: Es darf nicht wahr sein.. Iu hast</Unicode>
                </TextEquiv>
            </TextLine>
            <TextLine id="tr_1_tl_12" custom="readingOrder {index:11;}">
                <Coords points="1125,1946 2864,1927 2864,1826 2807,1814 2354,1868 2083,1828 1257,1866 1125,1828"/>
                <Baseline points="1139,1909 1225,1910 1312,1909 1398,1909 1485,1909 1571,1912 1658,1909 1744,1906 1831,1909 1917,1906 2004,1908 2091,1908 2177,1906 2264,1908 2350,1909 2437,1906 2523,1908 2610,1906 2696,1906 2783,1906 2870,1906"/>
                <TextEquiv>
                    <Unicode>etwas Besseres auf der Welt zu tun, als dein</Unicode>
                </TextEquiv>
            </TextLine>
            <TextLine id="tr_1_tl_13" custom="readingOrder {index:12;}">
                <Coords points="1118,2062 1748,2111 1837,2066 2234,2125 2392,2078 2460,2109 2547,2054 2654,2102 2972,2083 2972,1998 2793,1962 1991,2005 1748,1970 1592,2003 1392,1953 1118,1986"/>
                <Baseline points="1130,2046 1222,2049 1314,2049 1407,2049 1499,2048 1591,2047 1684,2047 1776,2047 1868,2046 1961,2046 2053,2048 2145,2046 2238,2048 2330,2046 2422,2049 2515,2046 2607,2049 2699,2046 2792,2046 2884,2047 2977,2049"/>
                <TextEquiv>
                    <Unicode>Herz an einen Mann zu hängen. Eine fixe Idee</Unicode>
                </TextEquiv>
            </TextLine>
            <TextLine id="tr_1_tl_14" custom="readingOrder {index:13;}">
                <Coords points="1130,2224 1592,2196 1760,2255 1809,2222 2132,2241 2222,2198 2566,2213 2566,2102 2472,2118 2411,2078 2248,2125 2014,2090 1130,2132"/>
                <Baseline points="1142,2189 1213,2184 1284,2184 1356,2186 1427,2186 1499,2183 1570,2186 1642,2186 1713,2186 1785,2187 1856,2186 1927,2189 1999,2189 2070,2187 2142,2189 2213,2186 2285,2184 2356,2184 2428,2186 2499,2183 2571,2186"/>
                <TextEquiv>
                    <Unicode>ist das und nichts weiter. Wahneinnl</Unicode>
                </TextEquiv>
            </TextLine>
            <TextLine id="tr_1_tl_15" custom="readingOrder {index:14;}">
                <Coords points="1130,2385 2543,2342 2543,2215 2354,2269 2217,2215 1875,2264 1467,2205 1335,2262 1130,2224"/>
                <Baseline points="1142,2312 1212,2315 1282,2315 1352,2317 1423,2319 1493,2315 1563,2316 1633,2318 1704,2318 1774,2318 1844,2318 1914,2318 1985,2318 2055,2318 2125,2318 2195,2320 2266,2318 2336,2318 2406,2315 2476,2315 2547,2312"/>
                <TextEquiv>
                    <Unicode>Franzi: Gewise. Aber ich liebe ihni</Unicode>
                </TextEquiv>
            </TextLine>
            <TextLine id="tr_1_tl_16" custom="readingOrder {index:15;}">
                <Coords points="1132,2472 1526,2455 1736,2524 2229,2514 2382,2470 2819,2510 2878,2477 2878,2347 2819,2338 2543,2396 2316,2349 2253,2387 2092,2347 1988,2392 1854,2359 1762,2399 1132,2380"/>
                <Baseline points="1145,2449 1236,2449 1328,2449 1419,2449 1511,2451 1602,2452 1694,2449 1785,2451 1877,2449 1968,2451 2060,2451 2151,2452 2243,2449 2334,2449 2426,2451 2517,2452 2609,2454 2700,2452 2792,2449 2884,2449"/>
                <TextEquiv>
                    <Unicode>Nr. Wentzler: (rasch herein) Fräulein Friesell</Unicode>
                </TextEquiv>
            </TextLine>
            <TextLine id="tr_1_tl_17" custom="readingOrder {index:16;}">
                <Coords points="1125,2618 1290,2613 1337,2632 1396,2611 1517,2644 1653,2611 1653,2512 1613,2524 1472,2500 1432,2524 1401,2505 1311,2538 1241,2512 1205,2533 1168,2507 1125,2524"/>
                <Baseline points="1139,2583 1166,2581 1193,2580 1220,2580 1248,2581 1275,2583 1302,2583 1330,2583 1357,2583 1384,2583 1412,2583 1439,2583 1466,2583 1494,2583 1521,2583 1548,2583 1576,2581 1603,2581 1630,2583 1658,2586"/>
                <TextEquiv>
                    <Unicode>Ihr Aufträtt!</Unicode>
                </TextEquiv>
            </TextLine>
            <TextLine id="tr_1_tl_18" custom="readingOrder {index:17;}">
                <Coords points="1137,2760 1458,2781 1663,2724 1814,2757 2125,2731 2215,2774 2269,2731 3010,2753 3010,2675 2880,2680 2606,2590 2453,2585 2326,2637 1717,2616 1538,2675 1278,2668 1137,2616"/>
                <Baseline points="1151,2717 1244,2717 1337,2714 1430,2714 1524,2714 1617,2716 1710,2714 1803,2712 1897,2714 1990,2714 2083,2715 2176,2714 2270,2714 2363,2717 2456,2714 2549,2716 2643,2717 2736,2720 2829,2720 2922,2717 3016,2717"/>
                <TextEquiv>
                    <Unicode>Fregulein: kommen Sie doch zur Eesinnung, Fran-</Unicode>
                </TextEquiv>
            </TextLine>
            <TextLine id="tr_1_tl_19" custom="readingOrder {index:18;}">
                <Coords points="1123,2868 1488,2901 1618,2847 1861,2889 1927,2864 1927,2786 1587,2772 1521,2802 1484,2774 1344,2795 1224,2769 1123,2793"/>
                <Baseline points="1136,2843 1175,2843 1215,2843 1255,2845 1295,2844 1335,2842 1375,2840 1414,2841 1454,2846 1494,2846 1534,2843 1574,2841 1614,2840 1654,2840 1693,2840 1733,2840 1773,2840 1813,2840 1853,2840 1893,2840 1933,2843"/>
                <TextEquiv>
                    <Unicode>zi. Auf - geschwind!</Unicode>
                </TextEquiv>
            </TextLine>
            <TextLine id="tr_1_tl_20" custom="readingOrder {index:19;}">
                <Coords points="1135,3038 1837,2993 2095,3036 2342,2986 2451,3029 2993,2963 2993,2889 2830,2849 2642,2915 2382,2859 2213,2920 2054,2880 2014,2918 1710,2922 1592,2868 1236,2915 1137,2875"/>
                <Baseline points="1151,2965 1243,2967 1335,2965 1428,2965 1520,2962 1612,2962 1705,2965 1797,2959 1889,2960 1982,2961 2074,2959 2166,2961 2259,2962 2351,2959 2443,2957 2536,2956 2628,2958 2720,2960 2813,2959 2905,2959 2998,2959"/>
                <TextEquiv>
                    <Unicode>Inepizient:in grösster Eilel fräulein friesel!</Unicode>
                </TextEquiv>
            </TextLine>
            <TextLine id="tr_1_tl_21" custom="readingOrder {index:20;}">
                <Coords points="1104,3177 1304,3130 1616,3165 1753,3114 1816,3161 2175,3175 2439,3106 2967,3180 2967,3029 2871,3012 1104,3050"/>
                <Baseline points="1118,3099 1210,3099 1303,3099 1396,3100 1489,3098 1582,3097 1674,3099 1767,3099 1860,3099 1953,3099 2046,3098 2138,3096 2231,3096 2324,3093 2417,3093 2510,3096 2602,3099 2695,3097 2788,3098 2881,3099 2974,3099"/>
                <TextEquiv>
                    <Unicode>Was ist denn? Haben Sie denn das Zeichen nicht</Unicode>
                </TextEquiv>
            </TextLine>
            <TextEquiv>
                <Unicode></Unicode>
            </TextEquiv>
        </TextRegion>
    </Page>
</PcGts>
