3304 3576
1267 665 2871 824 sofort noch einmal an. Ich - lasse Frau
1272 815 2989 984 toreda zum Telefon bitten und zwar unverzüg-
1265 975 1484 1061 lich.
1274 1093 2937 1190 Dögelmann: (immer in der Holle lesend) "Das
1265 1231 3079 1362 Junggesellenleben hat doch immer etwas Meschi-
1253 1351 1441 1507 nee.
1258 1407 2934 1581 Karl Bern: (korrigierend) Haxktn Meschines.
1253 1568 3045 1738 Dögelmann: MesaEines. Ich möchte mir nur höf-
1238 1704 2088 1810 Herr Baron werden mir
2163 1706 2367 1801 rewise
1262 1733 3009 1914 tichst zu bemerken erlaubenaasreth Henech
1256 1882 3014 2057 das Wort meschin verstehen dürfte. Sagen wir
1256 2025 2084 2190 doch einfach misoggn.
1253 2154 2993 2301 Karl Bern: Das ist leider nicht ganz dassel-
1244 2308 2953 2457 be - Wenn Ignen das Wort meskin Mühe macht
1249 2389 2971 2582 Drgelmann Aad nein. Ich kann an Ende auch
1235 2543 2240 2722 meckin sagen - freilich-
1256 2683 2057 2830 Beron: Bitie meiter.
1244 2806 3043 2937 Dögelmann: (wieder in der Rolle lesend) "Diese
1244 2934 3036 3109 enigen Liebschaften lassen einen doch nienals
1240 3084 2704 3213 zum richtigen Lebensernst gelängen.“
