<?xml version="1.0" encoding="UTF-8" standalone="yes"?>
<PcGts xmlns="http://schema.primaresearch.org/PAGE/gts/pagecontent/2013-07-15" xmlns:xsi="http://www.w3.org/2001/XMLSchema-instance" xsi:schemaLocation="http://schema.primaresearch.org/PAGE/gts/pagecontent/2013-07-15 http://schema.primaresearch.org/PAGE/gts/pagecontent/2013-07-15/pagecontent.xsd">
    <Metadata>
        <Creator>prov=READ-COOP:name=PyLaia@TranskribusPlatform:version=2.7.0:model_id=50870:lm=none:date=22_01_2024_18:09</Creator>
        <Created>2023-09-27T14:33:15.544+02:00</Created>
        <LastChange>2024-01-22T18:09:21.973+01:00</LastChange>
        <TranskribusMetadata docId="1589031" pageId="60122366" pageNr="22" tsid="145631273" status="IN_PROGRESS" userId="40391" imgUrl="https://files.transkribus.eu/Get?id=LZDHKNTQWVWPWXSHOSMFYEJD&amp;fileType=view" xmlUrl="https://files.transkribus.eu/Get?id=AAJXFXTORIQMYOENAURZHHXH" imageId="48547444"/>
    </Metadata>
    <Page imageFilename="1589031_0022.jpg" imageWidth="3160" imageHeight="3720">
        <ReadingOrder>
            <OrderedGroup id="ro_1711794087029" caption="Regions reading order">
                <RegionRefIndexed index="0" regionRef="tr_1"/>
            </OrderedGroup>
        </ReadingOrder>
        <TextRegion orientation="0.0" id="tr_1" custom="readingOrder {index:0;}">
            <Coords points="1021,561 1021,3303 2976,3303 2976,561"/>
            <TextLine id="tr_1_tl_1" custom="readingOrder {index:0;}">
                <Coords points="1050,729 1332,705 1411,667 1807,672 1812,563 1753,534 1717,556 1610,539 1558,584 1477,549 1328,572 1285,539 1133,577 1054,560"/>
                <Baseline points="1065,650 1102,647 1140,647 1177,645 1215,644 1252,643 1290,641 1327,641 1365,641 1402,641 1440,639 1477,637 1515,635 1552,635 1590,632 1627,630 1665,631 1702,631 1740,628 1777,626 1815,623"/>
                <TextEquiv>
                    <Unicode>der würdig ermeisen.</Unicode>
                </TextEquiv>
            </TextLine>
            <TextLine id="tr_1_tl_2" custom="readingOrder {index:1;}">
                <Coords points="1841,786 1910,819 1971,793 2019,826 2062,805 2107,817 2176,798 2197,815 2244,796 2252,667 2225,658 2176,682 2152,660 2123,672 2088,653 2035,694 1969,656 1845,696"/>
                <Baseline points="1857,752 1883,754 1909,754 1936,752 1962,751 1989,749 2015,747 2042,745 2068,743 2095,743 2121,743 2148,741 2174,739 2201,738 2227,735 2254,731"/>
                <TextEquiv>
                    <Unicode>e sprochen</Unicode>
                </TextEquiv>
            </TextLine>
            <TextLine id="tr_1_tl_3" custom="readingOrder {index:2;}">
                <Coords points="1185,834 1221,838 1235,826 1254,836 1285,808 1297,810 1306,822 1337,819 1337,705 1316,705 1299,720 1287,715 1261,722 1247,708 1228,715 1188,701"/>
                <Baseline points="1197,776 1226,775 1255,773 1284,773 1313,773 1343,773"/>
                <TextEquiv>
                    <Unicode>inet</Unicode>
                </TextEquiv>
            </TextLine>
            <TextLine id="tr_1_tl_4" custom="readingOrder {index:3;}">
                <Coords points="1128,967 1297,971 1392,926 1499,986 1857,926 2088,952 2092,819 1971,793 1648,853 1130,848"/>
                <Baseline points="1143,907 1190,909 1238,910 1285,910 1333,907 1381,907 1428,907 1476,906 1523,903 1571,901 1619,899 1666,893 1714,890 1761,890 1809,889 1857,887 1904,886 1952,884 1999,883 2047,883 2095,880"/>
                <TextEquiv>
                    <Unicode>den vorigen Jahrhunder</Unicode>
                </TextEquiv>
            </TextLine>
            <TextLine id="tr_1_tl_5" custom="readingOrder {index:4;}">
                <Coords points="1014,1074 1150,1114 1380,1059 1551,1052 1641,1100 1850,1059 2104,1104 2282,1078 2287,938 1943,960 1857,926 1546,990 1361,960 1228,1009 1016,983"/>
                <Baseline points="1030,1047 1096,1051 1162,1051 1228,1049 1295,1042 1361,1041 1427,1041 1493,1040 1560,1038 1626,1035 1692,1033 1758,1030 1825,1030 1891,1027 1957,1025 2023,1024 2090,1022 2156,1018 2222,1012 2289,1012"/>
                <TextEquiv>
                    <Unicode>fragen Richerd.-Ist alles vorbet</Unicode>
                </TextEquiv>
            </TextLine>
            <TextLine id="tr_1_tl_6" custom="readingOrder {index:5;}">
                <Coords points="1014,1240 1114,1266 1145,1249 1195,1261 1254,1237 1311,1259 1387,1235 1387,1107 1237,1116 1214,1130 1159,1109 1076,1130 1014,1123"/>
                <Baseline points="1027,1185 1053,1183 1079,1182 1105,1182 1131,1182 1158,1182 1184,1182 1210,1182 1236,1182 1262,1181 1289,1179 1315,1180 1341,1182 1367,1182 1394,1185"/>
                <TextEquiv>
                    <Unicode>Richerd.</Unicode>
                </TextEquiv>
            </TextLine>
            <TextLine id="tr_1_tl_7" custom="readingOrder {index:6;}">
                <Coords points="1021,1344 2178,1344 2235,1332 2240,1221 2000,1197 1876,1252 1560,1218 1024,1264"/>
                <Baseline points="1035,1313 1095,1313 1155,1313 1216,1310 1276,1309 1336,1307 1397,1304 1457,1303 1517,1299 1578,1298 1638,1296 1698,1295 1759,1292 1819,1290 1879,1289 1940,1286 2000,1282 2060,1277 2121,1277 2181,1277 2242,1280"/>
                <TextEquiv>
                    <Unicode>Antoinette: - was vor mir wer?</Unicode>
                </TextEquiv>
            </TextLine>
            <TextLine id="tr_1_tl_8" custom="readingOrder {index:7;}">
                <Coords points="1005,1515 1686,1454 1838,1508 2109,1454 2323,1487 2328,1335 1933,1320 1480,1387 1389,1347 1123,1406 1009,1366"/>
                <Baseline points="1021,1442 1086,1445 1152,1445 1217,1442 1283,1440 1348,1439 1414,1439 1479,1433 1545,1430 1610,1427 1676,1427 1741,1427 1807,1423 1872,1421 1938,1420 2003,1415 2069,1412 2134,1410 2200,1409 2265,1407 2331,1406"/>
                <TextEquiv>
                    <Unicode>Richerd: Wie können Sie zweifeln?</Unicode>
                </TextEquiv>
            </TextLine>
            <TextLine id="tr_1_tl_9" custom="readingOrder {index:8;}">
                <Coords points="1016,1627 1392,1644 1530,1579 1895,1634 2059,1577 2097,1603 2171,1546 2308,1579 2591,1553 2708,1608 2862,1608 2869,1423 2715,1375 2304,1492 2192,1451 1814,1515 1021,1508"/>
                <Baseline points="1033,1579 1129,1576 1226,1571 1323,1572 1420,1565 1516,1564 1613,1561 1710,1558 1807,1552 1904,1551 2000,1547 2097,1543 2194,1540 2291,1537 2388,1533 2484,1530 2581,1526 2678,1523 2775,1516 2872,1519"/>
                <TextEquiv>
                    <Unicode>Antoinette: Ach, ich denke nicht an dis FrauPi-</Unicode>
                </TextEquiv>
            </TextLine>
            <TextLine id="tr_1_tl_10" custom="readingOrder {index:9;}">
                <Coords points="1014,1736 1159,1729 1223,1741 1249,1729 1309,1748 1328,1743 1330,1655 1304,1658 1268,1634 1199,1629 1112,1665 1016,1641"/>
                <Baseline points="1027,1710 1052,1710 1078,1710 1103,1710 1129,1709 1154,1707 1180,1707 1206,1707 1231,1707 1257,1707 1282,1709 1308,1710 1334,1710"/>
                <TextEquiv>
                    <Unicode>derhof.</Unicode>
                </TextEquiv>
            </TextLine>
            <TextLine id="tr_1_tl_11" custom="readingOrder {index:10;}">
                <Coords points="1031,1910 2073,1845 2715,1874 2753,1722 1983,1717 1890,1769 1565,1734 1330,1798 1202,1758 1033,1784"/>
                <Baseline points="1047,1842 1132,1845 1217,1837 1303,1834 1388,1833 1474,1830 1559,1827 1644,1826 1730,1824 1815,1821 1901,1815 1986,1815 2071,1811 2157,1809 2242,1806 2328,1800 2413,1797 2498,1794 2584,1790 2669,1788 2755,1788"/>
                <TextEquiv>
                    <Unicode>Pr.Biderhof: list im Gespräch mit Gradel und</Unicode>
                </TextEquiv>
            </TextLine>
            <TextLine id="tr_1_tl_12" custom="readingOrder {index:11;}">
                <Coords points="1040,2024 1074,2033 1183,2014 1221,2031 1273,2007 1287,2019 1311,2014 1306,1888 1237,1883 1202,1907 1164,1893 1140,1905 1095,1893 1062,1912 1038,1907"/>
                <Baseline points="1050,1964 1076,1966 1102,1967 1128,1967 1155,1967 1181,1967 1207,1968 1234,1970 1260,1970 1286,1971 1313,1973"/>
                <TextEquiv>
                    <Unicode>Ruttel</Unicode>
                </TextEquiv>
            </TextLine>
            <TextLine id="tr_1_tl_13" custom="readingOrder {index:12;}">
                <Coords points="1050,2156 1356,2133 1420,2176 1541,2121 1978,2152 2185,2111 2415,2145 2506,2109 2617,2168 2881,2118 2886,1981 1052,2035"/>
                <Baseline points="1062,2101 1153,2098 1244,2095 1336,2094 1427,2092 1519,2086 1610,2085 1701,2082 1793,2078 1884,2075 1976,2071 2067,2068 2158,2067 2250,2066 2341,2065 2433,2063 2524,2057 2615,2057 2707,2054 2798,2048 2890,2045"/>
                <TextEquiv>
                    <Unicode>Antoinette: Die nur inner belanglos. Ich denke</Unicode>
                </TextEquiv>
            </TextLine>
            <TextLine id="tr_1_tl_14" custom="readingOrder {index:13;}">
                <Coords points="1043,2254 1387,2285 1456,2249 2373,2232 2458,2282 2487,2116 2235,2161 1940,2121 1758,2168 1045,2156"/>
                <Baseline points="1059,2227 1130,2228 1202,2226 1273,2224 1345,2224 1416,2221 1488,2219 1559,2214 1631,2212 1702,2212 1774,2209 1845,2209 1917,2205 1988,2203 2060,2200 2131,2200 2203,2195 2274,2191 2346,2191 2417,2188 2489,2188"/>
                <TextEquiv>
                    <Unicode>an Franzi. Ist es wirklich zu Ender</Unicode>
                </TextEquiv>
            </TextLine>
            <TextLine id="tr_1_tl_15" custom="readingOrder {index:14;}">
                <Coords points="1038,2413 1375,2432 1568,2370 2183,2404 2349,2328 2907,2328 2883,2235 2779,2278 2722,2235 2458,2282 1933,2249 1510,2316 1439,2268 1228,2316 1043,2270"/>
                <Baseline points="1053,2358 1146,2357 1239,2355 1332,2355 1425,2349 1518,2346 1611,2343 1704,2340 1797,2337 1890,2334 1983,2331 2076,2329 2169,2328 2262,2322 2355,2325 2448,2323 2541,2317 2634,2315 2727,2310 2820,2307 2913,2307"/>
                <TextEquiv>
                    <Unicode>Richerd: Es mer zu Ende, noch bevor er sich of-</Unicode>
                </TextEquiv>
            </TextLine>
            <TextLine id="tr_1_tl_16" custom="readingOrder {index:15;}">
                <Coords points="1050,2529 1282,2515 1465,2560 1845,2508 2180,2525 2249,2503 2252,2408 1052,2408"/>
                <Baseline points="1062,2489 1121,2489 1181,2489 1241,2486 1301,2484 1360,2486 1420,2482 1480,2479 1540,2475 1599,2477 1659,2475 1719,2475 1779,2472 1838,2470 1898,2466 1958,2466 2018,2464 2077,2463 2137,2462 2197,2462 2257,2463"/>
                <TextEquiv>
                    <Unicode>fizieli mit Innen verlobt hat.</Unicode>
                </TextEquiv>
            </TextLine>
            <TextLine id="tr_1_tl_17" custom="readingOrder {index:16;}">
                <Coords points="1062,2684 1416,2674 1658,2612 2007,2643 2190,2586 2323,2627 2411,2584 2603,2622 2971,2596 2974,2506 2798,2475 2643,2529 2420,2491 1468,2560 1066,2539"/>
                <Baseline points="1077,2609 1176,2615 1276,2618 1376,2614 1476,2610 1576,2609 1676,2603 1776,2600 1876,2597 1976,2595 2076,2591 2176,2588 2276,2581 2376,2581 2476,2579 2576,2579 2676,2576 2776,2576 2876,2571 2976,2570"/>
                <TextEquiv>
                    <Unicode>Eytoinette: Sie hatte für den Herbst ein Engage-</Unicode>
                </TextEquiv>
            </TextLine>
            <TextLine id="tr_1_tl_18" custom="readingOrder {index:17;}">
                <Coords points="1050,2793 1838,2807 2004,2726 2282,2724 2472,2802 2491,2653 2090,2670 1971,2627 1793,2686 1233,2650 1052,2684"/>
                <Baseline points="1065,2749 1136,2750 1208,2748 1279,2743 1351,2742 1422,2737 1494,2737 1565,2736 1637,2732 1708,2731 1780,2731 1851,2728 1923,2728 1994,2726 2066,2719 2137,2719 2209,2714 2280,2713 2352,2715 2423,2714 2495,2713"/>
                <TextEquiv>
                    <Unicode>ment xer nach Hanburg in Fussicht.</Unicode>
                </TextEquiv>
            </TextLine>
            <TextLine id="tr_1_tl_19" custom="readingOrder {index:18;}">
                <Coords points="1052,2945 1408,2957 1606,2869 2121,2928 2202,2878 2301,2890 2304,2805 1641,2779 1285,2829 1057,2788"/>
                <Baseline points="1068,2857 1133,2871 1198,2878 1263,2878 1328,2875 1394,2871 1459,2866 1524,2866 1589,2866 1654,2863 1720,2863 1785,2862 1850,2860 1915,2857 1980,2855 2046,2851 2111,2854 2176,2851 2241,2848 2307,2845"/>
                <TextEquiv>
                    <Unicode>Richerd: Es war die Rede davon.</Unicode>
                </TextEquiv>
            </TextLine>
            <TextLine id="tr_1_tl_20" custom="readingOrder {index:19;}">
                <Coords points="1054,3059 1513,3073 1879,2990 2650,3000 2653,2900 1974,2931 1686,2886 1527,2962 1465,2926 1057,2952"/>
                <Baseline points="1071,3015 1150,3011 1229,3006 1308,3006 1388,3001 1467,3000 1546,3000 1626,2997 1705,2995 1784,2994 1864,2991 1943,2988 2022,2986 2101,2984 2181,2982 2260,2982 2339,2979 2419,2976 2498,2975 2577,2972 2657,2976"/>
                <TextEquiv>
                    <Unicode>antoinette: Aber sie ist hier geblieben.</Unicode>
                </TextEquiv>
            </TextLine>
            <TextLine id="tr_1_tl_21" custom="readingOrder {index:20;}">
                <Coords points="1064,3206 1496,3199 1577,3133 1738,3178 2062,3118 2323,3168 2636,3106 2916,3140 2921,2995 2679,3023 2506,2978 2370,3026 1881,2990 1513,3073 1069,3071"/>
                <Baseline points="1080,3137 1172,3134 1264,3134 1356,3131 1449,3128 1541,3125 1633,3122 1725,3121 1818,3119 1910,3116 2002,3113 2094,3114 2187,3110 2279,3109 2371,3105 2463,3105 2556,3102 2648,3102 2740,3099 2832,3096 2925,3096"/>
                <TextEquiv>
                    <Unicode>Richerd: Vemmutlich hat sich die Sache mit Ran-</Unicode>
                </TextEquiv>
            </TextLine>
            <TextLine id="tr_1_tl_22" custom="readingOrder {index:21;}">
                <Coords points="1076,3306 1287,3334 1413,3299 1544,3342 1720,3311 1848,3370 2080,3275 2214,3294 2351,3247 2750,3287 2788,3270 2791,3154 1943,3194 1798,3152 1252,3228 1078,3206"/>
                <Baseline points="1089,3269 1174,3272 1259,3268 1344,3266 1430,3264 1515,3263 1600,3262 1685,3260 1771,3257 1856,3254 1941,3251 2026,3251 2112,3249 2197,3248 2282,3245 2367,3244 2453,3240 2538,3241 2623,3239 2708,3239 2794,3239"/>
                <TextEquiv>
                    <Unicode>burg verschlegen. Ich meise nichte Mäheres.</Unicode>
                </TextEquiv>
            </TextLine>
            <TextEquiv>
                <Unicode></Unicode>
            </TextEquiv>
        </TextRegion>
    </Page>
</PcGts>
