2840 3400
2354 293 2516 452 220
671 415 2461 607 (Sie schaltet ein und zieht die Vorhänge beim
661 554 2658 743 Fenster zu) Mais prenez dontplacemes demoiselles.
676 696 840 838 (ab1
654 820 1313 975 Helene, Mathilde.
654 952 2506 1129 Mathilde: (hat sich im Zimmer mit einiger Scheu
661 1106 1912 1246 ungesehen, immer an gleicheh ort)
664 1223 1198 1372 (Kurze Pausel.
639 1323 2608 1529 Mathilde: Aleo, daxxatzdaxxkhter ist er glück-
639 1479 1303 1651 lich gewesen -.
634 1621 1765 1788 Helene: Nicht nur glücklich.
634 1740 2548 1927 Mathilde: (einfach) Was soll ich hier? Warum hast
627 1885 1758 2041 du mich hier heraufgebracht?
619 2004 2548 2210 Helene: Du HaxHxxrhoEEEkanden weiget es
612 2258 2451 2459 Mathilde: Ich glaube an seinen Mahneinn nicht.
607 2409 2315 2578 Delene: Das Wort habe ich nicht gebraucht,
607 2524 2449 2708 Mathilde: Du hast mir ja selbst gesagt, dass er
604 2653 2524 2852 seine lzistenz weiterführt, wie gewöhnlich - das
597 2804 2519 2966 er auf die Klinik geht und Ins Laboratorium, dass
597 2887 2476 3120 er mitskuch bei Fische sitzt und auch bespräche
