3160 3640
1048 635 2422 850 missen Sie wenigstens, wie das Stüch
1050 834 1372 956 ausgeht.
1066 891 2549 1075 (Entsprechende Genegung auf der dühne!
1055 1071 2618 1213 Baron: (zu Esplein) Ich bin fassungelost
1057 1209 2906 1386 Gregor: (zu Dregulein) Ich werde tol11 Ich ver-
1061 1356 1619 1487 steh es nicht.
1059 1451 1902 1653 Sregulein: Unfasebar!
1073 1586 2876 1766 Gregor: (zu Dregulein! Noch unfassbarer als du
1068 1727 2411 1906 ahnet. Heute nach dem theater ...
1066 1863 1692 2056 Dregulein: Marz
1098 1980 2876 2192 uregor: Vorddem dritten Akt noch hatte sie es
1071 2107 2362 2282 mir versprochen, denn geschworen.
1082 2247 2910 2450 Dregulein: Du wirst sie wohl doch missversten-
1087 2427 1508 2551 den haben?
1094 2482 2860 2722 Gregor: Nein. Vollkonnten unmöglich. Sie wollte
1091 2634 2818 2811 mit mir alle in sein. Ailes war vorbereitet.
1094 2791 2848 2973 Kommissär:lkonnt, gleich zu Dr. Fraun) Ein Dn.
1098 2938 1331 3078 fal1?
1087 3028 2503 3242 Dr. Fraun: Rinetnas schnerer Anfall.
2544 3097 3005 3237 Selttword.
