3304 3592
1181 562 2916 780 ren können? Ich hab 's ja gemusst.. Die gan
1174 747 2916 909 ze Zeit über hab ich ’'& ja gewusst, dass das
1169 862 2870 1047 Stück nicht fertig ist. Aber immer wieder
1181 1012 3062 1216 Schwindelt man zich sälber etwas vor und hoftt.
1181 1145 2848 1342 dase die Andern auch auf den Schwindel hi-
1181 1305 2881 1499 neinfallen werden. Und was man davon schon
1181 1455 2115 1619 hätte? Nichte - nichts.
1178 1586 1745 1764 Franzi:konnt
1169 1708 2795 1904 Karl Bern: Was ist denn geschehen? Nieso
1190 1858 2722 2012 sind ie denn schon wieder da? Hatzman
1225 1975 2879 2164 rögulein: Ee war jetzt nur der kurze Auf-
1183 2132 1434 2272 tritt.
1174 2230 2111 2427 Karl Dern: Ja richtig.
1204 2373 2996 2570 pregulein: Sie sind der konischeste Autor, der
1169 2535 2588 2682 mir je vorgekommen ist. Konnen Sie!
1181 2645 2994 2816 Franzi:(zu Dregulein) Ich möchte ein Wort mit
1174 2799 2064 2945 Ihnen reden, Bregulein.
1169 2928 1815 3092 Karl Vern:lgehtl
1223 3062 1890 3230 Tregulein, Pranzi.
