3320 3624
2551 426 2685 547 287
880 570 2580 765 Helene: Er hat über Kopfschmerzen geklagt.
878 725 2170 917 Mathilde: (plötzlich) Sie ist es.
885 880 1387 1001 Helene: Wer?
888 941 2764 1161 Mathilde: Die da unten. Die Fanny. Ich fühl es.
893 1117 2751 1295 Ich weiss es, Du weisst es ja auch, xher Warum
891 1264 1960 1429 hast du mir nichts gesagt?
896 1353 2748 1563 Helene: Ich schwör dir, dass ich nichts gewusst
896 1506 2341 1679 habe. Aber vielleicht hast du Recht.
899 1603 2796 1800 Mathilde: Warum glaubst du, dass ich Recht habe?
899 1737 2867 1947 Helene: Er kennt sie.Es ist die frühere Geliebte
906 1866 2809 2084 von Doktor Gerold. Er war öfters mit ihnen bei-
901 2086 2352 2207 sammen. Du kannst schon Recht haben.
914 2149 2472 2349 Mathilde: Und er fliebt sie noch immer.
914 2323 1532 2478 Helene: Uneinnl
912 2451 1739 2628 Mathilde: Wo ist erz
904 2504 2922 2746 Helene: Auf der Bühne gewiss nicht. Sei kein Kind!
917 2651 3024 2861 Mathilde: No inner er ist - ich wollte, er käne nicht
922 2851 2055 3006 zurükk. Wozu denn das ganze?
920 2930 2974 3124 Relene: Komn doch zu dir! Du vergiest, dass Ihr ver-
920 3119 1330 3316 lobt soia.
