<?xml version="1.0" encoding="UTF-8" standalone="yes"?>
<PcGts xmlns="http://schema.primaresearch.org/PAGE/gts/pagecontent/2013-07-15" xmlns:xsi="http://www.w3.org/2001/XMLSchema-instance" xsi:schemaLocation="http://schema.primaresearch.org/PAGE/gts/pagecontent/2013-07-15 http://schema.primaresearch.org/PAGE/gts/pagecontent/2013-07-15/pagecontent.xsd">
    <Metadata>
        <Creator>prov=READ-COOP:name=PyLaia@TranskribusPlatform:version=2.7.0:model_id=50870:lm=none:date=22_01_2024_18:09</Creator>
        <Created>2023-09-27T14:33:25.159+02:00</Created>
        <LastChange>2024-01-22T18:09:38.151+01:00</LastChange>
        <TranskribusMetadata docId="1589031" pageId="60122758" pageNr="101" tsid="145631354" status="IN_PROGRESS" userId="40391" imgUrl="https://files.transkribus.eu/Get?id=BSHPOLZRKEUQINVFADNFYHOB&amp;fileType=view" xmlUrl="https://files.transkribus.eu/Get?id=DGSAKZNUYLPZBULUHADYIZES" imageId="48547836"/>
    </Metadata>
    <Page imageFilename="1589031_0101.jpg" imageWidth="3304" imageHeight="3512">
        <ReadingOrder>
            <OrderedGroup id="ro_1711794225451" caption="Regions reading order">
                <RegionRefIndexed index="0" regionRef="tr_1"/>
            </OrderedGroup>
        </ReadingOrder>
        <TextRegion orientation="0.0" id="tr_1" custom="readingOrder {index:0;}">
            <Coords points="1140,584 1140,3083 3102,3083 3102,584"/>
            <TextLine id="tr_1_tl_1" custom="readingOrder {index:0;}">
                <Coords points="1182,678 2896,652 2896,576 2677,593 2580,528 2448,540 2346,491 1850,562 1430,511 1182,547"/>
                <Baseline points="1194,657 1279,642 1364,642 1450,642 1535,644 1621,641 1706,644 1791,643 1877,645 1962,642 2048,645 2133,645 2218,648 2304,648 2389,645 2475,648 2560,652 2645,648 2731,647 2816,645 2902,645"/>
                <TextEquiv>
                    <Unicode>Flsbleinsiet aufgestanden, spricht jetzt mit</Unicode>
                </TextEquiv>
            </TextLine>
            <TextLine id="tr_1_tl_2" custom="readingOrder {index:1;}">
                <Coords points="1174,785 2263,785 2492,849 2932,863 2930,717 2538,695 2120,746 1524,671 1459,717 1318,690 1174,727"/>
                <Baseline points="1188,773 1275,770 1362,770 1450,776 1537,776 1624,776 1712,776 1799,781 1886,776 1974,778 2061,777 2148,781 2236,779 2323,782 2410,781 2498,779 2585,780 2672,782 2760,782 2847,782 2935,794"/>
                <TextEquiv>
                    <Unicode>dem Requisiteur, der ihm einige Bilder zeigtl</Unicode>
                </TextEquiv>
            </TextLine>
            <TextLine id="tr_1_tl_3" custom="readingOrder {index:2;}">
                <Coords points="1203,941 3097,929 3097,878 3020,839 2115,866 2020,819 1203,824"/>
                <Baseline points="1218,904 1312,901 1406,902 1500,902 1594,904 1689,904 1783,907 1877,907 1971,907 2065,910 2160,913 2254,910 2348,910 2442,907 2536,908 2631,910 2725,910 2819,912 2913,913 3007,913 3102,916"/>
                <TextEquiv>
                    <Unicode>ie können doch nicht in jedes Stück die, Toten-</Unicode>
                </TextEquiv>
            </TextLine>
            <TextLine id="tr_1_tl_4" custom="readingOrder {index:3;}">
                <Coords points="1165,1077 1909,1043 2028,1075 2227,1048 2319,1089 2475,1050 2587,1099 2942,1050 2920,975 2548,1009 2397,919 1165,965"/>
                <Baseline points="1179,1036 1267,1033 1355,1036 1444,1033 1532,1036 1621,1036 1709,1038 1797,1041 1886,1041 1974,1042 2063,1040 2151,1039 2239,1040 2328,1042 2416,1042 2505,1044 2593,1050 2681,1048 2770,1048 2858,1048 2947,1048"/>
                <TextEquiv>
                    <Unicode>inselhineinhängen. Nehmen Sie das Spiel der</Unicode>
                </TextEquiv>
            </TextLine>
            <TextLine id="tr_1_tl_5" custom="readingOrder {index:4;}">
                <Coords points="1150,1179 1165,1182 1177,1167 1220,1172 1259,1211 1337,1172 1420,1199 1417,1087 1383,1077 1352,1092 1327,1072 1269,1062 1220,1084 1148,1079"/>
                <Baseline points="1164,1161 1190,1161 1216,1161 1242,1163 1269,1164 1295,1164 1321,1164 1348,1164 1374,1164 1400,1165 1427,1167"/>
                <TextEquiv>
                    <Unicode>Mogen.</Unicode>
                </TextEquiv>
            </TextLine>
            <TextLine id="tr_1_tl_6" custom="readingOrder {index:5;}">
                <Coords points="1160,1318 1313,1330 1349,1310 1398,1332 1498,1306 1651,1332 1707,1315 1707,1201 1651,1203 1597,1169 1507,1162 1434,1208 1379,1184 1332,1218 1242,1203 1160,1238"/>
                <Baseline points="1173,1293 1200,1291 1227,1290 1254,1290 1281,1290 1308,1290 1335,1290 1362,1291 1389,1292 1416,1293 1443,1293 1470,1295 1497,1295 1524,1294 1551,1293 1578,1293 1605,1295 1632,1296 1659,1296 1686,1299 1714,1302"/>
                <TextEquiv>
                    <Unicode>AegataHtaEXX</Unicode>
                </TextEquiv>
            </TextLine>
            <TextLine id="tr_1_tl_7" custom="readingOrder {index:6;}">
                <Coords points="1162,1471 2925,1468 2925,1301 2730,1281 2509,1340 2142,1330 1926,1276 1819,1335 1162,1340"/>
                <Baseline points="1176,1415 1263,1421 1351,1421 1439,1421 1527,1426 1615,1432 1702,1433 1790,1433 1878,1429 1966,1426 2054,1426 2141,1432 2229,1430 2317,1430 2405,1434 2493,1433 2580,1433 2668,1433 2756,1436 2844,1436 2932,1436"/>
                <TextEquiv>
                    <Unicode>Kerl Bern:lzu Dygelmang) das ist entschieden</Unicode>
                </TextEquiv>
            </TextLine>
            <TextLine id="tr_1_tl_8" custom="readingOrder {index:7;}">
                <Coords points="1162,1563 1301,1573 1327,1600 1432,1566 1471,1580 1493,1563 1517,1583 1602,1568 1600,1466 1537,1459 1503,1483 1459,1468 1388,1488 1366,1473 1298,1485 1257,1464 1194,1507 1162,1500"/>
                <Baseline points="1176,1555 1201,1553 1226,1552 1252,1552 1277,1553 1303,1554 1328,1555 1354,1555 1379,1557 1405,1558 1430,1556 1456,1556 1481,1560 1507,1560 1532,1558 1558,1558 1583,1558 1609,1561"/>
                <TextEquiv>
                    <Unicode>eine Länge.</Unicode>
                </TextEquiv>
            </TextLine>
            <TextLine id="tr_1_tl_9" custom="readingOrder {index:8;}">
                <Coords points="1155,1714 1306,1748 1719,1690 3039,1726 3039,1580 2808,1556 2543,1595 2186,1563 2037,1609 1943,1575 1155,1600"/>
                <Baseline points="1167,1684 1265,1684 1364,1684 1463,1684 1562,1689 1661,1687 1760,1689 1859,1690 1958,1693 2057,1693 2155,1690 2254,1690 2353,1694 2452,1694 2551,1690 2650,1696 2749,1694 2848,1698 2947,1699 3046,1696"/>
                <TextEquiv>
                    <Unicode>Dogelmann: (in der Kolle lesend) "fndlich müssen</Unicode>
                </TextEquiv>
            </TextLine>
            <TextLine id="tr_1_tl_10" custom="readingOrder {index:9;}">
                <Coords points="1148,1845 3041,1840 3024,1770 2733,1785 2584,1733 2504,1770 2147,1736 2008,1780 1495,1768 1393,1724 1148,1755"/>
                <Baseline points="1161,1815 1255,1815 1349,1815 1443,1815 1538,1818 1632,1818 1726,1818 1820,1821 1915,1821 2009,1821 2103,1821 2197,1821 2292,1822 2386,1822 2480,1824 2574,1827 2669,1827 2763,1828 2857,1830 2951,1830 3046,1836"/>
                <TextEquiv>
                    <Unicode>wir xxx wieder in unseren Kreie zurück. Unsere</Unicode>
                </TextEquiv>
            </TextLine>
            <TextLine id="tr_1_tl_11" custom="readingOrder {index:10;}">
                <Coords points="1143,1984 2395,1957 3066,1998 3066,1906 2840,1877 2339,1916 2225,1848 2062,1836 1627,1899 1515,1843 1143,1877"/>
                <Baseline points="1155,1947 1250,1944 1346,1947 1442,1948 1538,1950 1634,1950 1730,1952 1826,1950 1922,1953 2018,1953 2114,1953 2209,1953 2305,1957 2401,1958 2497,1959 2593,1959 2689,1962 2785,1963 2881,1965 2977,1965 3073,1968"/>
                <TextEquiv>
                    <Unicode>kleinen Erlebnisse führen uns alle tiefer hinab!</Unicode>
                </TextEquiv>
            </TextLine>
            <TextLine id="tr_1_tl_12" custom="readingOrder {index:11;}">
                <Coords points="1150,2086 1206,2079 1220,2091 1245,2076 1274,2096 1315,2084 1405,2101 1427,2086 1447,2101 1524,2101 1524,1998 1481,1981 1323,1979 1284,1998 1235,1991 1196,2013 1150,2011"/>
                <Baseline points="1164,2081 1190,2078 1216,2075 1242,2075 1268,2075 1294,2075 1320,2075 1346,2075 1372,2075 1398,2075 1424,2077 1450,2078 1476,2078 1502,2078 1529,2078"/>
                <TextEquiv>
                    <Unicode>Ablaxexx</Unicode>
                </TextEquiv>
            </TextLine>
            <TextLine id="tr_1_tl_13" custom="readingOrder {index:12;}">
                <Coords points="1152,2193 3059,2188 3056,2067 2898,2110 2677,2069 2356,2096 2310,2062 2122,2108 2023,2052 1804,2093 1150,2079"/>
                <Baseline points="1164,2141 1259,2141 1354,2144 1449,2145 1544,2145 1639,2147 1734,2149 1829,2153 1924,2153 2019,2153 2114,2156 2209,2155 2304,2156 2399,2156 2494,2156 2589,2162 2684,2162 2779,2165 2874,2165 2969,2164 3064,2159"/>
                <TextEquiv>
                    <Unicode>Rqutsiteur: (zu Lgblein) Das haben wir erst neu-</Unicode>
                </TextEquiv>
            </TextLine>
            <TextLine id="tr_1_tl_14" custom="readingOrder {index:13;}">
                <Coords points="1140,2332 1376,2336 1454,2288 1692,2290 1770,2332 2035,2290 2283,2327 2543,2302 2541,2205 2497,2193 2370,2225 1853,2188 1775,2225 1507,2186 1138,2210"/>
                <Baseline points="1152,2278 1221,2275 1291,2276 1361,2281 1431,2277 1501,2275 1571,2278 1641,2278 1711,2281 1781,2284 1851,2282 1920,2281 1990,2283 2060,2284 2130,2284 2200,2284 2270,2287 2340,2287 2410,2287 2480,2291 2550,2296"/>
                <TextEquiv>
                    <Unicode>lich gehabt im "Freund der Frauen“.</Unicode>
                </TextEquiv>
            </TextLine>
            <TextLine id="tr_1_tl_15" custom="readingOrder {index:14;}">
                <Coords points="1138,2451 1490,2448 1578,2490 2475,2434 2886,2492 2947,2470 2944,2281 2738,2305 2628,2266 2441,2336 2166,2298 1135,2334"/>
                <Baseline points="1152,2404 1242,2404 1332,2407 1422,2410 1512,2410 1602,2410 1692,2410 1782,2413 1872,2413 1962,2415 2052,2416 2142,2418 2232,2421 2322,2418 2412,2418 2502,2421 2592,2421 2682,2424 2772,2424 2862,2421 2953,2421"/>
                <TextEquiv>
                    <Unicode>Lobletn: So nehnen Sie die holländincke Lend-</Unicode>
                </TextEquiv>
            </TextLine>
            <TextLine id="tr_1_tl_16" custom="readingOrder {index:15;}">
                <Coords points="1131,2560 1184,2553 1206,2572 1240,2558 1272,2575 1310,2560 1391,2592 1420,2587 1420,2470 1344,2468 1318,2453 1201,2475 1155,2451 1131,2453"/>
                <Baseline points="1143,2541 1168,2539 1194,2538 1219,2538 1245,2538 1270,2538 1296,2538 1321,2538 1347,2538 1372,2538 1398,2540 1424,2541"/>
                <TextEquiv>
                    <Unicode>schaft.</Unicode>
                </TextEquiv>
            </TextLine>
            <TextLine id="tr_1_tl_17" custom="readingOrder {index:16;}">
                <Coords points="1133,2684 1921,2730 2088,2682 2592,2708 2570,2582 2516,2633 2171,2633 1901,2587 1133,2580"/>
                <Baseline points="1146,2660 1218,2663 1290,2667 1363,2669 1435,2669 1508,2669 1580,2667 1653,2669 1725,2669 1798,2674 1870,2675 1942,2675 2015,2677 2087,2678 2160,2680 2232,2678 2305,2681 2377,2681 2450,2681 2522,2683 2595,2687"/>
                <TextEquiv>
                    <Unicode>Karl Bern: Kommt es Ihnen darauf an?</Unicode>
                </TextEquiv>
            </TextLine>
            <TextLine id="tr_1_tl_18" custom="readingOrder {index:17;}">
                <Coords points="1126,2842 1753,2864 2271,2815 2351,2862 3080,2813 3056,2670 2939,2725 2725,2738 2332,2689 1563,2742 1126,2708"/>
                <Baseline points="1140,2780 1237,2786 1334,2779 1431,2777 1528,2780 1626,2780 1723,2780 1820,2778 1917,2782 2014,2781 2112,2779 2209,2780 2306,2780 2403,2782 2500,2777 2598,2778 2695,2781 2792,2777 2889,2780 2986,2781 3084,2786"/>
                <TextEquiv>
                    <Unicode>Begelmann: Ich find gerade diese Stelie inmment.</Unicode>
                </TextEquiv>
            </TextLine>
            <TextLine id="tr_1_tl_19" custom="readingOrder {index:18;}">
                <Coords points="1131,2910 1943,2915 2040,2976 2271,3003 3061,2930 3034,2837 1223,2866 1131,2835"/>
                <Baseline points="1143,2908 1239,2914 1335,2911 1431,2912 1527,2912 1624,2911 1720,2911 1816,2914 1912,2911 2008,2911 2105,2912 2201,2914 2297,2914 2393,2914 2489,2914 2586,2914 2682,2920 2778,2917 2874,2916 2970,2919 3067,2923"/>
                <TextEquiv>
                    <Unicode>Lsblein: Gehen wir weiter, meine Herren, gehen wir</Unicode>
                </TextEquiv>
            </TextLine>
            <TextLine id="tr_1_tl_20" custom="readingOrder {index:19;}">
                <Coords points="1128,3151 1191,3134 1247,3151 1286,3131 1325,3146 1359,3119 1420,3117 1415,2988 1393,2993 1366,2976 1340,2993 1284,2978 1264,2993 1225,2969 1182,2995 1123,2978"/>
                <Baseline points="1140,3040 1165,3040 1191,3040 1217,3042 1243,3042 1269,3040 1294,3040 1320,3040 1346,3042 1372,3044 1398,3048 1424,3055"/>
                <TextEquiv>
                    <Unicode>weiter.</Unicode>
                </TextEquiv>
            </TextLine>
            <TextEquiv>
                <Unicode></Unicode>
            </TextEquiv>
        </TextRegion>
    </Page>
</PcGts>
