2808 3416
2166 318 2313 448 224
595 461 2394 669 Mathtide: (unterbrechend) so sehr geliebt, dass
598 644 1563 791 er für sie sterben will.
598 730 2347 911 Helene: Ich glaube eher für dich. Dir gegen-
586 887 2435 1044 über fühlt er sich schuldiger als dieser Poten
595 1083 1012 1186 gegenüber.
578 1110 2024 1306 Mathilde: Ich höre Herrn Karl dern.
586 1286 2352 1431 Helene: Mich hörst du, Mathilde. Es ist ja so
598 1421 2379 1595 einkach. Wenn du es nicht verstehenhillst, ist
586 1546 2350 1722 es ja wieder nichts als beleidigte Liebe. Es
583 1686 2504 1860 gibt kein Wesen auf der Weit, das ihn zu Vernunft
590 1818 2450 1985 bringen, das ihn zu einem ordentlichen Menschen
578 1958 2384 2132 machen kann als du. Und es gibt keinen,dem du
581 2085 2550 2259 jemals in deinem Leben so völlig gehören kannet
568 2230 1269 2367 könntest als ihm.
571 2340 2014 2519 Mathilde: Das wird sich noch zeigen.
573 2482 2269 2653 Helene: Dazu ist dann immer noch Zeit. Ich
564 2609 2460 2773 spreche nur von der Gegennart, von dieser Stunde
564 2722 2418 2918 spreche ich, Mathilde. Wir wollen nichts zu be-
559 2862 2457 3065 reuen haben, Mathilde. Für diese Stunde habe ich
