3144 3528
986 462 2772 628 Beron: Stett Morgen ist Donntegl Glauben Sie
972 574 2656 768 nicht, dass die Roveda ies mit einer machen
970 733 2656 899 könnte? Es war doch schon ganz studiert...
975 856 2741 1034 Löblein: Ich würde trotzdem nicht raten. Das
986 963 2359 1164 Fublikum könnte es übel auffassen.
989 1114 2817 1295 Baron: Ein Sonntag! Marum. denn? Wir haben doch
984 1254 2753 1418 gegenüber einer Enfängerin, die sich auf offe
967 1382 2694 1544 ner Ezene vergiftet, keine Lietät zu wahren.
979 1508 2698 1679 Hat sie auf uns Lückeicht genommen? Auf das
996 1655 2739 1814 Theater, dem sie als Mitglied angehörte? (sie
984 1778 1994 1940 gehen weiter gegen linke!
977 1909 2378 2072 Richard: lmit Bern aus dem Theaterl
1001 2008 2864 2217 Karl Bern: Niemand ist schuld.Sie ntcht und ich
984 2203 2276 2369 niekt. Se mueste wohl so kommen.
986 2298 1714 2468 Aichard: Musste...
977 2423 2883 2623 Karl Bern: Hier ist Ihre Schwester und Fräulein
972 2570 1344 2715 Mathilde.
989 2623 2829 2876 licherd:lrögerndl Ich möchte eigentlich lieber
989 2824 1593 2964 allein bleiben.
986 2888 2732 3121 Cerl dern: Ee mürde Ihrer Schwester nch tun.
