3192 3640
2399 416 2558 580 273
941 615 1180 759 sein?
1185 652 2043 819 Ater, mecort dide
961 732 2800 916 Gregor/: In manchem Moment könnte ich mir alles
956 859 2842 1030 mögliche einbilden. Aber im nächeten spürt man
956 983 2800 1142 doch gleich wieder, dass sie einen ja gar nicht
968 1135 2740 1279 gemeint hat - sondern diesen Fatzke,den man
963 1314 1466 1426 grad spielt.
958 1369 2959 1570 Dregulein: Kommt'e dir darauf an? Seit wann nimmst
956 1573 1628 1670 du das so genau?
973 1633 2964 1867 Greger: Ich glaube, es ist diesmal doch mas anderes
976 1802 1672 1996 Dregulein:(Zacht)
976 1874 2797 2135 Inepizient: (zu Gregor) Sie kommen gleich dran,
961 2103 1476 2210 HerroGregor.
1690 2163 1874 2290 Garz
973 2145 2865 2374 Gregor: E ist weg anderes. ler geht auf die en-
1486 2307 1623 2399 ZuI
976 2327 2738 2521 dere Seite durch die Füre links, durch die er
988 2469 2539 2586 später auf die Fühne hinaustreten wird)
973 2573 2780 2782 Schauspielerin: (die das Stubenmädchen spielt,
978 2733 2797 2852 kommt mit einem keren Tablett durch die rück-
983 2830 2792 3014 närtigedes frospekts und geht vorläufig nach
981 2986 1456 3121 rechts abl.
