3336 3496
2411 266 2560 411 228
1424 387 1998 558 Sechstes Bild.
1141 527 2716 721 Z.Bild: Vater, Richerd, Relene bei Risch.
1148 691 2913 847 Richard: Ich ordiniere heute in Gerolds Woh-
1153 814 2000 966 nung, es ist drei Uhr.
1169 934 3046 1132 Vater: (erhebt sich und will sich auf eine halbe
1141 1092 2154 1256 Stunde ktagat hinlegen.1
1146 1214 1988 1375 2. Hichard, und Helene.
1139 1319 2793 1515 Helene: Marum so unglücklich? Ich möchte,
1155 1484 1981 1622 dass es dir gut geht.
1137 1606 2243 1748 3. Richard, Helene, Mathilde.
1141 1748 2226 1900 Richard: Gute Vorbedeutung.
1151 1876 1477 2042 Belefon.
1141 1939 2913 2154 Richard: Menn jemand nach mir fragen sollte.
1148 2147 2226 2289 ich bin nicht mehr zuhause.
1141 2252 1993 2390 Helene: (befremdet abl
1134 2378 2873 2546 Mathilde: Du solltest dich nicht verleuenen
1148 2544 2924 2665 lassen. Ee gibt keine Angelegenheit, die sich
1146 2621 2777 2772 nicht besser mit Aufrichtigkeit erledigen
1139 2789 1442 2915 liesse.
1141 2899 2812 3057 Hichard: Wenn das Leben so einfach wäre...
1127 3041 2147 3221 Mathilde: Ee ist einfach.
