3272 3592
858 657 2861 848 Eogelmann: Nieso 31? Sobald ich mich undrch, machen
858 808 1481 946 Sie eine Serie.
879 890 2349 1070 Fregulein: Drehen Sie sich nicht um.
885 1020 2670 1189 John:(von der Tafel lesend) 14,31. Ee stimmt.
1319 1155 1753 1261 nit rbureg
858 1176 2506 1338 Dögelmann:/ Ihr stecht unter einer Decke.
858 1293 2956 1436 Gregor: (Schauppieler, gegen 40, sehr gut aussehend, ele-
856 1417 2071 1587 gant, Pelz u. s. n.1 Guten Abend.
856 1587 2908 1756 Dögelmann: (hat eben wieder einen Stose verfehlt, zu
1128 1671 1380 1783 Schon
866 1722 1830 1854 Gregor) (aus die Komödie?
858 1820 2940 2002 Gregor: Schon -17 Ailmählich hat man doch eine Vier-
850 1952 2855 2140 telstunde heruntergespielt bei der 78. Vorstellung.
869 2090 2972 2299 (riocolo ist ihm beim Rockablegen behilflichwwir ist.
848 2257 2977 2416 als wenn ich mein Leben lang überhaupt nichte anderes
850 2349 2932 2514 gespielt hatte als diesen Freund der Frauen. Bei der
842 2479 2961 2665 Premiére war ich ein Jüngling(mit lockigen Haar,heute
845 2620 1579 2779 bin ich ein Greie.
853 2688 2964 2959 John: 1biseig Vnenn ur nelns Freu nur nicht dertis.
1653 2869 2000 2980 mithill
842 2892 2071 3062 Dregulein: (schutteit den Kofel
832 3022 2951 3224 Dögelmann: Na, bei den neuen Stück hat'e keine Gefahr.
