3256 3480
1103 416 2760 665 Gesicht machen, Richerd. lncher zu ihnl Mir
1100 606 2822 773 möchten dich ja so gerne glücklicher sehen.
1115 736 3022 927 Richard: Ich bin nicht im entferntesten unglück-
1103 880 1330 1017 lich.
1088 1024 1980 1154 Helene: Umso besser.
1083 1132 2883 1313 Richard: Nicht bös sein,Helene. Es wird alles
1090 1257 2914 1467 gut werden. Man hat's nicht immer ganz leicht.
1083 1408 2663 1582 ler hüest Helene zärtich auf die Stim)
1093 1543 1807 1707 (klingel draussen)
1066 1670 2355 1804 Heiene: Das wird Mathilde sein.
1064 1797 2411 1927 Richard: Ja, ich muss leider gehen.
1066 1919 2355 2088 wathilde tritt ein. Begrüesung.
1059 2061 2650 2215 Richard: Warum bist du nichtl früher geko
1044 2213 2447 2357 Ketkttuartahmaxxteder Methilder
1037 2308 2690 2499 Mathilde: Ich weiss, du hast jetzt Ordine
1039 2460 1333 2579 stunde.
1024 2555 2990 2768 Righerd: Heute leider nicht zuhause. Zukmerkratz
1027 2694 2863 2856 Helene: Er vertritt nämlich ludnig, so lange er
1012 2814 2628 2998 aufrex der Hochzeitsreise lst.
1015 2973 2220 3137 Richera: Auf Wiedersehen also.
