3304 3528
2670 366 2834 517 248
1056 470 2841 729 Rickard: Ach Gotr, Mathilde, menn das Leben so
1066 722 1685 838 einfach wäre ...
1068 774 2894 985 Methilde; Es ist einfach,ganz einfach,Richard.
1068 938 2393 1111 Man muss nur wissen, was man will.
1078 1052 2984 1249 Hichard: Glaubst duz (nerrös) Was telefoniert g.
1080 1211 2096 1389 sie denn da drin so lang?
1080 1287 2953 1526 Mathilde: Das Vernünftigste wäre wohl, du gingst
1094 1469 2903 1643 selber ans Telefon,statt nervös im Zimmer;hin
1104 1624 1825 1804 und her zu rennen.
1106 1709 2962 1932 Eichard: Mer sagt dir denn, dass ich nerwös bin?
1106 1840 2787 2008 Mathilde: Man kenn dir ja alles an Gesicht
1118 2058 1450 2174 ablesen.
1113 2096 3022 2338 Nicherd: Klso, wenn du jetzt irgend etwas anderes
1128 2253 2953 2433 in meinem Gesicht lesen kannst, als die Freude.
1123 2388 2882 2576 wieder einmal mit dir zu plaudern, das Glück,
1130 2554 2219 2706 dass du überhaupt da bist-
1125 2637 2875 2856 Mathilde: Ich hab es gar nicht gern, Richerd,
1137 2832 1861 2948 wenn du so redest.
1139 2886 2580 3057 Richard: Marum denn nicht Mathilde?
