3304 3496
632 290 915 394 4,10. 30.
2625 326 2773 479 280
1026 446 2897 663 Inspizlent:lin gröseter Eilel Fraulein Prieset.
954 583 2936 806 mes jrt dennz Haben Sie denn das Zeichen nicht ge-
951 726 2754 938 hörtz Sie sollten Schon auf der Sihne stehen.
964 881 2190 1078 Pr. Mentzier: Fraulein Priesel!
964 992 2871 1218 Dregulein: (ergreift sie beim Arm 1 Geschmind, ge-
961 1192 1311 1340 schwind!
964 1290 1884 1459 Franzl: Ich will nicht.
979 1397 2957 1614 Inspizient: Er wird ja der Vorhang fallen müssent
979 1573 2130 1726 dregulein: Bedenken Sie doch!
974 1656 2993 1861 Inspizient: So was ist ja noch ninkt nie dagemesen.
979 1811 2941 1977 Löblein:(in höcheter Erregung) Um Himmelswillen-
979 1951 3045 2102 mas ist denn geschehen? Sind die krank? (zu den An-
972 2086 1796 2231 dern) Ist sie krenk?
985 2200 2936 2405 Inspizient: Wir müssen den Vorhang fallen lassen.
992 2350 1793 2521 (Unten Hlerierspiel)
992 2519 2042 2682 Löblein: Mas ist denn des?
990 2612 2490 2804 Inspizient: Die wollen den Akt retten.
985 2757 2910 2933 Löblein:(zu Franzi) Ee ist noch Zeit. Vielleicht
982 2874 2506 3047 heben es die Leute noch nicht bemerkt.
992 2977 3073 3231 Dregulein: Kranzi, Ihre Cerrière steht auf den Spiel.
