3304 3544
1252 548 2887 704 Dögelmann: (in der Rolle) "Ein halbes Jahr
1261 701 2332 857 lang war ich nicht bei dir“
1259 801 2970 996 Gregor: Man trifft dich überhaupt nirgende
1250 989 1463 1094 mehr.
1254 1068 3003 1275 Dögelmann: (in der Kolle,lesend) "Ja, seit ich
1236 1247 2926 1361 den grossen Entschluss gefesst habe - mich
1236 1342 3080 1563 zu verheiraten... Du solitest mir'e bald nach-
1231 1519 3036 1700 machen - in unseren Jahren ist man reif dazu.
1259 1628 2127 1735 (sie probieren weiter)
1236 1763 2915 1949 Baron: (xaxhaptetex ist indessen die Stufen
1238 1893 3063 2079 vom Farkett zur Bühne hinaufgekommen.) Ein Ein-
1212 2025 3042 2223 nenarbeiter rückt einen zweiten Sessel an der
1224 2137 1668 2299 Regletisch!
1217 2302 2857 2487 Karl Bern:(will ihn seinen Sitz anbieten)
1224 2455 3087 2622 Baron: Pitie, bleiben Sie nur.(Er bleibt stehen.
1205 2538 3054 2761 reicht Karl der die Mand; zu Löblein) Sie ist
1205 2687 1788 2810 noch nicht da?
1212 2826 3038 3017 Löblein: Ich habe zweimal telefonieren lassen.
1208 2954 2710 3080 Direktionsdiener: (kam eben zu Lsblein)
1212 3096 3080 3242 Baron:(zum Diener) Klingeln Sie bei Frau Roveda
