<?xml version="1.0" encoding="UTF-8" standalone="yes"?>
<PcGts xmlns="http://schema.primaresearch.org/PAGE/gts/pagecontent/2013-07-15" xmlns:xsi="http://www.w3.org/2001/XMLSchema-instance" xsi:schemaLocation="http://schema.primaresearch.org/PAGE/gts/pagecontent/2013-07-15 http://schema.primaresearch.org/PAGE/gts/pagecontent/2013-07-15/pagecontent.xsd">
    <Metadata>
        <Creator>prov=READ-COOP:name=PyLaia@TranskribusPlatform:version=2.7.0:model_id=50870:lm=none:date=22_01_2024_18:09</Creator>
        <Created>2023-09-27T14:33:18.152+02:00</Created>
        <LastChange>2024-01-22T18:09:28.775+01:00</LastChange>
        <TranskribusMetadata docId="1589031" pageId="60122489" pageNr="46" tsid="145631297" status="IN_PROGRESS" userId="40391" imgUrl="https://files.transkribus.eu/Get?id=KORONIZUOHWYIWEJZRTGBEXW&amp;fileType=view" xmlUrl="https://files.transkribus.eu/Get?id=DPSLRUIVFWXHMTDSWBRFPQRQ" imageId="48547567"/>
    </Metadata>
    <Page imageFilename="1589031_0046.jpg" imageWidth="3240" imageHeight="3656">
        <ReadingOrder>
            <OrderedGroup id="ro_1711794132028" caption="Regions reading order">
                <RegionRefIndexed index="0" regionRef="tr_1"/>
            </OrderedGroup>
        </ReadingOrder>
        <TextRegion orientation="0.0" id="tr_1" custom="readingOrder {index:0;}">
            <Coords points="961,710 961,3298 2909,3298 2909,710"/>
            <TextLine id="tr_1_tl_1" custom="readingOrder {index:0;}">
                <Coords points="1025,840 1453,789 1537,831 2478,817 2574,852 2654,838 2651,714 2143,728 1844,648 1647,707 1355,716 1020,660"/>
                <Baseline points="1035,764 1116,774 1197,775 1278,781 1359,780 1441,781 1522,784 1603,787 1684,788 1765,790 1847,793 1928,793 2009,796 2090,798 2171,800 2253,801 2334,799 2415,801 2496,808 2577,809 2659,793"/>
                <TextEquiv>
                    <Unicode>meil Herr doktor neulich mit den Möesel</Unicode>
                </TextEquiv>
            </TextLine>
            <TextLine id="tr_1_tl_2" custom="readingOrder {index:1;}">
                <Coords points="1023,948 1275,917 1381,964 1470,941 1668,983 1912,976 1907,859 1860,840 1729,828 1633,878 1385,824 1020,854"/>
                <Baseline points="1035,898 1078,907 1122,910 1166,910 1210,910 1254,907 1298,910 1342,913 1386,916 1430,916 1474,916 1517,918 1561,921 1605,922 1649,922 1693,924 1737,925 1781,927 1825,928 1869,930 1913,931"/>
                <TextEquiv>
                    <Unicode>recht zufrieden weren.</Unicode>
                </TextEquiv>
            </TextLine>
            <TextLine id="tr_1_tl_3" custom="readingOrder {index:2;}">
                <Coords points="1027,1090 1264,1109 1465,1058 2904,1121 2902,1016 2604,1044 2270,955 1540,990 1023,950"/>
                <Baseline points="1038,1029 1131,1041 1225,1047 1318,1048 1412,1050 1505,1053 1599,1055 1692,1058 1786,1061 1879,1062 1973,1068 2067,1065 2160,1071 2254,1071 2347,1075 2441,1077 2534,1080 2628,1082 2721,1084 2815,1086 2909,1086"/>
                <TextEquiv>
                    <Unicode>Richard:latwer ungeduldigt Aiso bleiben wir bei</Unicode>
                </TextEquiv>
            </TextLine>
            <TextLine id="tr_1_tl_4" custom="readingOrder {index:3;}">
                <Coords points="1016,1238 1271,1207 1390,1233 1439,1196 1874,1224 1900,1217 1898,1121 1526,1121 1481,1149 1324,1079 1261,1112 1011,1083"/>
                <Baseline points="1026,1172 1070,1178 1114,1178 1158,1175 1202,1178 1246,1178 1290,1183 1334,1184 1378,1187 1422,1190 1466,1190 1510,1188 1554,1189 1598,1190 1642,1192 1686,1193 1730,1195 1774,1196 1818,1196 1862,1196 1906,1195"/>
                <TextEquiv>
                    <Unicode>der rstibernen Glocker</Unicode>
                </TextEquiv>
            </TextLine>
            <TextLine id="tr_1_tl_5" custom="readingOrder {index:4;}">
                <Coords points="1027,1385 1680,1397 2076,1350 2186,1404 2663,1364 2644,1219 2204,1261 1778,1219 1470,1273 1023,1221"/>
                <Baseline points="1038,1298 1119,1307 1201,1312 1282,1314 1364,1316 1445,1316 1527,1319 1608,1322 1690,1322 1771,1328 1853,1329 1934,1331 2016,1331 2097,1334 2179,1337 2260,1338 2342,1340 2423,1343 2505,1347 2586,1348 2668,1346"/>
                <TextEquiv>
                    <Unicode>Pranei: lwie für sicht da oldche d'ergent.</Unicode>
                </TextEquiv>
            </TextLine>
            <TextLine id="tr_1_tl_6" custom="readingOrder {index:5;}">
                <Coords points="1027,1465 1844,1474 1842,1371 1680,1397 1505,1367 1434,1399 1381,1371 1168,1378 1130,1402 1025,1376"/>
                <Baseline points="1041,1438 1081,1441 1121,1441 1162,1443 1202,1442 1243,1441 1283,1442 1324,1444 1364,1445 1405,1447 1445,1447 1485,1450 1526,1450 1566,1450 1607,1454 1647,1454 1688,1454 1728,1456 1769,1457 1809,1459 1850,1456"/>
                <TextEquiv>
                    <Unicode>(Barodin und Leni abl</Unicode>
                </TextEquiv>
            </TextLine>
            <TextLine id="tr_1_tl_7" custom="readingOrder {index:6;}">
                <Coords points="1002,1605 1243,1598 1465,1640 1636,1640 1631,1537 1596,1551 1542,1514 1404,1495 1374,1521 1296,1519 1252,1498 1219,1528 1126,1526 999,1498"/>
                <Baseline points="1011,1563 1042,1565 1073,1567 1105,1569 1136,1569 1167,1569 1199,1569 1230,1569 1261,1569 1293,1570 1324,1572 1355,1572 1387,1573 1418,1575 1449,1577 1481,1578 1512,1579 1543,1581 1575,1583 1606,1585 1638,1587"/>
                <TextEquiv>
                    <Unicode>Franzi, Richerd.</Unicode>
                </TextEquiv>
            </TextLine>
            <TextLine id="tr_1_tl_8" custom="readingOrder {index:7;}">
                <Coords points="1013,1640 1048,1640 1065,1652 1095,1645 1104,1652 1140,1645 1261,1652 1259,1591 1231,1591 1212,1603 1067,1603 1011,1584"/>
                <Baseline points="1023,1632 1049,1634 1076,1636 1103,1640 1130,1640 1157,1638 1184,1640 1211,1640 1238,1636 1265,1635"/>
                <TextEquiv>
                    <Unicode>Franzi</Unicode>
                </TextEquiv>
            </TextLine>
            <TextLine id="tr_1_tl_9" custom="readingOrder {index:8;}">
                <Coords points="1027,1746 1694,1718 2267,1755 2300,1748 2296,1622 2010,1666 1828,1612 1023,1640"/>
                <Baseline points="1038,1692 1101,1699 1164,1704 1227,1707 1291,1707 1354,1710 1417,1710 1481,1710 1544,1712 1607,1716 1671,1719 1734,1719 1797,1722 1860,1721 1924,1721 1987,1725 2050,1727 2114,1728 2177,1730 2240,1733 2304,1733"/>
                <TextEquiv>
                    <Unicode>a; ein biel viel redet sie</Unicode>
                </TextEquiv>
            </TextLine>
            <TextLine id="tr_1_tl_10" custom="readingOrder {index:9;}">
                <Coords points="994,1888 1182,1923 1528,1853 1792,1902 1919,1856 2314,1912 2312,1783 1989,1788 1909,1746 1743,1797 1505,1753 1451,1795 992,1771"/>
                <Baseline points="1005,1826 1070,1832 1136,1835 1202,1836 1268,1835 1334,1836 1399,1838 1465,1841 1531,1841 1597,1845 1663,1845 1728,1850 1794,1850 1860,1853 1926,1853 1992,1853 2057,1853 2123,1856 2189,1857 2255,1862 2321,1862"/>
                <TextEquiv>
                    <Unicode>Micherd: das kann man wohl segen.</Unicode>
                </TextEquiv>
            </TextLine>
            <TextLine id="tr_1_tl_11" custom="readingOrder {index:10;}">
                <Coords points="992,2026 1402,2015 1488,1973 1923,2066 2059,1998 2256,2052 2382,2010 2801,2022 2796,1886 2700,1872 2382,1930 2062,1860 1945,1919 1879,1877 1774,1909 1530,1856 1268,1921 990,1905"/>
                <Baseline points="1005,1960 1095,1963 1185,1969 1275,1969 1365,1969 1455,1972 1545,1972 1635,1978 1725,1981 1815,1981 1905,1984 1995,1985 2085,1990 2175,1990 2265,1993 2355,1999 2445,1999 2535,2002 2625,2003 2715,2004 2805,2005"/>
                <TextEquiv>
                    <Unicode>erenzi: Aber ich ih niehsn Genzösischen mit</Unicode>
                </TextEquiv>
            </TextLine>
            <TextLine id="tr_1_tl_12" custom="readingOrder {index:11;}">
                <Coords points="987,2143 1030,2134 1048,2146 1083,2139 1090,2129 1116,2143 1163,2146 1156,2024 1095,2031 1062,2017 1044,2033 1027,2024 1020,2031 1006,2024 997,2033 980,2031"/>
                <Baseline points="999,2089 1026,2091 1054,2093 1082,2095 1110,2095 1138,2096 1166,2101"/>
                <TextEquiv>
                    <Unicode>ihr.</Unicode>
                </TextEquiv>
            </TextLine>
            <TextLine id="tr_1_tl_13" custom="readingOrder {index:12;}">
                <Coords points="990,2272 1348,2260 1516,2310 1591,2263 2083,2263 2328,2310 2424,2284 2511,2333 2581,2282 2820,2305 2815,2148 2728,2190 2471,2160 2338,2197 2092,2155 1982,2190 1905,2143 1666,2186 1444,2181 1374,2136 1186,2172 987,2143"/>
                <Baseline points="1002,2220 1093,2223 1184,2226 1275,2229 1366,2229 1457,2232 1548,2235 1639,2241 1730,2241 1821,2244 1912,2247 2003,2247 2094,2251 2185,2254 2276,2257 2367,2261 2458,2261 2549,2264 2640,2267 2731,2267 2823,2268"/>
                <TextEquiv>
                    <Unicode>nicherd: Sehr vernünftig. Du mertest fych hof-</Unicode>
                </TextEquiv>
            </TextLine>
            <TextLine id="tr_1_tl_14" custom="readingOrder {index:13;}">
                <Coords points="985,2363 1149,2370 1257,2422 1299,2389 1877,2403 1973,2459 1980,2298 1668,2274 1402,2319 1299,2277 1243,2317 983,2312"/>
                <Baseline points="996,2354 1045,2354 1095,2355 1144,2356 1194,2357 1243,2360 1293,2360 1342,2360 1392,2363 1441,2366 1491,2366 1541,2366 1590,2369 1640,2370 1689,2372 1739,2372 1788,2374 1838,2377 1887,2378 1937,2378 1987,2375"/>
                <TextEquiv>
                    <Unicode>fentlich noch nicht lang?</Unicode>
                </TextEquiv>
            </TextLine>
            <TextLine id="tr_1_tl_15" custom="readingOrder {index:14;}">
                <Coords points="994,2567 1296,2579 1570,2506 2136,2562 2775,2548 2771,2417 2597,2384 2214,2462 1935,2434 1853,2466 1470,2398 990,2420"/>
                <Baseline points="1005,2486 1093,2489 1182,2489 1271,2489 1360,2495 1449,2495 1537,2498 1626,2498 1715,2501 1804,2503 1893,2504 1981,2508 2070,2512 2159,2509 2248,2518 2337,2518 2425,2519 2514,2521 2603,2523 2692,2527 2781,2530"/>
                <TextEquiv>
                    <Unicode>Frenzl: kaun fünf Winaten. Sei solchen Metter</Unicode>
                </TextEquiv>
            </TextLine>
            <TextLine id="tr_1_tl_16" custom="readingOrder {index:15;}">
                <Coords points="980,2689 1437,2654 1774,2691 1935,2647 2153,2703 2436,2663 2670,2712 2778,2682 2773,2579 2710,2558 2415,2614 2153,2555 1879,2590 1568,2539 1488,2579 978,2560"/>
                <Baseline points="990,2611 1079,2617 1169,2617 1258,2620 1348,2620 1437,2623 1527,2626 1616,2629 1706,2629 1795,2635 1885,2635 1975,2641 2064,2641 2154,2641 2243,2644 2333,2650 2422,2650 2512,2653 2601,2659 2691,2662 2781,2662"/>
                <TextEquiv>
                    <Unicode>fangen wir inner später an wegen der Auffahrt</Unicode>
                </TextEquiv>
            </TextLine>
            <TextLine id="tr_1_tl_17" custom="readingOrder {index:16;}">
                <Coords points="978,2768 1479,2757 1568,2822 1858,2803 1914,2838 2513,2799 2841,2859 2838,2724 1643,2719 1491,2661 1376,2717 1236,2665 976,2691"/>
                <Baseline points="990,2742 1082,2745 1175,2742 1268,2749 1360,2752 1453,2755 1546,2757 1638,2760 1731,2763 1824,2763 1917,2768 2009,2769 2102,2772 2195,2775 2287,2781 2380,2781 2473,2787 2565,2788 2658,2792 2751,2793 2844,2784"/>
                <TextEquiv>
                    <Unicode>zum Theater. nd denn dauert's auch länger.(nä-</Unicode>
                </TextEquiv>
            </TextLine>
            <TextLine id="tr_1_tl_18" custom="readingOrder {index:17;}">
                <Coords points="987,2838 1285,2834 1378,2857 1376,2778 1219,2759 1158,2780 1130,2761 1081,2771 1055,2757 1023,2792 985,2794"/>
                <Baseline points="999,2817 1024,2819 1050,2820 1076,2820 1101,2820 1127,2820 1153,2823 1178,2826 1204,2824 1230,2823 1255,2825 1281,2826 1307,2826 1332,2829 1358,2832 1384,2832"/>
                <TextEquiv>
                    <Unicode>ves aus in</Unicode>
                </TextEquiv>
            </TextLine>
            <TextLine id="tr_1_tl_19" custom="readingOrder {index:18;}">
                <Coords points="962,2888 1378,2899 1444,2927 1493,2904 1572,2911 1572,2834 1519,2824 1448,2852 1390,2836 1355,2857 1226,2831 1039,2843 959,2808"/>
                <Baseline points="975,2880 1005,2882 1035,2883 1065,2883 1095,2883 1125,2884 1155,2886 1186,2886 1216,2885 1246,2883 1276,2887 1306,2888 1336,2888 1366,2888 1397,2889 1427,2891 1457,2891 1487,2892 1517,2894 1547,2894 1578,2888"/>
                <TextEquiv>
                    <Unicode>her zu ihn) Nat</Unicode>
                </TextEquiv>
            </TextLine>
            <TextLine id="tr_1_tl_20" custom="readingOrder {index:19;}">
                <Coords points="959,3040 1081,3028 1252,3082 1460,3044 1598,3084 1713,3044 1912,3079 2017,3051 2015,2930 957,2930"/>
                <Baseline points="972,2984 1024,2984 1077,2989 1129,2993 1182,2995 1234,2996 1287,2996 1339,2996 1392,2996 1444,2996 1497,2998 1550,2999 1602,3002 1655,3000 1707,3002 1760,3002 1812,3002 1865,3002 1917,3000 1970,3005 2023,3005"/>
                <TextEquiv>
                    <Unicode>Richerd:(erkemtz darin die</Unicode>
                </TextEquiv>
            </TextLine>
            <TextLine id="tr_1_tl_21" custom="readingOrder {index:20;}">
                <Coords points="952,3138 2183,3157 2183,3082 2040,3051 1633,3091 1462,3047 952,3068"/>
                <Baseline points="966,3118 1027,3127 1088,3125 1149,3124 1210,3127 1272,3127 1333,3127 1394,3129 1455,3130 1516,3130 1578,3130 1639,3130 1700,3133 1761,3133 1822,3133 1884,3134 1945,3136 2006,3136 2067,3138 2128,3142 2190,3139"/>
                <TextEquiv>
                    <Unicode>ner zärtlicheren Begrüssung und</Unicode>
                </TextEquiv>
            </TextLine>
            <TextLine id="tr_1_tl_22" custom="readingOrder {index:21;}">
                <Coords points="950,3358 985,3337 1048,3367 1275,3306 1406,3344 1523,3313 1596,3351 1645,3323 1814,3349 1811,3210 1666,3203 1633,3232 948,3187"/>
                <Baseline points="961,3256 1003,3259 1046,3256 1089,3256 1132,3258 1175,3259 1217,3259 1260,3259 1303,3261 1346,3262 1389,3262 1431,3262 1474,3262 1517,3263 1560,3265 1603,3266 1645,3268 1688,3269 1731,3271 1774,3270 1817,3268"/>
                <TextEquiv>
                    <Unicode>zeretreat in die Arme</Unicode>
                </TextEquiv>
            </TextLine>
            <TextEquiv>
                <Unicode></Unicode>
            </TextEquiv>
        </TextRegion>
    </Page>
</PcGts>
