2824 3416
2202 282 2346 413 229.
588 494 1715 657 sie nicht verlassen hättest.
580 616 2420 784 Richard: Man hat Euch ja gut zuk unterrichtet.
578 729 2360 920 Mathilde: Missversteh mich nicht, Richard.Ich
580 877 2279 1051 bin so fern davon sie zu schmähen. Sie hat
588 1010 2429 1187 dich geliebt - nur dich. Im letzten Augenblick
583 1132 2432 1314 hat sie gewissan keinen Andern gedacht als an
583 1285 2422 1450 dich. Was immer in ihrer Vergangenheit war, was
588 1400 2355 1577 imner in der Zukunft gewartet hatte,-fortge-
592 1553 2281 1713 gangen ist sie, aus der Weit davon, an jenem
590 1679 2506 1856 Abend, gerade in dieser Stunde, weil du sie ver-
580 1799 2437 1978 lasten hast, vielleicht nur, weil sie mich neben
583 1940 2353 2107 dir in der Loge gesehen hat. Aber man stirbt
893 2066 1063 2138 nur.
585 2069 2355 2236 ja doch immer an sich selbst und rächt sich
588 2200 2417 2372 dafür an dem, der einen an meisten geliebt hat.
590 2339 2374 2475 Richard: Sehr wahr. Auch ich hätte mich viel-
588 2456 2425 2625 leicht geracht. Auch ich würde - auch ich wäre
590 2585 2384 2761 an mir selbst gestorben. Aber ai Ende braucht
569 2716 1775 2866 men ja keinen besseren Grund.
578 2864 1316 3050 Methilde: Richard!
573 2995 2489 3201 Richerd: Ja man stirbt an lkel, an der Unzufrie-
