3320 3512
2851 201 2992 373 242
1803 411 2922 569 n ich Mitwe bin oder unschul-
1161 430 1779 614 vielleicht - mer
1161 533 2967 739 dig geschiedene Frau. Aber der ist nichtskür
1163 722 2896 902 relativ anständige Mädchen, wie wir. Detxkin
1168 838 2898 1050 Ferden - relativ bezieht sich. natürlich nur
1175 1022 1560 1168 auf mich.
1154 1121 2922 1310 Mathilde: Mach dich nicht schlechter als du-
1171 1281 1388 1414 bist.
1166 1355 2948 1581 Helene: Besser.- Uebrigens ist Richard nicht
1185 1565 1565 1666 zu Hause.
1180 1640 2846 1841 Mathilde: Ich habe nicht nach ihm gefragt.
1185 1782 2318 1964 Helene: Mit den Augen schon.
1178 1888 2985 2107 Mathilde: Aiso - du hast noch imner keine Ah-
1187 2070 1933 2216 nung - mer es ist?
1194 2185 2990 2336 Relene: Nicht die leiseste. Aber - das ist s1
1199 2315 2443 2466 cher, es dauert nicht mehr lang.
1194 2436 2898 2643 Mathildez: Moher meisst du das so bestimmt?
1201 2558 3096 2764 Helene: Ich kenne ihn doch. Ich hab's immer vor
1199 2686 3030 2893 ihm gemusst, wenn etwas zu Ende ging. Denke"
1206 2818 3099 2988 doch, dese ich immer auch ein wenig seine Mutter
1213 2950 3033 3146 mar, trotzden ich um so viel jünger bin. Und se
