3256 3480
2752 331 2904 470 232
1023 412 2697 627 Richard: So. Iet Ludwig schon verständigt?
1013 575 2750 748 Helene: Ich nehme an. Jedesfalle lässt dich
1010 682 2886 866 der Diener bitten gleich hinzukommen, dort wirst
1013 813 1970 984 du sicher mehr erfehren.
1002 966 3025 1149 Richard: Eine kurze Hochzeitereise.- Adieu, Helene,
992 1107 2060 1280 adieu.Methilde.. (rasch abl
976 1351 1650 1514 Relene, Mathilde.
979 1475 2632 1632 Mathilde: Warum berührt ihn das so sehr?
981 1611 2978 1800 Helene: Das ist doch nicht merkwürdig. Der Schwie-
976 1753 2262 1921 gervater seines besten Freundes.
971 1855 2967 2065 Mathilde: Das allein kann eg nicht sein. Ich glau-
955 1999 2891 2178 be übrigene nicht, dass sie Freunde sind -Ludnig
963 2136 1543 2288 Gerold und er.
950 2267 1776 2409 Helene: Warum nicht?
926 2395 2860 2577 Mathilde: Rest du sie neulich nicht zusannen ge-
947 2524 1839 2695 sehen an Hochzeitstagt
924 2653 1448 2813 Relens: Nun?
934 2768 3041 2973 Mathilde: Ich habe zwar kein Wort gehört, was sie mit-
939 2920 3015 3128 einander gesprochen haben, aber ich glaube nicht, dess
913 3049 1606 3259 sie Freunde sind.
