3320 3496
2864 273 3012 400 232
1229 398 2967 566 Helene:(lächelt) Das ist unlauterer Wettbe-
1227 525 2950 697 werb, Vater. Und nebstbei - ich bin ja nicht
1246 647 2962 848 geldgierig - Vor allem will ich eine Arbeit
1229 796 2439 947 haben, die mir Vergnügen macht.
1234 913 3031 1078 Fricke: (ernsthafter, aber mild) Hast du es dir
1224 1076 2435 1232 denn auch gut überlegt, Heiene?
1953 1179 2147 1258 nie
1222 1189 3038 1366 Helene: Ich rede nieht, bevor ich ge mir über-
1217 1344 1876 1493 legt habe,
1232 1416 3034 1656 pricke: Dokretarin beh
1205 1634 2389 1744 ahaxaxxXX-Herrn Karl Bern.
1215 1706 2391 1869 Helene: Nicht das Schlimmste.
1215 1816 3086 2030 Pricke: Nar deine Mutter zu all den gesagt hät-
1208 1996 1409 2123 te...
1201 2133 3046 2288 Helene: (lachend) Zu alldem - du sprichet wirk-
1203 2257 1462 2408 lich-
1213 2389 2082 2578 mlingel in Vorzinner!
1196 2487 3122 2705 Reiene: lhermlos) das dürfte wohl Karl dernschn.
1196 2655 3084 2854 Fricke: So - zum Zwecke von Engegementsverhend-
1184 2792 1486 2933 lungen?
1179 2902 2950 3120 Relene: Er wollte un die Billetis für seine
