2840 3416
2353 325 2522 508 225
681 469 2036 630 führt als wäge nichts geschehen..!
664 591 2434 774 Felene: Eben dag.. Gespräche als wäre nichts
657 715 2466 903 geschehen. Und jeden Abend um acht Uhr kommt
657 862 2497 1018 er hieher und bleibt bis Mitternacht. Das geht
657 986 2419 1169 nu-n beinahe dret Wochen lang so, als wenn er
652 1123 2417 1299 ihr verfallen wäre. Schlimmer seit ihrem Tod
642 1255 1089 1394 als verher.
994 1299 1475 1428 Der Binfall
620 1401 2261 1543 Mathilde:Atexzdes (stammt von Karl Bern.
637 1518 2473 1702 Helene: Ich habe es dir ja nicht verschwiegen.
635 1662 2495 1836 von ihm weise ich ja glles. Ein wahrer Detektiv.
630 1792 2475 1980 Mathilde: Und ich sage dir, es ist ein sehr ab-
623 1919 2309 2075 geschmackter Einfall deines Freundes Bern.
610 2065 2422 2236 Helene: (lächelnd) Das findet Karl auch, obwohl
623 2197 2449 2353 er selbst oder vielleicht weil er den Einfall
610 2314 2571 2507 gehabt hat. Aber kahrfindendaxninkt abgeschnackt
610 2446 2485 2634 oder nicht - er bedeutst vielleicht die Rettung
603 2568 1257 2729 Für Euch Beide.
598 2712 2522 2934 Mathilde: Er ist in keiner Gefahr und ich gewiss
588 2839 862 2983 nicht.
591 2956 2551 3169 Helene: Muss imnner gleich das Leben auf dem Spie
