3192 3640
2569 450 2707 595 275
871 568 2669 789 John: Sie erkennen mich nicht? Moritzky alias
869 804 1080 884 John.
866 849 2793 1037 Esblein: Was fällt Ihnen denn ein? Die Macke war
881 999 2717 1173 ja genau festgestellt. Sie sehen nicht aus wie
879 1120 2780 1293 ein Theateragent,-wie ein Muschik sehen Sie aus.
879 1251 2682 1484 John: Ich habe in meinem Leben keinen Muschik
886 1457 1220 1582 gesehen.
2343 1404 2727 1585 Perede
884 1492 2843 1720 Esblein: Fort mit diesef idiotischen Schaurebart.
894 1660 2652 1806 ndere Perücke, wir spielen hier keine Posse.
884 1775 2848 1989 Sögelmann: (tritt herzu, Ueberzicher, Chachenez) Mer
884 1939 2067 2087 ist denn das? John? - IFanos.
884 2054 2735 2245 Inepizient: In drei Minuten ist Ihr Auftreten,
881 2215 1311 2340 Herr John.
894 2318 2855 2491 Löblein: So werden Sie nicht auftreten. Rasch in
1477 2413 2946 2622 ihirus-ce cncarti hart
902 2471 1464 2617 die Serderabe.
894 2589 1268 2722 John: (ab)
889 2664 2780 2923 Dern: lkonnt von rechte, zu Lebleinl Mer wer denn
899 2898 1082 3003 das?
889 2938 2906 3139 Loblein: Herr John. So hat er auf die Buhne woi-
889 3089 2705 3330 den. Ich habe ihn in die Gerderche geschickt.
