3272 3512
2726 374 2887 561 283
1110 518 2165 652 Rovedai Eine Zeitingeente.
1127 643 2714 815 Pregulein: Ich habe nirgende naggelesen.
1091 784 2913 964 Roredai Darum rage ich ja Ente. In acht Tagen
1100 930 2947 1091 spricht kein Mensch mehr von Fraulein Friefel.
1105 1048 3026 1235 (Karl Bern die Prufen herauf.) Nan - wo stecken
1124 1177 2896 1379 ie dennpPoett (zu Dregulein) Dieser Mann hat
1084 1316 2606 1465 wohl ein herrliches Stück geschrieben.
1074 1460 2683 1606 Karl Bernithlert ihr die Hand) zu gütig.
1086 1587 2359 1753 tregulein:(zu dernl Er geht gut.
1088 1709 2870 1882 orede:lzu dernl zu gütig... und mehr saget du
1057 1841 2803 2016 nichtt (zu Dregulein) Du hättest ihn schen
1053 1971 2899 2139 sollen, wie er eich auf den Knteen gewälzt hat.
1060 2112 2426 2278 danit ich ihm diesen Dreck spiele.
1048 2218 2973 2438 dregulsiailzu Dernl komnen Sie nicht mit auf die
1060 2369 1316 2517 Anne?
1038 2472 2930 2680 Roreda:(zn Bernl den letzten At echendie eich
1036 2642 2398 2812 gefälliget von meiner loge aus en.
1033 2757 2884 2947 Zarl derni Ich möchte dochrlieber - in der Au-
1031 2913 2326 3081 terenloge falle ich wenlger auf.
1024 3030 2942 3268 Roredei Er hält eich für eiwea dater - hörtlicht
