2840 3400
2263 304 2437 477 224
449 459 2494 615 Mathilde: Und dass ich hier einen Mann erwarte, der
454 612 2502 789 hier Rendez-vous mit einer Gestorbenen hat.- so et-
457 737 2533 916 was sollte das Rechte sein? Es ist schlimmer als ab-
459 862 2489 1033 geschmackt - ein Unsinn ist es, ein Verbrechen viel-
441 996 760 1170 leicht.
449 1126 1087 1285 Helene: Kind - -
465 1266 2278 1456 (praussen dreht sich der Schlüssel im Schloss)
436 1425 2372 1601 telene: (etwas ergchrocken) Das kann er doch noch
441 1547 882 1663 nicht sein.
449 1653 1993 1850 (Praussen Stimmen: Baronin und Richard)
446 1796 2437 1977 Mhelene und Mathilde anfangs unschläszig treten in
431 1923 2512 2118 den Schatten der Vorhänge, so dass sie beinche verbor-
428 2071 797 2175 gen sind)
439 2201 1713 2364 l8eronin und Richerd treten ein)
433 2317 2432 2525 Richard: (Frex fortsetzend) Ich komme nämlich heute
418 2452 2416 2600 zum letzten Mal. Von morgen an können Sie über das
418 2577 2419 2782 Zimmer verfügen. Ich wollte mir heute nur noch die
410 2733 2346 2912 paar bücher mitnehmen, die ich noch hier gelassen.
410 2865 2465 3062 tobe. Hier gebe ich ihren für alle Falle gleich den
407 2982 833 3124 Schlüssel.
