3192 3480
2618 365 2752 474 263
1007 476 2053 683 Roreda: Eine Zeitungsente.
1017 630 2596 815 Fregulein: Ich habe nirgends wafgelesen.
1005 762 2808 940 Roveda: Darum sage ich ja Ente.(In acht Tagen
1010 909 2841 1070 spricht kein Mensch mehr von Fräulein Friesel.
1029 1043 2921 1163 (Karl Bern die Stufen herauf.) Nun - wo stecken
1041 1183 2808 1322 ie dennpPeet? (zu Dregulein) Dieser Mann hat-
1010 1332 2526 1440 wohl ein herrliches Stück geschrieben.
1007 1442 2596 1541 Karl Bern:éküsst ihr die Hand) Zu gütig.
1007 1584 2281 1685 tregulein:(zu Bern) Es gehit gut.
1005 1704 2808 1856 oveda: (zu Bern) Zu gütig... und mehr sagst du
998 1846 2723 1998 nicht? (zu Dregulein) Du hättest: ihn sehen
1000 1945 2836 2127 sellen,wie er sich auf den Knieen gewälzt hat,
1005 2098 2373 2240 damit- ich ihm diesen Dreck spiele.
998 2209 2909 2404 bregulein: (zu Bern) kommen Sie nächt mit auf die
1005 2368 1262 2538 Eunne?
2329 2413 2529 2524 wes
993 2493 2870 2654 Roveda: (zu Bern) Den letzten Akt sehen Sie sich
998 2622 2353 2791 gefälligst von meiner loge aus an.
1010 2740 2836 2935 Karl Bern: Ich möchte dochhlieber - in der An-
1046 2911 2276 3058 orenloge falle ich weniger auf.
981 3029 2909 3233 Roreda: Er hält sich für einen Autor -köstlicht
