3192 3544
2533 318 2657 467 303
940 457 1881 637 Dregulein: Arnes Mädhl!
957 596 2083 777 Die Roreda: (aus dem Theaterl
989 755 1966 865 inige Rufe: Hoch Rovedal
967 867 2784 1043 (Einige Autographeneammler und Sammlerinnen und
948 1006 1189 1153 siel
953 1109 2765 1265 Roveda: Laest doch Kinder! Das ist heute wohl
953 1277 1996 1407 nicht der richtige Moment.
945 1368 2904 1541 Helene: (zu Karl) Was will er denn dort oben? Holt
953 1531 2049 1683 ihn zurück. Ich bitte dich.
972 1610 2841 1829 Warl dern nach karzen Zogern kinauf und durch
950 1783 1803 1898 den Eühneneingang ab)
962 1890 2706 2013 (von rechts Prasident Fricke und Frau Veith)
953 2044 2833 2213 Pricke: Wo bleibt Ihr denn? Was macht ihr hier?
950 2176 2047 2315 Warum laset Ihr uns warten?
960 2286 2794 2491 Fr. Veith: (zu Mathilde, die inner regungslos da-
950 2442 2125 2591 steht) Was hast du, mein kind?
945 2552 2792 2709 Fricke: No ist Richard? Man sagt allgemein,der
950 2706 2120 2838 Vorhang ist zu früh gefallen.
938 2784 2714 2965 Rolene:bzu Pricke) Ja, weisst du dann nicht?
938 2941 2794 3136 Pricke: Dieses Fraulein Friesel ist ohnnächtig
