3288 3512
1116 479 2787 639 ebense zu sein wie sie - das ist vielleich
1120 613 1948 772 das Amtisantere. Kom-
1120 737 2884 915 (Brau Reith ist echen in ihre Lage gegangen.
1104 880 2889 1042 Mathilde folgt ihr. Fricke ist auch schen in
1116 1013 2932 1168 seine Loge gegangen. Aelene folgt ihn. Richard
1111 1137 3027 1318 bleiht noch ausgerhalt der Loge, Helene tritt, bef
1111 1282 2622 1449 vor eie in, die Lage geht, resch zu ihml
1116 1421 2920 1595 Helene: Nimm dich ausammen, Richard. (geht in
1111 1528 1538 1702 ihre Logel
1116 1671 2996 1840 (Die toge der Frau Koreda bfrnet sich, Dregulein
1116 1828 2953 1974 verahschiedet sich eben von ihr und ihrer Mut-
1111 1959 2896 2091 ter, die Mutter eetzt eich gleich wieder nach
1106 2074 2944 2241 vern. Dregulein bleibt noch in der Füre stehenl
1120 2205 2925 2393 treguldini Se gieht dir ähnlich, dess du heute
1111 2324 1759 2496 im Theater bipt.
1120 2381 3025 2627 Goreda: Wenn ich nicht da näre sehe se mir auchf
1111 2579 2877 2784 Annitch. Alee Adteu, lieber Dregulein, behalte
1108 2732 2169 2899 Aich in gatem Angedenken.
1111 2844 2019 3018 Dreguletnt Engedenkent.
1120 2975 2932 3173 Roredal ioh bastiere nachete Noche in berlin.
