3272 3496
650 229 1011 437 265. 1930.
1145 581 1616 660 Viertes Bild
1362 607 2144 743 ihne des Residenztuer
1119 786 1386 880 stand.
2412 872 2976 987 seidenzthestere
1126 856 2175 1006 Der herabgelessene Vorhang
2447 1023 2997 1193 Der Buschan-
1123 1025 2371 1121 bildet den Hintergrund der Bühr
1126 1162 3002 1264 erraum des Residenzthesters, der später sichtbar
1126 1286 2744 1441 m4a. ist also ganz rückwärts gedacht
1111 1412 2901 1587 Rechte steht teilweise die Pekoration für das
1121 1573 2954 1733 zu probierende Stück: eine Seitenwand mit ein-
1123 1687 2854 1862 gangstäre, -in Schrank u. s.w. Linke ist die
1107 1831 2878 1919 Dekoration unvollständig. Coulissen,zwischen
1097 1960 2954 2141 denen Ähnenardeiter, Inspizienten, Schauspieler
1107 2098 1644 2270 sich beregen.
1097 2196 2983 2397 Etre in der Witie der Sihne, also zur Detoration
1099 2366 2837 2533 des zu probierenden Stückes gehörig, Schreib-
1099 2495 2856 2586 tisch mit Papier und Büchern,Schreibtischser
1097 2586 2815 2729 sel etc. Durchaus der Eindruck des Nichtast
1099 2765 2904 2906 teren. In Hintergrund, also gerade vor den Her
1087 2885 3011 2980 noch geschlossenen Vorhang des Restdenztheaters,
1083 3007 2894 3109 Regietisch mit Lampe. Im Souffleurkasten des
