3192 3640
488 420 867 553 18. 6. 1930.
2299 394 2461 523 274
2154 530 2416 640 Wenzel
923 530 2116 638 Mili: (kommt von rechts, zu Frau
923 607 2646 776 Fr. Wenzel: Was wollen Sie denn da herunten?
930 715 2634 895 Mj11: Die Handschuh hat das Fräulein Franzi
926 862 2358 1029 oben in der Garderobe liegen lassen.
926 996 2728 1170 Fr. Menzel: Machen Sie sich nicht wichtig. Sie
926 1120 2646 1296 braucht ja gar keine Handschuhe in dem Akt.
916 1254 2714 1425 4j11: Und grad sind schöne rote Rosen für das
2201 1336 2409 1430 aber
2435 1345 2930 1477 geben worden.
926 1404 2590 1538 Fräulein Franzi in die Ferderobe gekommen.
921 1502 2592 1690 Pregulein: (tr itt herzu) Was ist g’schehn?
2599 1538 2880 1706 Freut
923 1652 2803 1826 Frau Wenzel: Ee sind-Blumen für das Fräuleig in
921 1805 1896 1955 ihre Garderobe gekommen.
923 1917 2210 2070 Dregulein: Ist ein Brief dabei?
914 2034 2660 2198 Mil1: Ich glaub schon, dass einer dabei ist.
926 2161 2693 2283 Dregulein: Ich bitt Sie,Freu Wenzel, bringen
1873 2257 2280 2344 vielleicht
914 2292 2749 2480 Sie ihn herunter, es könntzwas Wichtiges sein.
909 2445 1802 2609 Frau Wenzel: lrasch abl
916 2578 2782 2730 Dregulein; (zu Mil1) Da können Sie durchschauen.
933 2686 2512 2876 lweiet ihr einen Platz an Proepekt an. 1.
912 2831 2672 2977 Mil1:lschaut durch einen Spalt auf die Bühnd
928 2960 2803 3145 (John im Brack, etwae chargierte Maske als Agent
914 3101 1955 3279 Moritiky tritt zu Loblein!
