3288 3496
2784 326 2928 425 276
1136 384 2491 619 Eranzi: Fetzt konnt das Schwerste.
1126 570 2390 718 Karl Bern: Ich habe keine Angst
1133 689 2851 863 Kr. Wentzler: Fraulein Friesel, was ist denn?
1133 875 1653 1012 Eyr Auftritt.
1136 966 1836 1174 Franzi:trasch abl
1136 1128 2143 1271 Karl Bern und Dregulein.
1148 1290 2414 1380 Dregulein: Kommen ie, Herr Bern.
1133 1389 2032 1537 Karl Bern: "ohin denn?
1143 1513 3015 1679 Tregulein: Wojien Sie hier in der Gardérobe von
1131 1616 2907 1793 Fraulein Friesel den letzten Akt verbringen?
1133 1764 2982 1986 karl Bern: io immer. Nur nicht in der Nähé von
1131 1926 1660 2073 meinem Stück.
1145 2044 3057 2228 Dregulein: Was fällt Ihnen denn ein? Kommen Sie.
1150 2189 2996 2361 karl Bern: So hilfloe sitzt man da. Jeden Satz
1136 2303 3032 2467 möchte man eigentlich anders haben. Am liebsten
2443 2421 2948 2498 ins Publikum
1131 2433 3069 2600 möchte man auf die Bühne springen und sen lenten
1259 2556 3028 2641 Bitte um Entschuldigung. Ich hab es ja nicht
1865 2626 2293 2713 anthoren
2349 2619 2721 2733 Jedes Hor
1150 2619 1829 2713 xrufen:) Anfhören
1266 2687 2607 2793 gemeint/ Es stimmt ja alles nicht.
1247 2757 1549 2863 Felsch.
1143 2820 2919 3013 tregnlein: Und wiesen die jetzt die rtektiger
1133 2974 2308 3141 Keri der: Die weier nenRte.
1133 3100 3018 3272 jedes Wort, das diese Herrschaften reden ist nur
