3288 3496
2721 303 2887 471 102
1265 425 2985 665 lekeht in unser Ailer Interesse unternehme.
1270 579 3062 777 Ich habe bisher noch keine zehn Worte mit ihr
1265 723 3083 894 gesprochen. (nicht frivol) Ich habe nicht eIn-
1251 826 3048 1055 mal ein Verhältnis mit ihr.. Aber ich glaube:
1256 959 2969 1200 Baron: Fräulein Friesel hat bisher ein paar
1242 1144 3048 1305 ganz unbeträchtliche Rollen gespielt, in denen
1237 1277 2997 1452 sie weder dem Publikum noch der Kritik son-
1223 1358 3064 1582 derlich aufgefallen ist. Sie hat ein Paar hüb-
1216 1477 2194 1659 sche Eugendas ist alles.
1218 1620 2962 1827 Karl Bern: Ich glaube, sie hat mehr, Herr Be-
1202 1764 2964 1974 ron. Sie hat Echtheit und Herz. Das ist auch
1202 1918 2994 2096 an der kleinen Relle der Enni zu bemerken. Es
1188 2042 2936 2252 märe vielleicht einen Versuch wert,Herr Be-
1176 2180 1365 2299 ron.
1169 2271 2962 2548 Beron? Ein etwas kostspieliger Versuch mögli-
1155 2436 2058 2625 chenfalls, Herr Doktor.
1146 2534 2955 2779 Karl Bern: Dürfte ich mir einen Vorschlag er-
1148 2716 2899 2906 lauben, Herr Baroh?, der uns nach keiner Rich-
1141 2805 3020 3074 tung verpflichtet? lassen wir einfach die Kölle
1295 2910 1426 2999 de
1134 2936 2889 3183 vonstriesel Heute lesen. Danit ist ja nichts
