3352 3496
2959 315 3116 446 232
1231 439 3033 617 Helene: Icherwarte ihn. Ich habe die Esicht
1231 583 2971 749 eine Stellung bei ihm anzunehmen,kann diese
1226 709 2559 889 müssige Existenz nicht vertragen.
1264 830 2990 1029 ater: Du etudierst Sprachen, Kunstgeschich-
1238 1005 1686 1169 te, Mlarier.
1219 1105 2976 1276 Helene: Ich will einen Beruf haben, Geld ver-
1224 1264 1537 1401 dienen.
1226 1361 2634 1560 Vater: Du hast das nicht notwendig.
1214 1518 2032 1667 Helene: Undo besser.
1238 1636 3140 1819 Vater: Es gibt andere Steilungen. Meine Pripat-
1226 1755 3109 1930 sekretärin. Ich würde dir einen hölteren Gehalt
1228 1914 1525 2037 zehlen.
1219 2018 2431 2198 Helene: Unlauterer Wettbewerb.
1226 2172 3128 2324 Vater: Was deine Mutter zu all dem gesagt hätte.
1216 2314 2103 2466 6. Nelene, Pater, Bern.
1226 2466 2435 2597 Bern: Sie haben gehört,Sidon-?
1226 2554 2760 2748 Nelene: Steht es schon in der Zeitungz
1214 2715 2511 2883 Bern: Ich bringe Ihnen die Loge.
1219 2848 2400 3014 Vater: Was sind wir schuldigt
1205 2962 3068 3113 Bern: Autorenloge. Es bleibt ihmer ein interes
