3272 3496
2564 364 2709 473 264
1144 485 1773 683 Frickei Ach sa.
1141 625 2963 825 Paron bradli Dar hatt' er sich heute vor acht
1136 782 3006 967 Tagen nicht trannen laszen, der Herr Konnerzial-
1131 924 1380 1076 rat.
1115 1033 2984 1281 Relene,frinkt von drin ane ihren Vater mit den
1134 1175 1520 1363 tagen zul
1127 1300 2912 1505 Frickei die entschuldigen, mein Herr.(in die
1129 1467 1341 1607 Hogel
1129 1575 2893 1761 Hutre: (zu Gradl) Was sagst du dazu, dass Frau
1129 1732 2929 1879 Eiderhof im Theater ietswo man doch allgemein
1115 1821 2856 2010 weisr, dass er in ihren Armen gestorben iet.
2318 1976 2504 2048 vnd
1112 1969 2970 2154 Gradl1 Warum nichtt Offiziell kann sie ja doch
1105 2106 3047 2263 nicht trauerne und quiret cneseidemlich auch nicht
1122 2236 3023 2420 (pin Herr begrüest ihn, sie sprechen auf den Stuf
1105 2400 2620 2521 den weiter, der Applaus wird schwächer)
1078 2536 2745 2712 Welene und Pricke stehen in der Logentürl
1098 2666 2907 2808 delene: dei sien aufrichtig, Vater. E hat dir
1086 2779 1679 2953 doch gefallent
1086 2893 2191 3071 Frickei Aufrichtig - nein.
1081 3018 1985 3247 Relenei Piefsch netat
