3288 3688
2572 614 2708 716 261
949 660 1245 772 Axohard
966 699 2863 883 HA und Frau Veith in die Loge III. Fricke
954 869 1643 966 In die Loge IVIn
1395 958 1752 1048 Mathildel
944 966 2788 1174 Helens:(zu Ktakkraf dr Hinnelentlion wee faltt
949 1106 2831 1269 A Ich beschwöre dich, Mathilde, sei ver-
944 1223 2751 1427 nänftigt Er liebt dich, nur dich. Man musr mit
949 1373 2768 1504 den Mannern ein wenig Geduld haben oder sich
956 1490 2902 1677 entschliessen zu sein wie sie, Dae ist vielleicht
954 1633 2795 1774 das Amusantere. (zurück in die Loge LExx IV)
941 1754 2237 1905 Mathilde: (goht in die Loge IIII.
