3304 3592
584 341 861 501 22.11.30
2569 424 2726 538 287
895 482 1996 669 Ixpplaus hinter der Srenel.
917 626 2958 821 Karl Bern: Was ist denn dasf Soliten die Leute mit-
895 768 2329 938 ten in die Szene hineinapplandieren?
887 898 2367 1055 Dregulein: Und es hört gar nicht auf.
901 991 3049 1205 Irepleient:lkonnt sehr raschl Herr Doktor, Herr Doktor!
898 1170 1988 1346 Karl Bern: Was gibt'e denn?
898 1287 2351 1463 Inepizient: Konmen S' nur geschwind.
903 1410 2414 1583 Karl Bern: Es ist doch noch nicht aus?
909 1538 2942 1746 Exepizient: Es ist aus. Sehn Sie nur geschmind auf
898 1700 1319 1839 die Bühne.
901 1804 1916 1964 Barl Bern, (sehr rasch abl
895 1943 2476 2113 Dregulein: Es kann doch nicht aus sein.
909 2071 2870 2260 Inspizient: Der Vorhang hat früher fallen müssen.
903 2199 2716 2380 Das Fräulein Friesel ist ohnmächtig geworden.
914 2329 2769 2492 Vregulein: Sie muss ja zusamnenstürzen gegen.
903 2468 2524 2620 Schluse. Aber dann gehte ja noch weiter.
922 2558 2718 2729 Inspizient: Aber sie ist nimmer aufgestanden.
855 2721 2513 2886 (Pregulein und Inepizient sehr rasch abl.
933 2836 2884 2995 (Die Türe auf den Gang bleibt often.- Das Konver-
925 2979 2894 3153 sationszinmer bleibt lecr. Einige Arbelter an der
922 3110 2918 3326 ofienen Für vorbel.- Der Bühnenportier von rechts.
