2824 3432
2091 299 2253 440 221
562 395 2622 596 zu Mittag isst und redet, als wäre nichts geschehn-
562 562 2034 739 Heiene: Und jeden Abend hiéher kommt.
564 689 2453 892 Mathilde: (plötzlich) Was soll ich hierz-Ich hab
564 825 2534 1027 ihn nicht mehr gesehn seitdem. Er flieht mich. Es
554 968 1207 1137 Ist da unwürdig.
564 1108 1894 1267 Helene: Sollen wir ihn verlieren?
564 1215 2567 1402 Mathilde: Ich hatte ihn niemals und Ihr werdet ihn
562 1389 939 1550 behalten.
562 1496 2487 1673 Helene: Ju hast ihn nicht gesehen in den letzten
567 1626 2518 1784 Tagen, ich glaube nicht, dass er einfach wieder ins
557 1787 2484 1941 Leben zurückkehrt - als wäre nichts geschehn. Es
557 1896 2531 2071 hat andere Gründe, dass er diese Wohnung gekündigt
562 2016 2162 2177 hat. Es kann zum mindesten andere haben.
557 2143 2479 2297 Mathilde: Was soll ich bei all dem? Und was soll
557 2294 947 2448 ich hier?
564 2409 2606 2604 Helene: HaxerdtrdtexHakrhettnxegenrxLehrkabteber
2149 2531 2318 2619 Be
554 2536 2495 2729 gebetammnttrdtzzznxeeden Hier ist der Zauhans
549 2674 2640 2856 xxkaxkx den er verfallen ist schlin-
562 2825 2396 2955 mer seit ihrem Tod als al er jemads früher
554 2942 1048 3108 gewesen ist.
