3144 3560
2644 296 2781 475 38
1416 296 1707 477 Ich machl
1076 394 2253 607 Judnig: Dase da - dich erkand-
1081 536 2955 761 Richere:Hachend) Mier Wie stellet du dir das
1076 678 2874 898 eigentlich vor? Mas hätte das für einen Singe
1081 800 2894 1030 kenn es geschehen wäre - da entschuldigst, dass
1062 876 2869 1157 ich Lache - ich könnte es so menig andern wie
1052 1079 2992 1299 du und sie daran kindern, menn sie fest entschlos-
1045 1191 2987 1434 sen märe, -dazu dürfte es wohl schon zu spät sein.
1047 1321 2843 1524 Auch miste ich beim besten Millen nicht, wie.
1864 1453 2456 1553 alle demricht
2649 1495 2835 1656 aeg
1047 1443 2468 1693 ladnig: Du mueht nir telegrephteren.
1037 1583 1717 1742 Rlcherd: Da höre.
1032 1707 2884 1952 laanig: Ja, diesen Freundschafsdienst musst du
1020 1866 2901 2057 mir erweisen. Die Mühe wird doch nicht so gross
1018 1979 2933 2175 für dich sein mir morgen früh ein Telegrann nach
1030 2096 2287 2309 lenedig zu senden, Notel Danieli.
1037 2258 2928 2461 Richerd: Da bisdia verrückt. (sulletins über des
998 2366 2855 2605 Befinden deiner verflossenen beliebten auf die
988 2495 2833 2764 Hochzeitsreise - was fällt dir denn eigentlich
988 2635 2747 2877 eini) kenn etwas geschehen ssollte, wird es be-
978 2757 2945 2992 stinnt in der Zeitung stehen. Und übrigens glaubst
969 2884 2622 3117 du doch keinen Lagenblick wirklich daren?
