3224 3624
1078 619 2875 807 Worz au aich gehangt. Dar du schanst nich nei-
1078 782 3028 977 ner. Er soll nicht wissen, dass ich jetzt deine Ge-
1091 918 3003 1096 liebte ben. Du schanst dich vor ihm, weil er sich
1081 1041 2648 1268 erinnern darf. Auch da bist ein beck.
1088 1189 2495 1406 Richerd: aber wenigstens kein Nerr.
1108 1313 2270 1483 Frenzl:(ausbrechend) Richard
1636 1446 2055 1535 stötzlicher
1110 1443 2936 1670 Lcherd: lnit vitelaeher Neftigkeit) Warun soll
1088 1599 2966 1777 ich mir denn einbilden, dass du mich mehr liebst
1091 1710 2894 1932 als da ihn geliebt hestz Marun soll ich über-
1088 1819 2976 2065 haupt glauben, dass du mich liebetz Ich war eben
1093 1969 2966 2171 zur Stelle. Prost habe ich bedeutet, Vergeltung.
1103 2129 3003 2312 Sache. Warum denn Lieber Ich war eben da, das ist
1088 2236 2292 2458 mein genzes Verdienst.Geuse.1
1096 2386 3082 2574 Prenzl: Richard, - letwas näher) beeinne dich doch.
1118 2500 2892 2712 icherdl das mar doch alles schon überwanden.
1088 2635 3000 2828 Meiert du denn nicht mehr? Du denket doch nicht.
1101 2766 2961 3013 dese er ernetlich meint, ich konnte un seinetnit
1101 2973 1266 3107 ten
1105 3025 3055 3250 Richera:leie heftig unterbrechend) Du hettest die
