3144 3688
1787 345 2112 573 patalen
1008 426 1324 607 ffenten
2687 499 3008 671 den muse
1003 521 2629 690 Eieher in irgend einen Liebesgeschichten
1104 639 1373 727 dic et
1657 629 2961 808 liklich macht hs mußt ihn
1033 678 1757 808 ihn heravereitden.
1772 732 2352 884 herenrehen
1028 813 2017 930 Karl Bern: Marum denn
2164 815 2482 940 e de
1023 908 2944 1092 Rofens! Trhtkt, deser enrliet eins Methilde
1402 1050 1657 1128 duiue
1030 1048 2988 1241 berratet. Doti Heb Eesclichten sind wir schon
1035 1202 2939 1366 zu dumm. Es hat noch jede mit einer Enttäuschung
1021 1319 2932 1495 geendet. Man müsste ihm endlich klar machen, dass
1084 1451 2509 1628 dass kein Frauenzihmer was mert ist
1016 1581 2399 1770 Karl Bern: Das soll ich ihm sagen?
1016 1735 2034 1894 Relene: Etwes in der Art.
1018 1831 2937 2027 Kerl Bern: Menn es aber gegen meine Ueberzeugung
1026 2007 1243 2132 ware?
1006 2066 2905 2288 Aelene: Ist. sa gar nicht mehr. Neck Ihren Stu
1016 2225 2984 2413 cken zu schllessen halten Sie uns doch eigentlich
1018 2377 1799 2538 alie für Genailien.
1013 2501 2827 2682 Kerl Vern: Meine Stücke, -die wirst du dock un
1008 2629 2927 2812 Gotreswillen nicht ernet nehmen. Dann noch lieber
1006 2739 1505 2908 mich selber.
999 2886 1581 3054 Helene:tacht
1006 2996 2893 3201 Richerd: list kurz vorher zu Kr. Reith und Methil
1018 3152 1513 3258 de getreten)
