3192 3544
931 448 2336 633 Richerd:(hastig zum Rühnensingang, m.
933 601 2118 708 Portier: Hier ist kein Eingang
931 713 2106 890 Dregulein: (kommt eben heraue.)
943 856 2690 999 Richard: (halt kt ihn auf) Herr Dregulein, was
943 994 1512 1139 ist geschehen?
938 1127 1975 1246 Dregulein: O, Herr Doktor-
931 1229 2860 1418 Richard: Ist das Fräulein Friesel aus ihrer Ohn-
933 1386 1505 1510 macht erwacht?
936 1498 1861 1670 Dregulein: Ohnnacht --
948 1602 2899 1767 Ein junger Mensch kommt: Die Rettungegesellschaft
938 1779 1580 1915 ist vorgefahren.
940 1886 2336 2021 Richard: letürzt ins Theater hinein)
945 2017 2686 2152 Helene und Mathilde kommen von links unten.)
943 2169 2775 2312 Helene: Der Vorhang ist viel zu früh gefallen.
955 2271 2850 2426 Ludwig: (mit aufgeschlagenem Kragen auf dem Trot-
957 2419 2901 2547 toir rechts, etwas unruhig) Guten Abend,meine Da-
940 2567 1134 2693 men.
933 2671 1920 2833 Relens: Die, Herr Doktorz
950 2814 2458 2972 Ein Reporter:(rasch zum Bühneneingang)
931 2952 2063 3129 Fortier: (will ihn authaltent
