3192 3624
2643 435 2777 601 270
878 563 2846 790 nepizient; (zum Klavierspieler Links) Un Gotteswil.
836 718 2873 902 len geben S' Acht, wenn dass Sie nicht wieder weiter
1167 830 2093 929 pro jesta ars der scceclpurt
836 860 2873 1052 spielen, wenn der auf der Fühne schon aufgehört hat.
844 975 2798 1193 Franzi:lkonnt von rechts als Fenni, bleibt bei der
854 1143 2886 1306 füre im Prospekt, die auf die Ezene führt, stähen, der
846 1284 2734 1468 Theaterarbeiter hietet ihr seinen Sessel an, sie
846 1428 2419 1583 Zehnt ab. Sie sieht starr vor sich hinl
892 1517 2921 1722 regulein: (bemerkt sie nach einer Weile,leise zu ihr
838 1677 2833 1856 hin) Also, ich kann Ihnen sagen,da es ist im Publi-
838 1792 2798 1981 kum eine grossartige Stimmung, wenigstens für Sie.
868 1946 1920 2088 Franzi: (nickt und schweigtl
844 2051 2731 2253 Fr. Wenzelldie Garderobiére, von rechts zu Franzi
830 2200 2878 2395 hin): Ein bisl Rouge noch, Fräulein Friesel,ie sind
841 2347 1215 2502 zu blase.
1132 2398 1463 2523 lehnt et
833 2480 2243 2646 Franziilbenätzt ihren Lippenstift.1
812 2569 2953 2758 (Dregulein: Ich hab ein paar Leutdmkikungespro-
833 2753 2820 2924 chen, Xx auch Kritiker - den Doktor Falk habe ich
838 2878 2104 3014 noch nie so begeistert gesehen.
841 2993 2790 3199 Iuspizient:striti zu Franzi, gibt ihr ein Zeichen!
