3160 3528
2407 327 2551 518 305
986 437 2334 644 Ludnig: (zu Helene) Aiso Richard..
986 620 1919 789 Heléne: Was meinen Sie?
986 730 2234 925 Ludwig: Richard und Franzi ..?
981 862 2390 1052 Helene: Sie haben es nicht gemusst?
986 1028 2414 1130 Ludwig: Nein. Sonderbarerweise nein.
991 1101 2615 1309 Helene: Und er? reitet Sie Belbele
989 1260 2776 1450 Ludnig: Das Schicksat hat ihm eine merkwürdi-
994 1401 1748 1543 ge Rolle zugeteilt.
981 1501 2702 1716 lelene: So müssen Sie sich jetzt wenigetens
989 1660 1880 1814 keine Vorwürfe machen.
967 1782 2241 1960 Ludwig: Sie könnten sich irren.
991 1872 2742 2024 (Von rechts Prasident Fricke und Frau Veithl
989 2058 2871 2231 Fricke: Wo bleibt Ihr denn? Was macht Ihr hier?
989 2180 2082 2348 Marum lasst Ihr uns marten?
989 2283 2793 2495 Fr. Veith:(zu Mathilde) Was hast du, mein Kind?
989 2478 1929 2612 Fricke: Wo ist Richard?
979 2566 2942 2744 Helene: (zu Fricke) Ja, weisst du denn noch nichte?
989 2702 2324 2873 Pricke: Was soll man denn wissen?
998 2827 2270 3005 Relene: Sie hat sich ungebracht.
986 2978 1489 3137 Fricke: Mer?
