3272 3480
1331 448 1954 691 tra nahneinnig.
1156 644 2823 817 Dregulein: Das Publikum war schon unruhig?
1154 781 2837 949 Dr. Braun: Ed ist erstaunlich, -man hat kaum
1149 880 2967 1093 mas bemerkt. Der Sohn hat sich gleich aus Kla-
1154 1050 1671 1211 vier gesetzt.
1147 1140 3007 1326 Dregulein: Der hat die Geistesgegenwart gehabt?
1147 1286 3044 1475 Dr. Braun: Er hat wahrscheinlich nur Angst gehabt,
1145 1421 2936 1612 dass die Roreda sich freufn könnte. (im Gehen)
1147 1584 2981 1761 Axagatant kommen Sie nicht auch, meine Herren?
1159 1730 1310 1810 (ab)
1189 1836 2969 2015 regulein: (zu Berl Seltsem war es jedesfalle.
1142 1999 2313 2079 Karl Bern: Nicht gar so sehr.
1154 2063 2933 2273 regulein: Sie kennen dte brände dieser Be-
1142 2251 1886 2391 miertecinestorum
1201 2355 2074 2461 arl Bern: Siehat vied
2638 2365 2971 2542 Rdiesen
1147 2483 1591 2617 drei Tagen
1140 2591 2520 2797 Tregleine Hitte non ihr die sotte
2601 2577 2790 2815 ettor
1130 2723 2327 2926 doch noch nicht iunten sollef
1130 2846 2535 3070 pregulein: Sie wieren vielleicht-?
1147 3035 2643 3203 arl Bern: Das bilde ich mir nichtiein.
