3288 3464
2687 365 2848 492 224
1018 469 2845 692 Grepor: (lacheltl, dann in der Kollel Hein,nein.
1013 612 2983 816 es ist nicht mehr.sag mir doch, dass es nicht wahr
1013 757 3047 969 ist. lappt.wie se in der Rolte vorgeschrieben let.
1008 922 1500 1081 ihre Windel
1031 1039 3016 1205 Franzl: (1.deh.) ke ist nicht wahr. Ich habe nichte
1011 1166 2970 1360 erlebt. Ich erinnere mich nicht mehr - Träune, be-
1011 1296 2936 1485 se kraume, ich bitte dich, etose mich nicht wieder
1008 1454 3011 1617 hinab. (plötzlich als Franzi,lachend) Ist das eine
1011 1573 1327 1739 Gäm...
1029 1666 2817 1873 Gregor: lnderttak sicht sie befrendet aul
1021 1819 3055 2011 Tran-1: Verzeihen Sie, das steht nicht in der Kolle.
1031 1964 2902 2133 (1.dek.) Stose mich nicht wieder hinab. Verlaee
1013 2083 2457 2273 nich nicht - ich habe nichts erlebt.
1016 2213 3011 2394 Gregor: Schön. Sie ist wirklich eine Fane, aber Ih-
1008 2350 3052 2539 nen glaubt nen'e beinche. Ja, dagend ist kein leerer
1018 2490 3102 2672 Mahn. Haben ie eigentlich schon die Luise gespielt?
1016 2612 1544 2793 Franzi: Mela-
1018 2716 3091 2926 Gregori Upt Inen konnte der Darod vielleicht aller-
1003 2866 2913 3058 lei Klaesik versuchen. Und man dürfte wieder in
1000 3011 2951 3198 reineren Reglenen etnen. Ich werde mit den Daren
