3192 3640
2516 438 2661 553 270
899 543 2907 764 Karl bern: Marum eigentlich? Er hat ganz originell
914 731 1362 831 ausgesehen.
1277 729 2116 914 Originell? H. Seule
916 861 2306 1027 Löblein:/ Man hätte sich totgelacht.
911 971 2899 1112 Karl Bern: Wäre vielleicht gar nicht übel gewesen,
904 1119 2521 1282 wenn man dem Publikum vor dem tragischen
904 1232 2822 1422 Schlues ein wenig belegenheit zur Heiterkeit ge-
911 1382 1402 1497 geben hätte.
911 1475 2809 1700 Löblein: Ihr Schluee ist tragiech - dashabe ich
911 1650 1647 1793 gar nicht bemerkt.
911 1655 2752 1915 Keri der: Sie halten ofienber nur den Rod für
906 1888 2669 2098 eine tragieche, Angelegenheit. Ein Vorurteil,
896 2048 1445 2176 Herr Löblein.
941 2146 2774 2361 ogelmann: Wie geht denn die Geschichte eigent-
904 2293 1284 2419 lich aus?
896 2419 2789 2616 Karl Bern: Was für eine Geschichte? Mein Stück-
911 2571 1760 2672 Das wissen Sie nicht?
904 2704 2862 2862 Dögelmann: Ich habe ih dritten Akt ja nichts mehr
904 2844 1214 2989 zu tun.
904 2932 2822 3122 Dregulein; (von rechts, tritt zu bernl Gut geht'e.
891 3085 2106 3282 wili:Iat sich inder entfegnt)
