3192 3640
2746 429 2898 568 272
962 543 2895 751 Dreguulein: Nur ein ganz klein bisserl leuter an
967 699 2327 879 Schlues - und es wird ein Triumph.
977 843 2929 1016 Franzi: Nein, ist das alles komisch... Aber viel-
959 967 2648 1142 leicht ist das Ganze überhaupt nicht wahr?
975 1103 2774 1306 Dregulein: (etwas ängetlich) Sie treten gleich
962 1234 1790 1381 auf, xa Pfensi. Kiul
2219 1265 2648 1404 alles nun
964 1345 2983 1561 Franzi: Ed wär ja möglich, dass das Eanse ein Fraun
962 1532 1144 1622 ist.
972 1635 2736 1800 Inepizient: (macht Franzl wieder ein Zeichen
964 1769 2916 1964 Franzi: (jetzt in anderer Haltung, tritt durch die
967 1900 2250 2078 Für des Prospekts auf die Szenel
962 2047 2816 2209 Kregor: (tritt zu Pregulein) Was sagst du zu der
949 2180 1211 2283 Madel?
967 2278 2908 2458 Dregulein: Ihr habt es mir nicht glauben wollen,
967 2440 2918 2597 Gregor:Ich hab'’e imner gemest ader nur gespürt,
969 2571 2278 2720 dass sie ein grosses Talent ist.
964 2674 2931 2844 Eregulein: Ap so. (mit einer ganz bestimmten Ver-
959 2823 2327 2988 mutungl Riso, man kann gratulieren?
1558 2908 1890 2996 traliti
2268 2893 2468 3019 ge
972 2947 2155 3116 Gregor: Ich veretch dich nicht
972 3042 3039 3250 Dregulein: Solltest du in diesem Falle edgar diekret
