3352 3496
1271 482 3040 646 Menn telefoniert werden sollte, du weisst bis
1280 627 3118 782 funf bei Doktor berold, dann Laboratorium, fgibt
1283 745 2963 938 seinen Vater die Hand, küest Helene flichti
1283 919 1859 1065 auf die Stirnl
1273 1030 1857 1204 Relene, Fricke.
1294 1167 1847 1336 Mleine Tausel
1266 1285 2806 1456 Relene:lründet sich eine Zigaretie enl
1259 1417 3118 1597 Pricke: (kopfschättelnd) Dexaraxrgxititigen
1280 1560 3014 1713 endungen Was geht mit dem Jungen nur vor 1
1280 1678 2452 1859 Relene:lablehnendl Inriefern?
1273 1833 2891 1984 Pricke: Diese Herrositat - und inner der
1280 1949 3077 2118 Ton, ale wenn ihm irgend ein Unrecht geschähe.
1273 2084 2111 2227 Helene: Findest dur
1283 2199 3021 2391 Fricke: Heute Nacht ist er wieder einnal un
1283 2329 3088 2533 drei Ohr nachhause gekommen. Ich habe ihn ge-
1271 2463 3109 2648 hort. Man möchte wahrhaftig wissen, wo er sich
1276 2604 2618 2780 bis zum Morgengrauen heruntreibt.
1271 2729 3074 2917 Relene:ligchelnd! Das ist nicht so geheinnie-
1273 2878 3081 3047 voll. Gester Abend zum Deispiel hat er mit
1262 3014 3104 3192 Herrn Karl dern im Kafloehaus Schach gewielt.
