3208 3496
2717 399 2863 530 259
1084 487 2744 616 (Ein Klingelzeichen/ertönt. Richard erhebt
1065 642 2675 806 sich rasch,tritt zu Fricke und Fr. Veith)
1060 785 2342 930 Helene: Schon das Prete Zeichen.
1063 892 2183 1063 Mathilde: (bleibt gegungslos)
1044 1046 2425 1203 Helene: Was gibtse denn, Mathilde?
1056 1151 2175 1336 Mathilde: Nichts pesonderes.
1044 1281 1902 1460 netone- Brrick efen
1048 1419 1895 1569 Mathilde: Es ist (aus.
1034 1524 2794 1707 Helene: Was sprifhet du für einen Unsinn? Es
1034 1669 2470 1878 hat ja noch nichf einmal angefangen.
1013 1778 1681 1983 Mathilde: Die da
1707 1821 2230 1985 sunten ist es.
1015 1950 2114 2099 Helene: Wiese,dif da unten?
1008 2085 2268 2251 Mathilde: Die dif Fanni spielt.
1018 2211 2425 2361 Reléne: Wie komnft du auf die Idee?
1010 2335 2568 2482 Mathilde: Du musft es ja gewusst haben.
1010 2475 2846 2649 Helene: Ich schwifre dir - aber vielleicht hast
1006 2599 1388 2737 du recht.
991 2722 2501 2874 Mathilde: Und er fiebt sie noch immer.
1367 2813 1952 2910 lndisfia
975 2855 2874 3022 Heiens/Man muss fit den Mennern ein wenig Ge-
994 2986 2903 3195 auld heben, oder sipf entschliessen zuretneter
