2808 3384
2285 297 2432 444 232
638 510 944 652 Zukunft.
1022 497 2386 674 mit welchem Recht setzte ich mich
640 647 942 814 zum Her-
1150 628 2439 811 r ihr ganzes Dasein? Was gehörte
638 753 2492 942 ihr denn von mir? - nicht einmäl die begenwart.
628 898 2186 1053 War ich nicht mehr bei dir als bei ihr?
616 1026 2103 1186 Mathilde: Was sprichst du da, Richard?
625 1164 2292 1323 Richard: Ee ist nun einmal so. Gehörte ich
625 1287 2439 1456 ihr denn jemals ganz? Wie durft ich mir anmas-
616 1427 2444 1606 sen mehr von ihr zu verlangen als ich ihr gab?
616 1570 2405 1736 Mathilde: Anmassung? Will das nicht jeder, der
616 1695 872 1833 liebt?
618 1828 2210 1995 Richard: Nicht jeder hat das Recht dazu.
601 1951 2207 2130 Mathilde: Warum ein Anderer mehr als du?
616 2089 2545 2270 Richard: Wie ich einer bin laufen Dutzende herum.
601 2217 2451 2391 so Einer wie ich darf nicht mit dem Leben von
599 2347 1212 2514 Andernspielen.
592 2471 2485 2649 Mathilde: Ich habe einmal gehört, dass eine Frau
592 2608 2437 2782 einen verurtellten Sünder erretten kann, selbst
599 2741 2118 2917 wenn er schon vor den Schaffott steht.
589 2864 2533 3082 Richerd: Das wäre einfach. Ich binnkeinek von de-
