3272 3480
1147 404 2817 636 kranzl:Jetzt komnt ja nur der kurze Auftr
1154 627 1876 781 5. Bern, Dregulein.
1154 726 2911 899 Dregulein: kommen ie nicht hinunter auf die
1156 899 1411 1042 Bühne?
1154 1000 2874 1167 Bern: Nein, ich hab genug, es ist kaum zu er-
1147 1128 2907 1314 tragen. Und ganz hilfloe ist man. Ich möchte.
1150 1266 2872 1419 immer selber auf die Bühne und das Richtige
1156 1400 1411 1560 sagen.
1152 1522 2709 1709 Dregulein: Es würde auch nicht stimmen.
1160 1669 2880 1845 Bern: Dass alles so festgelegt ist, es steht
1152 1803 2075 1959 nun da und soll geiten.
1160 1948 2834 2058 (Danin zieht es ihn wieder hinunter auf die
1160 2086 1408 2227 bühne)
1154 2205 1957 2310 6. Franzi-Dregulein.
1152 2317 2740 2479 Jetzt hat sie den Aichard in der loge en
1152 2464 2711 2602 deckt - mit seiner braut. Ee ist genug.
1156 2586 2005 2764 trete nicht mehr auf.
1187 2727 2545 2883 regulein: Es war doch schof vorbei.
1143 2847 2907 3023 Franz1: Warum gerade Gregor? Auf die Strasse
1152 3001 1483 3152 geh ich.
