3288 3528
1008 394 2787 608 Richard: Nein. Ich liebe Franzi und da wiret
1001 535 1730 668 es nicht wegen --
1001 634 2935 838 Ludwig: Da biet also für den lächerlichen Ernst
1001 768 2950 982 wie es scheintz- ke hat übrigene schon angefangen
994 911 2199 1064 Auf morgenl trasch nach linkel
984 1045 2741 1208 Richard: nach kurzem Zögern in die Loge III)
989 1227 2794 1417 togenschlieeser: (die Stufen herauf, setzt sich
984 1334 2017 1553 auf die Dank muhe früherl.
