3160 3528
2708 370 2860 497 299
1371 414 2076 598 shnckenstertlelen
1080 504 2798 656 Portier: Aber nichts ist. Einer von den De
1080 656 2292 813 men ist halt nicht gut worden.
1095 755 2849 909 (Die Bewegung pflanzt sich auf die Wartenden
1089 941 1288 1082 fort!
1080 1030 2634 1219 Ein Reporter:(rasch zum Rihnenausgang)
1086 1198 2209 1351 Tortier: (will ihn aufhalten!
1086 1308 2731 1463 Reporter: Was wollen Sie von mir? Dae wär-
1086 1463 2742 1602 noch schöner...kennen Sie mich vielleicht
1089 1590 2766 1729 nicht? Felsenburg - Neueste Nachrichten.
1098 1716 2791 1888 Portier: Entschuldigen, Herr von Felsenburg.
1091 1830 2480 2027 Reporter: (rasch ins Thester hinein)
1091 1996 2155 2121 Fregulein:(aus dem Pheater
1095 2112 2516 2278 Hichard: Guten Abend, Herr Dregulein.
1086 2242 2549 2404 Dregulein: Guten Abend. (will weiter!
1082 2370 2820 2547 Richard: Erlauben die, Herr Pregulein, können
1124 2518 2314 2672 ie mir sagen, was eigentlich...
1100 2623 2863 2816 Tregulein: (erkennt ihn jetzt) OhHerr Doktor
1073 2780 1537 2921 Sie sind’ez
1082 2885 2883 3044 Richard: Ich weiss nicht, ob ich recht gesehen
1077 2999 2760 3235 habs. Mir ist vorgekomnen - - Nat sich des
