3144 3592
2470 355 2601 471 17
1185 525 2517 760 Dern: Gerentieren kann ich nicht.
996 623 1180 739 Karl
1001 681 2867 919 Ratte: (zu Kerl Dernl auf die handerste Vorztel-
1012 907 1232 1045 Jung!
1038 933 2545 1131 kerl dern, Rutte, Gradel nebeneinander)
1038 1071 2580 1302 liudwig und Fr. Eiderhof etwas isoliert)
1029 1208 2757 1434 Fr. Biderhof: Also noch einmal - viel Glückt
1071 1411 1572 1584 lstossen anf
1724 1416 1915 1549 Hart
1040 1434 2769 1707 ludnig-Ich meiss, dass du e ehrlich meinet.
1057 1565 2916 1840 Fr. Eiderhof: Wer ich rate dir, gib Aeht! Antoi-
1054 1738 2312 1910 nette ist kein einfaches Wesen.
1068 1871 2946 2090 Lndnig: Münscht ich mir gar nicht. Ich bin auch
1066 2006 1644 2179 nicht einfach.
1080 2111 2829 2312 Fr. Eiderhof: Das meise Gott. (nickt rasch.
1085 2288 1978 2461 kehrt sich von ihn abl
1101 2379 2937 2584 (Pr. Veith, Msthilde, Antoinette stehen zusannen)
1094 2547 2337 2710 sidon:(ist ans Buffet getreten!
1096 2666 2300 2888 Rutte: Er lebe der Brautratert
1101 2827 2167 2960 Sidon: Danke, meine Herren.
1113 2939 2920 3107 Gradel: Wie ein Brautvater sehen Sie wirklich
