3304 3640
2734 507 2903 676 288
961 603 2853 855 haben. Ioh glaube überhaupt, eie iet ein kleiner
959 762 1703 928 Inder, die Friesel.
964 890 2772 1090 Daroni Dae ist gans gut, aber nicht alles. Sie
959 1067 2686 1221 kann nicht sprechen und das Ganze schleppt.
964 1163 2732 1322 kraun: Io h glaube, die Leute amüeieren sich.
959 1297 2813 1488 Daron: Ee ist ein unmöglicher Stück,ich hab ee
948 1445 2906 1614 gleich gesagt. Die Pramaturgen sind das Ung lück.
938 1559 2805 1758 Da sind mir die Autoren noch lieber.kommen Sie
931 1683 2961 1902 mit auf die Kuhne, Doktorf Ich will retten, was noch
946 1811 1556 1970 zu retten iet.
956 1945 2961 2121 (Baron und Doktor Braun die Stufen hinab.-Prender-
956 2086 2159 2280 EgertIAtrtak Artakex
946 2207 2815 2406 Fricke, (ekanst an die Püre der Loge IIi,ofinetl
943 2338 2795 2497 (Frau Veith und Mathilde erheben sich, Mathilde
946 2507 2845 2679 tritt heraus zu Heiene, Fricke tritt in die Loge
1037 2644 2270 2747 Frau Veith,küest ihr die Hand)
931 2679 2825 2911 Uelene: (zu Vethildel, etwae errtannt) No ist Ni-
931 2876 1208 3017 cherde
926 2946 2472 3156 Rethilde, Er iet vor Sohlaer des Atel
2593 3035 2871 3151 rechmung
931 3125 1105 3332 von.
