2952 3640
580 638 1625 820 Richerd: Mas soll ich tung
572 741 2588 953 Pronzi: laimnt seine Hende, rärtlich, fest mitieldig.
566 916 2607 1093 das Englück ist, dass du noch inner nicht meiset wie
564 1040 2403 1223 sehr ich dich Liebe. Vertrau mir doch endlich.
558 1172 2681 1355 Rickerd: Ich habe nicht imner deine Mände in den mei-
564 1289 1143 1458 nen, wie setzt.
574 1437 2114 1601 Prenzl: Aber dein Herz inner in meinen.
558 1551 2570 1733 Richard: vund doch - und doch ist es dir gleich,en
558 1694 1969 1860 men du mich einmal verlieren wiret?
561 1813 1135 1990 Franzi:(Blickl
556 1926 2281 2128 Richerd: Du hast es sa früher selbst gesagt
558 2112 1958 2260 Franzi:lwild) Du quälst mich ja so.
548 2215 1643 2368 Eichard: Ich liebe dich so.
542 2342 2659 2538 Prenzi: Richerd... (nahe bei ihml Und hest du dir dene
540 2482 2548 2662 wirklich eingebildet, dass ich dich jemals hergeben
542 2601 2617 2792 werde? Nein, Richerd, du gehöret mir und ich lase dich
532 2720 2654 2921 keiner andern. Du bist mir verfallen geradeso wie ich
516 2882 714 3014 dir.
535 3009 2493 3189 Richard: Sonas ähnliches hast du schen einmel ge-
535 3141 831 3287 glaubt.
