3192 3544
2695 308 2854 440 304
887 402 2849 609 von dem grossen Schuften - ich bitte um Entschul-
887 561 2869 730 digung, -wahrscheinlich gibte auch noch einen klei-
894 695 2745 862 neren. Ee ist ja kein Wunder, es wimmelt ja von
887 830 1818 1001 Schuften auf der Meit.
897 941 2268 1120 Ludwig: Was fallt Ihnen ein.Herr-
904 1085 2844 1282 Dregulein: Dregulein ist mein Nane, erster Trauer-
897 1257 1125 1369 gast.
892 1329 2792 1540 Ludwig: Sie scheinen ein Narr zu sein, Herr Dre-
899 1510 1192 1644 gulein.
907 1592 2901 1786 Drogulein: Mahrecheinlich. Auch von der Sorte gibt
897 1744 2024 1900 es viele. Ich habe die Ehre.
909 1888 2290 2057 (Baron und Löblein aus dem Theaterl
909 2022 2740 2178 Baron: Es bleibt fatal. (vorbei an der Rovedal
892 2129 2536 2305 Roveda: Nochmals, mein Beileid, Herr Baron.
899 2268 2849 2442 Baron: Ich danke Ihnen, gnädige Frau. Wie war Ihr
889 2432 2432 2568 Eindruck? War es ein Erfolg bis dahin?
887 2519 2817 2712 Roreda: Meine ehrliche Meinung, Herr Baron, so an-
897 2685 2844 2819 fechtbar die Leistung der Dame auch war, zu die-
894 2774 2742 2971 der Verzweiflungstat war kein Grund vorhanden.
887 2913 2710 3087 Portier: Vorfahren der Wagen für Frau Roveda.
887 3035 2859 3264 Roveda: Er kann dort stehen bleiben. Guten Abend,
