3256 3592
941 146 2656 310 zu Stub wehl exelle. Eholt iolte su
954 238 1291 349 etuet
1395 240 2797 436 Einnetle Nart etegen die wellO
951 320 2663 505 inte des das s ensene ude bagere pumte
1033 446 2995 627 nen wird sie woht richt mehr seine Gellebte sein.
1023 560 2842 753 Kerl Bern: Der kann nch nicht wieren. Haurhat
1036 681 2914 884 A denahanhdadershrandti
1395 813 1593 902 din
1046 820 2983 969 (Dae Schachspiel geht weiter) Man tate vielleicht
1031 1003 1680 1120 ein gutes Werk-
1063 1078 1628 1224 ichard: Wieso?
1028 1216 2468 1412 karl Dern: Sie verlieren den Bauer.
1006 1335 1618 1489 Richard: Bitte.
1023 1454 2165 1657 Karl Bem:tninnt den Deuer)
1011 1630 2277 1791 Richerd: Wiesd ein gutes Merkz.
1003 1769 2948 1932 Karl Bern: Eine neue Kolle in einem neuen Stück-
1008 1893 2918 2056 das kann allerlei bedeuten für eine junge Künst-
976 2012 2847 2217 lerin: Aufstieg, Erfolg,höhere Gege, einen neuen
991 2143 1422 2267 Lgebhaber
1350 2247 1628 2336 blurt
974 2250 2832 2482 Richard: Den wird sie hoffentlich schon haben.
2173 2403 2487 2482 se euem
993 2401 2951 2599 Kerl Ber. Tielleicht nicht der rtohtigettz Greger
989 2559 2983 2743 wäre gar nicht übel. Dem hat noch keine widerstan-
971 2683 2941 2834 den. Das wär dann möglicherweise auch wieder von
2024 2782 2983 2963 wied in Kualpilet
974 2797 2418 2971 Vorteil für mein Stück.- Ru ex en
969 2896 2931 3159 Richerd: Und menn dieses Prautetn Priesel Grauf
