2840 3416
1338 465 1742 670 Neuntes 8i.
698 635 1183 797 sei der Beron
1386 635 1719 795 8 in zuei
652 777 1191 932 Beronin, Leni.
658 899 1853 1097 Beronin: Also morgen Früh gebe.
1907 894 2605 1092 Sie diese Annonce
647 1046 838 1203 auf.
650 1160 1361 1320 Lent: Gottseidank.
650 1287 2562 1488 Berondn (schüttelt den Zopf) Das kann Ihnen doch
640 1427 1376 1607 gleichgültig Sein.
642 1541 2557 1749 teni: Aber gar nicht, Frau Baronin. Dazu ist doch
640 1681 2551 1902 die schöne Wohnung nicht da ... Und dann- ichhab
635 1805 2501 2003 doch immer Angst gehabt, dass sich der Herr Dok-
627 1962 2432 2150 tor einmal was entut - jeden dbend allein bis
622 2092 2663 2300 Witternacht - mir ist somas noch nicht vorgekommen.
630 2237 993 2374 (Klingel)
640 2356 2432 2516 Beronin: Gehen Sie nur aufmachen. Das ist die
607 2496 2341 2668 junge Dane, die echon neulich hier war - die
607 2635 1673 2749 Schwester vom Herrn Doktor.
604 2757 2376 2940 Lent:lrasch ab und wieder hereinl Zuei Danen
602 2894 1414 3044 sind's, Frau baronin.
