2771 3640
583 491 2544 684 Meiter rüchnärte Kethilde Veith mit ihrer Mutter
583 648 2361 849 und Dr. Indnig Gerold, der Breutigen. In Salen
588 796 2589 941 selbst rechts Frau Eiderhofmit Dr. Richard Fricke.
586 1032 2601 1189 Am Buftet zwei junge Leute: Baron Gradel und Rutte
586 1199 2469 1375 Ratte, Junger Menschfreicht dem Diener eben ein
601 1329 1655 1525 Chanpagnerglas zum Füllen.)
591 1427 2519 1572 Baron Gradel(etwge Alter, sicherer, ziemlich arro-
601 1602 2416 1740 gant): Es wäre Zeit zu gehen. Das Fest ist zu
591 1743 806 1890 Ende.
591 1853 1452 1983 Rutte: Ein Glas noch.
591 1933 2416 2196 Grodel: bestatre ich. (zun Dienerkbitte gir
588 2156 799 2253 auch.
616 2231 1440 2376 (piener schenkt ein)
593 2321 2193 2504 lutte: snit Blick auf Antoinettel Rübsck
591 2546 1159 2679 die Braut aus.
989 2624 1144 2694 al
598 2654 1410 2794 Gradel: Interessent.
606 2722 2376 2899 hutte: Sie wird unserm Freund Gerold manche
613 2882 1545 3030 nusg zum Knacken geben.
608 2989 2133 3192 Gredel: Er hat sichs redlich verdient.
