3192 3544
2304 384 2446 500 297
984 563 2549 759 Ein junger Mensch: Wo bleiben sie denn?
975 695 2659 899 Ein zweiter: Sie müsgen sich doch erst ab-
984 889 1415 1028 schwinken.
987 943 2672 1122 Ein junges Mädchen: (zu einen andernl Heut
987 1122 2209 1276 muss ich einen Gregor kriegen.
989 1234 2437 1410 Zweites Mädchen: Hab ich schon lang.
1002 1337 2804 1533 Erstes: Du warst wahrscheinlich bei ihm oben.
1011 1462 2882 1685 Ein Bühnenarbeiter: (zun Fortierl Ich hab's doch
1011 1648 1638 1812 selber gesehen.
1011 1724 2980 1937 2.Arbeiter: Es war sa noch lang nicht aus und der
1024 1893 2184 2062 Vorhang hat herunter müesen.
1021 1996 2672 2209 3. junges Mädchen: Sie Neue war aber recht
1014 2199 1376 2343 schnach.
1026 2285 2197 2461 2.Mädchen: Was für eine Neuer
1036 2351 2958 2603 3. Madchen: Die die dunne Nocken gespielt hat, die
1031 2530 2174 2691 sich so viel gefallen lasst.
1038 2652 2973 2841 Ein junger Mensch: Ist deni des nicht die Rorede
1038 2838 1398 2992 gewesen?
1046 2926 2995 3142 Ein Bühnenarbeiter: Es ist un die Rettungsgesell-
1058 3095 2106 3240 schaft telefoniert worden.
