3304 3496
1176 421 1793 546 Stimme Dögelman
1178 576 2807 701 der Tärm, was steht dem Herrn zu Diensten?
1176 662 2866 827 tritt durch die Spalte im Eihnenvorhang au-
1161 814 1405 925 Srene
1168 915 2972 1105 Esblein: Was machen Sie denn im Zuschauerraum
1154 1063 3082 1232 Herr Oggelmann? Wir probieren doch bei geschlos-
1156 1215 1734 1341 senem Vorhang.
1164 1296 3021 1486 Eygelmann: Ich schlage vor, dass wir die Premié-
1144 1474 1919 1629 re auch so spielen.
1119 1535 3045 1734 (Ein Direktionediener komnt und will mit Loblein
1137 1717 1513 1906 sprechen
1146 1833 2706 2022 roblein: Nas ist denn schon wieder losz
1134 1975 2605 2133 Direktionsdiener: (Sicht leise zu ihm)
2167 2093 2411 2187 Auten,
1127 2128 3102 2300 Soufleuse:(aus den Kasten)Morgen, Herr Dögelmann.
1137 2283 1865 2426 Degelmenn: Morgen.
1119 2352 2952 2553 Soufleuse: Sie wissen schon von den Strich in
1124 2514 2221 2672 Ihrer Srene, Herr Dygelmann?
1117 2593 2768 2817 Loblein: Nan, noren liegt es schon wieder?
1117 2765 2964 2945 Soufleuse: bitte, Herr Regisseur, ich wollte den
1102 2913 2844 3090 Herrn Oygelmann nur die gestrigen Striche-
