3256 3480
2766 372 2926 516 236
1238 423 2015 635 bes. (er Küert siel
1235 607 2987 777 Helene: (abührend) Dies später. Du hast also
1207 756 3061 940 gestern mit Richard gesprochen? Nun, was gibts?
1219 884 2999 1061 Karl Bern: Ee wird schon richtig sein, dass es
1214 996 2571 1189 sich um eine Herzenssache handelt.
1196 1149 2882 1324 Helene: Nun und -Weisst du was Konkretes.
1193 1261 2919 1496 Karl Bern: Das Konkrete ist inner eine Pik-
1193 1424 1419 1549 tion.
1184 1507 2940 1733 Nelene: bitte keine Aphorichen, sondern Mahr-
1182 1682 1417 1814 hert.
1172 1803 2999 2017 Karl Bern: Er hat mir keinerlei Manen genannt.
1170 1949 2494 2112 Helene: Darauf kommt es nicht an.
1165 2077 2915 2249 Karl Bern: Denke ich mir auch. Mein Eindruck
1145 2203 3017 2394 ist jedenfalls, dass die Sache den Ende zu geht
1145 2343 2859 2524 und dass die chancen für Mathilde im ganzen
1100 2473 2805 2661 recht gut stehen, besser als meine bei dir.
1119 2596 2959 2805 Helene:lunmillkürlich lächelnd) Was das wieder
1110 2736 1763 2868 heissen soll--
1098 2850 2743 3066 Kerl Bern: Du wilist mir also absolut die
1103 2994 2031 3166 Ehre nicht wiedergeben?
