2824 3400
2243 285 2394 433 279
677 349 2059 591 Baronin: Führen Sie sie nur herein.
661 517 1044 661 Zeni: (ab)
668 668 2528 847 loleich darauf treten Helene und Mathilde einl
653 788 2102 943 Helene: Guten Abend„ Meine Freundin.
658 931 1671 1108 Baronin:(ermidert nichts)
653 1058 2174 1199 Helene: Also, mein Bruder weiss nichts?
658 1211 2561 1367 Baronin: Mais comment - Ich habe selbstverständ-
632 1317 2549 1503 lich nichts gesagt, wie Fraulein gewünscht haben.
630 1458 2341 1623 Helene: Wir werden ihn heute hier abwarten.
642 1580 2454 1752 Baronin: (befremdet) Er kommt nie vor acht Uhr.
632 1716 2415 1891 Helene: Und ich bitte Sie sehr, Frau Baronin-
613 1855 2458 2032 nichts sagen - ich meine, er darf nicht wiesen,
615 1992 1396 2145 dass wir hier sind.
625 2121 2420 2260 Baronin: Kann ich mich darauf verlassen, Fräu-
608 2255 2446 2411 sein, dass ich keinerlei Unannehmlichkeiten ha-
606 2375 1036 2497 ben werde?
608 2506 2528 2703 Relene: Ich habe Innen je schon neulich -(öffnet
608 2669 2485 2837 ihre Handtasche, ninnt ihre Geldbörse, als wollte
586 2794 1716 2940 sie der Beronin etwes geben)
596 2875 2358 3042 Berönin:(beinche beleidigt) Mais quelle idse,
563 3023 2336 3198 Mademoiselle! Ich werde Innen Licht machen.
