3304 3592
2741 329 2907 495 288
1021 457 2882 613 wirkt einen raschen Bick in das Konvensations-
1024 646 2535 794 zimmer und verschmindet gleich wieder,
1016 776 2864 965 Der Applaus verstärkt sich, hört plötzlich ganz
1018 898 2108 1001 auf, bricht dann wieder los.
1011 1029 2925 1220 Unruhe dringt in das Konversationszimmer herein.
1016 1156 2859 1271 Stammen uyd dergleichen. - Ein Klingelzeichen
1003 1294 2450 1401 dreimal hinterihnander tönt herein).
1011 1419 2935 1526 Zwei Schauspielerinnen treten vom Gang aus ein
1008 1552 2971 1746 aie eine nimnt ein buch, das sie auf dem Fisch hat
1006 1644 1577 1838 Tegen leszen.
1001 1810 2928 1919 Ein Schauspieler holt seinen Hut und seinen Rock-
998 1940 2918 2062 und geht wieder. Ein zweiter kommt herein,zündet
1001 2075 2568 2177 sich eine Eigarette an und geht wieder.
998 2221 2877 2307 Die Garderobière mit einer zweiten Garderobière
988 2341 1299 2484 kommt.
988 2404 2798 2609 Fr. Mentzler: Oben haben wir ja gfr kein dofa.
983 2570 2958 2787 Zweite Gard. Ist sie noch nicht zu sich gekommen?
988 2746 2869 2925 Fr. Nentzler: (schü-ttelt den kopf . Beide wieder-
978 2851 1161 2971 ab).
983 2940 3015 3173 Dogelmann: (tut, Veberzicher und Stock, mit ihm John.1
980 3142 3027 3290 Was ist denn eigentlich geschehen? Ich habe von der
