3256 3544
2618 350 2779 444 226
859 483 2932 742 Franzi: (in der Kolle) Du selber bittest mich darum-
867 628 2935 869 jetzt kann ich es nicht mehr sagen.- Oder dochz. (4e-
864 812 2673 1017 her zu ihm) Ich liebe dich für alle Ewigkeit!
880 952 1957 1100 Gregor: (rerst sie an sich)
877 1059 2442 1266 Franzi: Sind Sie verrückt, Herr Gregor?)
898 1191 2847 1414 Gregor: (ungelihrt) Machen wir die Srene vielleicht
887 1386 1394 1552 noch einmal.
895 1464 1897 1627 Franzi: Heute nicht mehr.
895 1570 2899 1798 Gregor: Nur die Worte, um Missverständnissen vorzu-
908 1785 1248 1918 beugen.
903 1848 2945 2079 franzi: Ich werde Sie bitien mich allein zu lassen.
950 1980 2797 2188 Gregor:(buckt die Achseln1 aauf morgen also.
906 2094 2914 2336 Heut Abend vielmehr im Thester. (plötzlichl Mädel,
911 2203 3002 2447 ich liebe doch. Kein Spass. Auf Wiederschent (rüeet
929 2372 2956 2616 rasch Franzis Hand, die sie damn starr fallen lässt.
929 2574 1466 2740 und geht ab1
924 2626 2987 2849 Franzi:lninnt noch einmal den Brief, fängt plötzlich
947 2774 2984 2982 bitterlich zu schlachzen an, hält inne, trocknet sich
947 2904 2460 3080 die Augen, ihr Gesicht verändert sicht.
924 3028 2992 3272 Mutter: (konnt leitse von linksl Er ist plötzlich so
