3224 3624
964 617 2035 785 doch schon Gift verschaftt.
1471 734 1933 824 necht et ain
959 752 1617 921 Prahzi: Vor einen
1673 742 2463 936 Jehr. Ich leugne er
2486 750 2871 943 se nicht.
941 880 2825 1048 Ich hab das Tiet langst nicht mehr. Er weise er
943 1005 2955 1196 genr gut. Wenn er heute von diesen Schnur gespro-
1910 1148 2203 1239 genupt
951 1150 2904 1329 chen hat, so war es natürlich nicht die Spur einer
936 1270 2981 1471 wirklichen Sorge un mich. Eitelkeit wer es, Eynienus
943 1392 2859 1594 und eine lust dir meh zu tun. Dein Glück unser
938 1515 1698 1726 buck zu vergiften.
931 1675 2818 1844 Richerd: Er hat sa keine Ahnung. In esren
1711 1782 2155 1882 auht di ce
926 1793 2971 2027 Frenzi: Warum hiel da davor überzeugt? Ee wäre doch
905 1935 2955 2157 sehr gut möglich trotz deiner grosten Vobsichtfders
918 2083 1408 2241 er vermutet
949 2198 2843 2377 ichard: Nichts. Dass du eiden Geliebten hast, ir-
900 2323 2904 2512 gend einen, das freilich, das vermutet er schon. Aber
890 2445 2894 2680 er denkt nicht an mich. funbcherrechtl Er weifelt
892 2598 2772 2797 nicht im geringeten deran, dass du länget wieder
880 2721 2853 2925 einen Geliebten hast und noch zehn oder noch hun-
885 2830 2856 3055 dert haben wirst. Aber nebetbei ist er vollkonnen
875 2963 2846 3228 uverzeagt, dass er dich niederheben kenn, sobald ss
875 3080 1354 3287 Ahm beliebt.
