3208 3624
461 502 977 720 Hen de taber
361 642 890 890 mehr Eebser
1231 434 1779 623 Hoffelbet
994 540 2841 785 Aicherd ber nicht ehrgetzigller sitzt auf den
974 703 2264 885 Stahi an Ofen ie früher franzl)
2293 841 2884 1028 sich auf seine
994 863 2269 1040 Franzl: Neth. Nicht mehr. (setet
994 960 2942 1176 Enisel Jetzt ist mir aller das vollkonnen gleich-
994 1113 2894 1304 gültig. Kunst und Ruhm und Serriére, -alles,-aus-
1694 1239 2700 1432 Ropf zwischen den Känden)
984 1243 1643 1432 ser dir. (seinen
994 1362 2749 1571 Richerdilden Blick abgewendet! das wird mohl
994 1539 2312 1706 auch wieder einmel anders werden.
1001 1646 2429 1837 Franzl: Ich kann eshir nicht denken.
1001 1789 2901 1968 icherd: Man kann sich gar manches nicht denken.
1350 1881 1517 1985 Ehen
994 1905 2157 2072 Pranzi. Was hast du, Richerdr
999 2048 1452 2232 (e klopft.
1478 2041 2751 2240 Paronin tritt ein mit Riechtuch
986 2198 1302 2334 A. S. N.I
984 2290 2763 2492 Beronin: Cest permit? smacht sich bereit de
996 2450 1629 2620 Fisch zu decken
991 2581 2654 2751 Pranzi: de vous siderer, medane la beronne.
1001 2702 2671 2889 Baronin: Ne vous deranger pas, Madenolselle
994 2855 1561 3005 (Pranzi und Be
1866 2845 2252 3003 eten aufl
982 2959 1575 3129 Richerd: (noch
1597 2950 2904 3136 am Osen) Sie haben da sehr schöne
982 3083 1937 3279 alte kobel, Frau Beronin.
