3570 4519
1098 989 1462 1096 mann,
1741 1061 2520 1222 München, den 16. x. 1911.
1439 1325 2152 1516 Hr beworben sein.
1566 1630 2576 1800 war wir eine besondere Freude.
1390 1762 2561 1920 am Eorgen zog ik formiere hoh
1393 1901 2590 2088 gang erfüllt. Von Ihrer Kunst, des
1386 2048 2602 2238 Ruf vor „Weiten Lander“ über Ihrer
2265 2132 2356 2202 G.C.F.P.
1406 2177 2543 2353 eigenen Hand zu empfangen. Ich
1399 2305 2605 2494 darbe Ihnen zu herzen. Ehe kürb
1398 2482 2617 2650 hat für tiefen Einwruch gemacht, der
1415 2600 2591 2773 Beifall am Chlüsse nicht nicht bis
1416 2743 2619 2928 Uhr    Regiment in Ihrem kamen ge¬
1421 2876 2612 3054 wandt hatte? Ein Aufführung vor recht
1439 3039 2629 3214 Widlich, Heinrich u seiner Art meister¬
