3592 4519
1832 501 2065 670 1. E. 1/2.
2203 512 2528 659 Votrement jusqu'au mois
971 1318 2139 1488 haft, wenn auch wohl nicht der Mensch,
971 1464 2154 1642 den 6 geschen haben. Er fehlt die
981 1607 2193 1771 ärgsere Weichheit, die zu der Gefähr¬
1005 1737 2205 1914 lichen Energie des Männer so lebens,
999 1878 2194 2066 roll Enträstieren müßte. Unse etc.
987 2030 2185 2188 tere der erblische Erste er daß
999 2145 2202 2300 Eindruckstoller betont. Mein Bruder
1002 2300 2191 2483 und 19 beobachten bei Sept Vro
1010 2453 2139 2595 Abends ist von Hauptdarstellen. Das
998 2574 2190 2742 Telegramm an Erthin Er als all.
998 2730 1963 2884 Gemeines gegen bedürfnis.
1391 2992 1865 3162 sehr ergebenen
1537 3141 2202 3410 Caryas Kiam
1457 3270 1538 3313 G.H.P.
