4392 4503
1975 1517 3862 1775 Eberschließ, Ohne Eufrau, ohne Sganntag, Konflikke
1972 1658 3935 1855 „Knoterspürzung, „ Bfindweg“ - lauter Unge, die
1994 1770 3952 2006 als löggig so ungfinden dies zug nie hier anderer
2924 1863 3940 2043 Eur bei Jahre den am,
2131 1936 2885 2114 lepens geeignet  %
2026 1992 3937 2218 Gesleben, wie es i/h, nie es meistens ist, eine Strafe
2023 2135 3918 2335 sie finden gewisse, schlicht und wie ihr nie¬
2031 2243 3952 2423 derwegen, mehr, treffend den Ihmbar verbranigt, aber eben
2038 2391 3896 2542 so zwingender Melodik bebei, daß man nach der
2055 2462 3952 2676 ersten paar Sötzen mich: Um leſe ich mit Luft zu
2062 2574 3901 2803 Ende. Haber die vieler Dank von aufrichtigen
2084 2725 2566 2885 Glückernsp!
2786 2715 3280 2895 th ergebener
3307 2657 3942 2912 Feyer Wams
