<?xml version="1.0" encoding="UTF-8" standalone="yes"?>
<PcGts xmlns="http://schema.primaresearch.org/PAGE/gts/pagecontent/2013-07-15" xmlns:xsi="http://www.w3.org/2001/XMLSchema-instance" xsi:schemaLocation="http://schema.primaresearch.org/PAGE/gts/pagecontent/2013-07-15 http://schema.primaresearch.org/PAGE/gts/pagecontent/2013-07-15/pagecontent.xsd">
    <Metadata>
        <Creator>prov=READ-COOP:name=TrHtr:version=2.1.0:model_id=51170:date=24_07_2023_16:44</Creator>
        <Created>2023-05-01T22:04:22.026+02:00</Created>
        <LastChange>2023-07-24T16:44:12.962+02:00</LastChange>
        <TranskribusMetadata docId="1416461" pageId="54947831" pageNr="27" tsid="130545604" status="IN_PROGRESS" userId="64420" imgUrl="https://files.transkribus.eu/Get?id=GLKEAHXCNSJUTRPLWSCSNKZP&amp;fileType=view" xmlUrl="https://files.transkribus.eu/Get?id=MQHUVUWPRDMHCODUEZVJUIJU" imageId="44451892"/>
    </Metadata>
    <Page imageFilename="1416461_0027.jpg" imageWidth="4424" imageHeight="4407">
        <ReadingOrder>
            <OrderedGroup id="ro_1711830176372" caption="Regions reading order">
                <RegionRefIndexed index="0" regionRef="tr_1"/>
                <RegionRefIndexed index="1" regionRef="tr_2"/>
            </OrderedGroup>
        </ReadingOrder>
        <TextRegion id="tr_1" custom="readingOrder {index:0;}">
            <Coords points="877,499 3651,499 3651,2344 877,2344"/>
            <TextLine id="tr_1_tl_1" custom="readingOrder {index:0;}">
                <Coords points="1885,592 1990,603 2052,589 2079,615 2160,606 2220,651 2253,645 2270,448 2136,508 2112,499 2091,517 2067,502 1993,529 1975,508 1939,505 1891,529"/>
                <Baseline points="1904,579 1910,579 1955,576 2000,573 2045,570 2090,567 2134,561 2179,558 2224,552 2269,549"/>
                <TextEquiv>
                    <Unicode>Cinenk</Unicode>
                </TextEquiv>
            </TextLine>
            <TextLine id="tr_1_tl_2" custom="readingOrder {index:1;}">
                <Coords points="2450,672 2560,687 2629,687 2644,675 2671,684 2689,672 2811,684 2808,577 2719,603 2611,595 2593,612 2557,603 2542,615 2521,598 2447,583"/>
                <Baseline points="2463,662 2508,665 2552,665 2597,665 2642,665 2687,665 2731,668 2776,665 2818,671"/>
                <TextEquiv>
                    <Unicode>MÜNCHEN, DEN</Unicode>
                </TextEquiv>
            </TextLine>
            <TextLine id="tr_1_tl_3" custom="readingOrder {index:2;}">
                <Coords points="1930,702 1945,705 1969,690 2014,711 2070,678 2100,687 2121,675 2157,690 2169,583 2136,577 2112,595 2094,580 2073,592 2061,583 2008,609 1942,598"/>
                <Baseline points="1949,686 1988,686 2033,680 2078,677 2122,671 2167,668"/>
                <TextEquiv>
                    <Unicode>dent</Unicode>
                </TextEquiv>
            </TextLine>
            <TextLine id="tr_1_tl_4" custom="readingOrder {index:3;}">
                <Coords points="860,741 905,738 950,705 1001,711 1078,756 1168,702 1213,735 1291,726 1294,600 1246,612 1180,600 1129,624 1105,606 1016,642 947,603 863,630"/>
                <Baseline points="877,695 898,695 943,692 988,692 1033,692 1077,692 1122,689 1167,689 1212,689 1257,686 1301,686"/>
                <TextEquiv>
                    <Unicode>DR. THOMAS MANNIS</Unicode>
                </TextEquiv>
            </TextLine>
            <TextLine id="tr_1_tl_5" custom="readingOrder {index:4;}">
                <Coords points="2853,714 2874,711 2904,720 2922,705 2937,714 2958,696 2990,720 3002,711 3023,711 3026,630 2999,627 2985,612 2964,630 2922,621 2916,612 2901,621 2856,624"/>
                <Baseline points="2869,695 2896,692 2940,692 2985,689 3030,689"/>
                <TextEquiv>
                    <Unicode>1.II</Unicode>
                </TextEquiv>
            </TextLine>
            <TextLine id="tr_1_tl_6" custom="readingOrder {index:5;}">
                <Coords points="2450,783 2510,789 2548,756 2566,762 2602,744 2635,762 2677,762 2698,783 2734,777 2760,807 2787,810 2790,687 2716,672 2668,687 2551,684 2536,672 2450,687"/>
                <Baseline points="2466,719 2511,719 2555,719 2600,716 2645,719 2660,719 2690,719 2708,716 2752,716 2797,716"/>
                <TextEquiv>
                    <Unicode>POSCHINGERSTR.</Unicode>
                </TextEquiv>
            </TextLine>
            <TextLine id="tr_1_tl_7" custom="readingOrder {index:6;}">
                <Coords points="2611,950 2719,926 2865,986 2946,941 2970,956 3047,911 3071,914 3071,828 2979,798 2916,798 2874,831 2799,825 2731,777 2614,762"/>
                <Baseline points="2627,910 2672,910 2717,907 2761,907 2806,907 2851,907 2896,904 2940,907 2985,907 3030,904 3075,907"/>
                <TextEquiv>
                    <Unicode>Hrübtsk. geld</Unicode>
                </TextEquiv>
            </TextLine>
            <TextLine id="tr_1_tl_8" custom="readingOrder {index:7;}">
                <Coords points="983,968 1344,926 1548,983 1622,926 1945,917 2142,986 2268,920 2429,941 2432,792 2220,786 1975,866 986,807"/>
                <Baseline points="1000,925 1045,925 1089,925 1134,925 1179,925 1224,922 1268,922 1313,922 1358,922 1403,922 1448,922 1492,919 1537,919 1582,919 1627,919 1672,916 1716,919 1761,919 1806,916 1851,913 1895,913 1940,913 1985,913 2030,910 2075,913 2119,913 2164,913 2209,913 2254,910 2299,910 2343,910 2388,910 2433,910"/>
                <TextEquiv>
                    <Unicode>Diese Neselb eiß nnew, neuert doin der abri¬</Unicode>
                </TextEquiv>
            </TextLine>
            <TextLine id="tr_1_tl_9" custom="readingOrder {index:8;}">
                <Coords points="1518,1102 1781,1046 2468,1081 2668,1034 2751,1090 2970,1090 3107,1067 3110,962 2330,914 2133,992 1521,932"/>
                <Baseline points="1534,1042 1549,1039 1594,1036 1639,1036 1683,1036 1728,1036 1773,1033 1818,1033 1863,1033 1907,1033 1952,1033 1997,1030 2042,1030 2087,1030 2131,1033 2176,1033 2221,1030 2266,1030 2310,1030 2355,1027 2400,1030 2445,1027 2490,1030 2534,1030 2579,1027 2624,1024 2669,1024 2714,1024 2758,1024 2803,1021 2848,1021 2893,1024 2938,1024 2982,1024 3027,1021 3072,1021 3117,1024"/>
                <TextEquiv>
                    <Unicode>neräw ledeb dass bei nebrüw nennemrens finne.</Unicode>
                </TextEquiv>
            </TextLine>
            <TextLine id="tr_1_tl_10" custom="readingOrder {index:9;}">
                <Coords points="974,1210 2659,1216 2704,1037 2387,1105 1781,1046 974,1123"/>
                <Baseline points="991,1170 1009,1173 1053,1173 1098,1170 1143,1167 1188,1167 1233,1167 1277,1167 1322,1167 1367,1167 1412,1167 1457,1164 1501,1164 1546,1161 1591,1161 1636,1161 1680,1161 1725,1158 1770,1158 1815,1158 1860,1158 1904,1155 1949,1155 1994,1155 2039,1155 2084,1155 2128,1155 2173,1155 2218,1155 2263,1155 2308,1155 2352,1152 2397,1152 2442,1152 2487,1152 2531,1152 2576,1149 2621,1149 2666,1149 2711,1146"/>
                <TextEquiv>
                    <Unicode>ürged Hovegnordene v xxx hollsted Jdoer eie neie</Unicode>
                </TextEquiv>
            </TextLine>
            <TextLine id="tr_1_tl_11" custom="readingOrder {index:10;}">
                <Coords points="1769,1326 2602,1344 2748,1291 3095,1359 3221,1335 3224,1165 3128,1141 2877,1228 1772,1174"/>
                <Baseline points="1785,1298 1797,1298 1842,1295 1887,1295 1931,1295 1976,1295 2021,1298 2066,1295 2110,1295 2155,1292 2200,1292 2245,1289 2290,1286 2334,1286 2379,1286 2424,1286 2469,1283 2514,1283 2558,1283 2603,1286 2648,1283 2693,1283 2737,1283 2782,1283 2827,1283 2872,1283 2917,1280 2961,1277 3006,1277 3051,1277 3096,1277 3141,1277 3185,1277 3230,1280"/>
                <TextEquiv>
                    <Unicode>Lieber, verehrter Herr Doktor Schnitzler,</Unicode>
                </TextEquiv>
            </TextLine>
            <TextLine id="tr_1_tl_12" custom="readingOrder {index:11;}">
                <Coords points="1359,1497 1643,1559 2067,1476 3516,1464 3516,1368 3209,1314 2856,1398 1362,1341"/>
                <Baseline points="1376,1489 1418,1486 1463,1486 1507,1483 1552,1483 1597,1483 1642,1483 1686,1480 1731,1483 1776,1480 1821,1477 1866,1477 1910,1474 1955,1474 2000,1474 2045,1474 2090,1474 2134,1474 2179,1471 2224,1471 2269,1471 2313,1469 2358,1469 2403,1469 2448,1466 2493,1466 2537,1466 2582,1466 2627,1466 2672,1463 2717,1463 2761,1463 2806,1463 2851,1463 2896,1460 2940,1460 2985,1457 3030,1457 3075,1454 3120,1457 3164,1454 3209,1454 3254,1454 3299,1451 3344,1448 3388,1448 3433,1445 3478,1439 3523,1433"/>
                <TextEquiv>
                    <Unicode>Haben Sie Dank für Ihre Zeilen! Ich war glücklich, sie zu er-</Unicode>
                </TextEquiv>
            </TextLine>
            <TextLine id="tr_1_tl_13" custom="readingOrder {index:12;}">
                <Coords points="1225,1622 3349,1631 3501,1607 3504,1509 1228,1509"/>
                <Baseline points="1242,1615 1268,1612 1313,1612 1358,1612 1403,1612 1448,1612 1492,1612 1537,1609 1582,1609 1627,1606 1672,1606 1716,1606 1761,1606 1806,1606 1851,1603 1895,1603 1940,1600 1985,1600 2030,1600 2075,1600 2119,1597 2164,1597 2209,1597 2254,1594 2299,1597 2343,1594 2388,1591 2433,1591 2478,1591 2522,1588 2567,1588 2612,1585 2657,1585 2702,1585 2746,1585 2791,1585 2836,1585 2881,1585 2926,1585 2970,1585 3015,1582 3060,1582 3105,1582 3149,1579 3194,1579 3239,1576 3284,1576 3329,1576 3373,1576 3418,1573 3463,1570 3508,1567"/>
                <TextEquiv>
                    <Unicode>halten, denn ich hatte ein schlechtes Gewissen, weil ich in Wien</Unicode>
                </TextEquiv>
            </TextLine>
            <TextLine id="tr_1_tl_14" custom="readingOrder {index:13;}">
                <Coords points="1228,1754 3498,1706 3498,1598 2417,1670 1231,1622"/>
                <Baseline points="1245,1734 1265,1731 1310,1728 1355,1728 1400,1728 1445,1728 1489,1725 1534,1725 1579,1725 1624,1725 1669,1725 1713,1722 1758,1722 1803,1722 1848,1719 1892,1719 1937,1722 1982,1719 2027,1719 2072,1716 2116,1716 2161,1716 2206,1713 2251,1713 2296,1713 2340,1713 2385,1713 2430,1710 2475,1710 2519,1707 2564,1707 2609,1707 2654,1704 2699,1704 2743,1704 2788,1704 2833,1704 2878,1704 2923,1704 2967,1704 3012,1701 3057,1701 3102,1701 3147,1698 3191,1698 3236,1698 3281,1698 3326,1698 3370,1695 3415,1695 3460,1689 3505,1686"/>
                <TextEquiv>
                    <Unicode>nicht versucht habe, mich mit Ihnen in Verbindung zu setzen, Sie</Unicode>
                </TextEquiv>
            </TextLine>
            <TextLine id="tr_1_tl_15" custom="readingOrder {index:14;}">
                <Coords points="1237,1903 3445,1873 3468,1751 1237,1810"/>
                <Baseline points="1254,1857 1277,1854 1322,1854 1367,1854 1412,1854 1457,1851 1501,1851 1546,1851 1591,1848 1636,1848 1680,1848 1725,1848 1770,1848 1815,1845 1860,1845 1904,1845 1949,1845 1994,1845 2039,1845 2084,1842 2128,1842 2173,1839 2218,1836 2263,1836 2308,1836 2352,1836 2397,1836 2442,1836 2487,1833 2531,1833 2576,1830 2621,1830 2666,1830 2711,1830 2755,1830 2800,1830 2845,1827 2890,1827 2935,1827 2979,1824 3024,1824 3069,1824 3114,1824 3158,1824 3203,1824 3248,1821 3293,1821 3338,1818 3382,1815 3427,1815 3472,1815"/>
                <TextEquiv>
                    <Unicode>zu sehen, zu sprechen. Ich brauche kaum zu sagen, warum de nicht</Unicode>
                </TextEquiv>
            </TextLine>
            <TextLine id="tr_1_tl_16" custom="readingOrder {index:15;}">
                <Coords points="1237,1996 3128,2008 3310,1969 3313,1843 1240,1909"/>
                <Baseline points="1254,1982 1259,1979 1304,1979 1349,1976 1394,1973 1439,1973 1483,1970 1528,1970 1573,1970 1618,1970 1663,1967 1707,1967 1752,1964 1797,1964 1842,1964 1887,1964 1931,1964 1976,1964 2021,1964 2066,1964 2110,1964 2155,1961 2200,1958 2245,1958 2290,1958 2334,1958 2379,1955 2424,1955 2469,1952 2514,1952 2558,1952 2603,1952 2648,1952 2693,1949 2737,1949 2782,1949 2827,1949 2872,1949 2917,1946 2961,1946 3006,1946 3051,1943 3096,1943 3141,1943 3185,1943 3230,1940 3275,1940 3320,1940"/>
                <TextEquiv>
                    <Unicode>geschah. Es war Scheu vor dem schrecklichen Kummer, den das</Unicode>
                </TextEquiv>
            </TextLine>
            <TextLine id="tr_1_tl_17" custom="readingOrder {index:16;}">
                <Coords points="1237,2133 3131,2067 3480,2127 3510,1936 3128,2014 1240,2034"/>
                <Baseline points="1254,2096 1277,2093 1322,2093 1367,2093 1412,2090 1457,2090 1501,2090 1546,2087 1591,2090 1636,2087 1680,2087 1725,2087 1770,2084 1815,2084 1860,2084 1904,2084 1949,2084 1994,2084 2039,2084 2084,2081 2128,2084 2173,2081 2218,2081 2263,2081 2308,2078 2352,2078 2397,2078 2442,2078 2487,2075 2531,2075 2576,2075 2621,2075 2666,2072 2711,2069 2755,2069 2800,2066 2845,2066 2890,2069 2935,2066 2979,2066 3024,2066 3069,2066 3114,2063 3158,2063 3203,2060 3248,2060 3293,2060 3338,2060 3382,2060 3427,2057 3472,2054 3517,2057"/>
                <TextEquiv>
                    <Unicode>Schicksal Innen kürzlich zugefugt hat, und von dem wir alle mit</Unicode>
                </TextEquiv>
            </TextLine>
            <TextLine id="tr_1_tl_18" custom="readingOrder {index:17;}">
                <Coords points="1246,2259 3471,2226 3645,2193 3645,2061 1249,2163"/>
                <Baseline points="1262,2221 1277,2218 1322,2218 1367,2215 1412,2215 1457,2215 1501,2215 1546,2215 1591,2212 1636,2212 1680,2212 1725,2212 1770,2212 1815,2206 1860,2206 1904,2206 1949,2206 1994,2206 2039,2203 2084,2203 2128,2203 2173,2203 2218,2200 2263,2203 2308,2203 2352,2200 2397,2200 2442,2200 2487,2197 2531,2197 2576,2194 2621,2194 2666,2191 2711,2194 2755,2191 2800,2191 2845,2191 2890,2191 2935,2191 2979,2191 3024,2188 3069,2188 3114,2188 3158,2188 3203,2188 3248,2185 3293,2185 3338,2185 3382,2185 3427,2185 3472,2185 3517,2182 3562,2182 3606,2182 3651,2182"/>
                <TextEquiv>
                    <Unicode>Ihnen so tief erschüttert wurden. Ich wusste nicht,ob Sie aufgelegt</Unicode>
                </TextEquiv>
            </TextLine>
            <TextLine id="tr_1_tl_19" custom="readingOrder {index:18;}">
                <Coords points="1234,2369 3044,2372 3433,2333 3454,2262 2925,2193 1237,2297"/>
                <Baseline points="1254,2334 1265,2331 1310,2334 1355,2334 1400,2334 1445,2334 1489,2331 1534,2331 1579,2331 1624,2328 1669,2325 1713,2325 1758,2325 1803,2325 1848,2325 1892,2325 1937,2325 1982,2322 2027,2322 2072,2322 2116,2322 2161,2322 2206,2319 2251,2322 2296,2319 2340,2316 2385,2313 2430,2316 2475,2313 2519,2313 2564,2313 2609,2310 2654,2310 2699,2310 2743,2310 2788,2310 2833,2308 2878,2308 2923,2308 2967,2308 3012,2308 3057,2305 3102,2308 3147,2305 3191,2305 3236,2305 3281,2302 3326,2302 3370,2302 3415,2299 3460,2299"/>
                <TextEquiv>
                    <Unicode>seien, meinen Besuch oder irgend welchen anderen zu empfangen.</Unicode>
                </TextEquiv>
            </TextLine>
        </TextRegion>
        <TextRegion id="tr_2" custom="readingOrder {index:1;}">
            <Coords points="1265,2371 3579,2371 3579,3679 1265,3679"/>
            <TextLine id="tr_2_tl_1" custom="readingOrder {index:0;}">
                <Coords points="1246,2498 3546,2462 3546,2372 3185,2333 1249,2408"/>
                <Baseline points="1265,2460 1268,2460 1313,2457 1358,2457 1403,2454 1448,2457 1492,2454 1537,2454 1582,2454 1627,2454 1672,2451 1716,2451 1761,2451 1806,2451 1851,2451 1895,2448 1940,2448 1985,2448 2030,2445 2075,2445 2119,2445 2164,2445 2209,2445 2254,2445 2299,2442 2343,2442 2388,2439 2433,2442 2478,2439 2522,2439 2567,2439 2612,2436 2657,2436 2702,2436 2746,2436 2791,2433 2836,2433 2881,2433 2926,2433 2970,2430 3015,2430 3060,2430 3105,2430 3149,2430 3194,2430 3239,2430 3284,2430 3329,2427 3373,2427 3418,2427 3463,2424 3508,2424 3553,2421"/>
                <TextEquiv>
                    <Unicode>Aber Ihre Zeilen lassen mich hoffen, dass ich bald einmal wieder</Unicode>
                </TextEquiv>
            </TextLine>
            <TextLine id="tr_2_tl_2" custom="readingOrder {index:1;}">
                <Coords points="1249,2581 1930,2629 2626,2569 2769,2617 3029,2563 3032,2486 1252,2501"/>
                <Baseline points="1265,2579 1289,2576 1334,2573 1379,2573 1424,2573 1469,2570 1513,2570 1558,2570 1603,2570 1648,2567 1692,2567 1737,2564 1782,2564 1827,2564 1872,2564 1916,2564 1961,2564 2006,2564 2051,2564 2096,2564 2140,2564 2185,2564 2230,2561 2275,2561 2319,2561 2364,2558 2409,2558 2454,2558 2499,2555 2543,2555 2588,2555 2633,2555 2678,2552 2723,2552 2767,2552 2812,2552 2857,2552 2902,2552 2946,2552 2991,2552 3036,2549"/>
                <TextEquiv>
                    <Unicode>die Freude haben werde, Ihnen die Hand zu drücken.</Unicode>
                </TextEquiv>
            </TextLine>
            <TextLine id="tr_2_tl_3" custom="readingOrder {index:2;}">
                <Coords points="1446,2737 3041,2674 3513,2737 3573,2545 2632,2626 1446,2593"/>
                <Baseline points="1463,2696 1474,2693 1519,2690 1564,2690 1609,2693 1654,2690 1698,2690 1743,2690 1788,2687 1833,2684 1878,2684 1922,2687 1967,2687 2012,2687 2057,2684 2101,2687 2146,2687 2191,2687 2236,2687 2281,2684 2325,2684 2370,2684 2415,2681 2460,2681 2505,2678 2549,2678 2594,2675 2639,2678 2684,2678 2728,2675 2773,2675 2818,2675 2863,2672 2908,2672 2952,2672 2997,2672 3042,2672 3087,2672 3132,2672 3176,2672 3221,2669 3266,2669 3311,2669 3356,2669 3400,2666 3445,2666 3490,2666 3535,2663 3579,2660"/>
                <TextEquiv>
                    <Unicode>Nun zu Ihrer Anfrage. Ich habe die Aufforderung des“Bock of</Unicode>
                </TextEquiv>
            </TextLine>
            <TextLine id="tr_2_tl_4" custom="readingOrder {index:3;}">
                <Coords points="1249,2892 2450,2805 3283,2841 3471,2796 3474,2698 1951,2760 1580,2701 1249,2772"/>
                <Baseline points="1265,2818 1283,2818 1328,2815 1373,2815 1418,2815 1463,2815 1507,2815 1552,2812 1597,2812 1642,2812 1686,2809 1731,2809 1776,2809 1821,2812 1866,2806 1910,2806 1955,2806 2000,2806 2045,2803 2090,2803 2134,2803 2179,2803 2224,2803 2269,2803 2313,2800 2358,2800 2403,2800 2448,2800 2493,2800 2537,2797 2582,2797 2627,2797 2672,2797 2717,2794 2761,2794 2806,2794 2851,2794 2896,2791 2940,2791 2985,2791 3030,2791 3075,2794 3120,2791 3164,2791 3209,2788 3254,2788 3299,2788 3344,2788 3388,2782 3433,2782 3478,2782"/>
                <TextEquiv>
                    <Unicode>the Month Club" erhalten und zustimmend bedortwortet. Die Leute</Unicode>
                </TextEquiv>
            </TextLine>
            <TextLine id="tr_2_tl_5" custom="readingOrder {index:4;}">
                <Coords points="1246,3005 3540,2955 3540,2841 3200,2796 1249,2892"/>
                <Baseline points="1265,2935 1307,2935 1352,2935 1397,2935 1442,2935 1486,2932 1531,2932 1576,2932 1621,2932 1666,2929 1710,2932 1755,2932 1800,2932 1845,2929 1889,2929 1934,2929 1979,2926 2024,2926 2069,2923 2113,2923 2158,2923 2203,2923 2248,2923 2293,2920 2337,2920 2382,2923 2427,2920 2472,2920 2517,2920 2561,2917 2606,2917 2651,2917 2696,2914 2740,2914 2785,2914 2830,2911 2875,2911 2920,2914 2964,2911 3009,2911 3054,2911 3099,2911 3144,2911 3188,2911 3233,2911 3278,2911 3323,2908 3367,2908 3412,2905 3457,2902 3502,2902 3547,2896"/>
                <TextEquiv>
                    <Unicode>stellen sich ein präsentables Komitee zusammen, und da sie noto-</Unicode>
                </TextEquiv>
            </TextLine>
            <TextLine id="tr_2_tl_6" custom="readingOrder {index:5;}">
                <Coords points="1249,3086 1556,3065 1664,3128 1981,3056 2521,3098 2967,3041 3224,3095 3244,2961 1249,2996"/>
                <Baseline points="1265,3060 1277,3060 1322,3057 1367,3057 1412,3057 1457,3057 1501,3054 1546,3054 1591,3051 1636,3054 1680,3054 1725,3054 1770,3054 1815,3051 1860,3051 1904,3051 1949,3054 1994,3051 2039,3048 2084,3048 2128,3048 2173,3048 2218,3045 2263,3045 2308,3045 2352,3042 2397,3042 2442,3042 2487,3042 2531,3042 2576,3042 2621,3039 2666,3039 2711,3039 2755,3036 2800,3036 2845,3036 2890,3036 2935,3033 2979,3036 3024,3036 3069,3036 3114,3036 3158,3036 3203,3033 3248,3033"/>
                <TextEquiv>
                    <Unicode>risch viel Gelde haben, finde ich nichts Böses darin, mir</Unicode>
                </TextEquiv>
            </TextLine>
            <TextLine id="tr_2_tl_7" custom="readingOrder {index:6;}">
                <Coords points="1249,3262 1834,3176 3253,3188 3253,3083 1249,3101"/>
                <Baseline points="1265,3176 1289,3173 1334,3173 1379,3173 1424,3173 1469,3170 1513,3170 1558,3170 1603,3170 1648,3170 1692,3170 1737,3167 1782,3167 1827,3167 1872,3167 1916,3167 1961,3167 2006,3164 2051,3164 2096,3164 2140,3164 2185,3164 2230,3164 2275,3161 2319,3161 2364,3161 2409,3161 2454,3161 2499,3161 2543,3161 2588,3161 2633,3158 2678,3158 2723,3155 2767,3155 2812,3152 2857,3152 2902,3152 2946,3152 2991,3149 3036,3149 3081,3149 3126,3149 3170,3149 3215,3149 3260,3152"/>
                <TextEquiv>
                    <Unicode>Namen honorieren zu lassen, zumal es ja in der Tat nicht</Unicode>
                </TextEquiv>
            </TextLine>
            <TextLine id="tr_2_tl_8" custom="readingOrder {index:7;}">
                <Coords points="1255,3370 1864,3292 2205,3349 2324,3286 2799,3283 2979,3343 3232,3298 3235,3206 1258,3212"/>
                <Baseline points="1271,3299 1316,3299 1361,3299 1406,3299 1451,3299 1495,3299 1540,3296 1585,3296 1630,3296 1675,3293 1719,3293 1764,3293 1809,3293 1854,3293 1898,3290 1943,3290 1988,3293 2033,3290 2078,3290 2122,3290 2167,3290 2212,3287 2257,3287 2302,3287 2346,3284 2391,3284 2436,3284 2481,3284 2525,3284 2570,3281 2615,3281 2660,3281 2705,3278 2749,3278 2794,3278 2839,3278 2884,3278 2929,3278 2973,3278 3018,3275 3063,3275 3108,3275 3152,3275 3197,3272 3242,3275"/>
                <TextEquiv>
                    <Unicode>schliesslich der Name ist, sondern ich durchaus gesonnen</Unicode>
                </TextEquiv>
            </TextLine>
            <TextLine id="tr_2_tl_9" custom="readingOrder {index:8;}">
                <Coords points="1249,3463 2970,3433 3131,3403 3134,3316 1807,3364 1568,3313 1252,3370"/>
                <Baseline points="1265,3415 1301,3415 1346,3415 1391,3412 1436,3415 1480,3415 1525,3412 1570,3412 1615,3412 1660,3412 1704,3409 1749,3409 1794,3409 1839,3409 1884,3409 1928,3409 1973,3409 2018,3406 2063,3409 2107,3406 2152,3406 2197,3406 2242,3403 2287,3403 2331,3403 2376,3400 2421,3403 2466,3403 2511,3400 2555,3400 2600,3400 2645,3400 2690,3397 2734,3397 2779,3397 2824,3397 2869,3397 2914,3397 2958,3397 3003,3394 3048,3394 3093,3394 3138,3394"/>
                <TextEquiv>
                    <Unicode>ihnen von Zeit zu Zeit einen Brief zu schreiben und</Unicode>
                </TextEquiv>
            </TextLine>
            <TextLine id="tr_2_tl_10" custom="readingOrder {index:9;}">
                <Coords points="1303,3573 2196,3603 2548,3531 2605,3585 2883,3537 3083,3597 3146,3442 2265,3409 1616,3486 1306,3436"/>
                <Baseline points="1319,3544 1358,3538 1403,3538 1448,3541 1492,3538 1537,3535 1582,3535 1627,3535 1672,3532 1716,3535 1761,3532 1806,3532 1851,3535 1895,3532 1940,3532 1985,3532 2030,3532 2075,3535 2119,3535 2164,3532 2209,3529 2254,3529 2299,3526 2343,3526 2388,3523 2433,3526 2478,3526 2522,3523 2567,3520 2612,3523 2657,3523 2702,3520 2746,3520 2791,3520 2836,3520 2881,3520 2926,3517 2970,3517 3015,3517 3060,3517 3105,3517 3149,3517"/>
                <TextEquiv>
                    <Unicode>sche Bücher hinzuweisen, die für ihre Veröffentlichung</Unicode>
                </TextEquiv>
            </TextLine>
            <TextLine id="tr_2_tl_11" custom="readingOrder {index:10;}">
                <Coords points="2190,3672 2214,3663 2247,3669 2294,3710 2327,3696 2378,3707 2420,3666 2474,3681 2477,3591 2411,3591 2372,3609 2300,3582 2259,3543 2193,3555"/>
                <Baseline points="2206,3657 2251,3663 2296,3660 2340,3660 2385,3657 2430,3657 2475,3657 2481,3657"/>
                <TextEquiv>
                    <Unicode>geistig</Unicode>
                </TextEquiv>
            </TextLine>
            <TextLine id="tr_2_tl_12" custom="readingOrder {index:11;}">
                <Coords points="1294,3713 1395,3684 1473,3710 1556,3681 1637,3704 1760,3678 1891,3699 1891,3576 1822,3573 1745,3621 1601,3603 1530,3567 1449,3615 1356,3552 1294,3573"/>
                <Baseline points="1310,3669 1355,3666 1400,3666 1445,3666 1489,3666 1534,3666 1579,3663 1624,3663 1669,3663 1713,3663 1758,3663 1803,3663 1848,3666 1892,3666 1898,3669"/>
                <TextEquiv>
                    <Unicode>racht kommen. Das</Unicode>
                </TextEquiv>
            </TextLine>
        </TextRegion>
    </Page>
</PcGts>
