4123 4520
1248 535 1400 762 P.
688 541 904 762 1)1
1422 525 1859 700 Von tämätigsten werden.
1339 1106 2472 1289 möglicher weise aufgefallen. Ich war nicht
1348 1243 2527 1430 insperer meine Schrift weiter zu wahren.
1378 1376 2470 1575 Bei sehr das Tag schreibe ich an
1379 1541 2510 1720 einer Art von Brig, es sind be¬
1366 1706 2544 1882 fragungen, politisch i antipolitisch, seit¬
1372 1838 2546 2036 und Plastkritisch, Gurg, eigentlig uferlos
1382 1987 2579 2164 aber nun vog eidlig eingedämmt, und
1367 2143 2500 2316 bis zum Tgötherbſt darf ich hoffen,
1391 2296 2574 2512 abforbiert so haben. Als Rotto verdien,
1379 2443 2494 2641 te es den Soh? Mais que diable
1402 2619 2576 2782 allait - il faire dans cette galère? En
1412 2775 1996 2952 Vog mußte ich für.
1623 2900 2524 3063 die den verbindlichsten Grüßen
1381 3010 2356 3191 bier g, verurter für Doktor
1824 3152 2589 3396 Ganyar by any
