4424 4488
2538 743 3140 926 MÖNCHEN 9. T. 25
1170 845 1681 985 DR. THOMAS MANN
2535 893 2903 966 POSCHINGERSTH. 1
1550 987 2955 1180 haben und ganz aber für 2. Schreibgler
1379 1132 3114 1289 Van für Ihr gütiger Eingehen auf der
2025 1256 3069 1429 la jours még. besonders,
1249 1287 1875 1472 " Jaw berberg
1332 1348 3048 1571 Sie an den gützen Joachim so hilesahmme.
1329 1498 3219 1695 ja ging der Kifte ist von den ganze Ge¬
1351 1631 3228 1818 ligte. Jy war exprigtig travoirg an den Tage
1365 1749 3245 1939 eo ich ihm für Reise gebragt hatte. - Uhr ge¬
1358 1859 3271 2056 ma das Todes! Ja, das Berg mitt eine Ew.spol.
1263 2416 2198 2678 377.  Arosa. Bergkirchli m. Weisshofn.
2324 2967 2583 3088 Herrn
2291 3012 3117 3271 12. Arthur Schnitzler
2628 3226 2939 3456 Wien
2490 3409 3017 3582 Sternwartstr.
1474 3551 1835 3748 Brandt, Prot. Arest.
