3448 4168
239 253 1748 576 Sag wis bisten mir in eine
229 513 503 739 Carc
1436 465 2355 732 Ich bin es nicht
2494 704 2976 975 Leit
239 728 2380 1027 Uns will wohl, dass Du mich zu ein
222 957 3004 1263 Nachzualst mich nicht an dir noch zu alen lasse
208 1214 2647 1509 der Doctor Copus weiß es, wor mir fehl.
1599 1394 2491 1648 Darmtig auch
229 1492 2855 1762 senklagt seit ich und mich ich die klefs¬
236 1759 2969 2099 Und nach Verlaubtsein, sah er mit gesprochen
312 2036 2470 2341 gibt eine Pauline, gibt mir 2 anke,
2484 2126 2754 2289 ren
229 2255 1759 2577 jetzt den Halsgemeß zwey
1769 2282 3170 2570 in fiele eine sinnen
281 2532 3070 2837 Un merkt man mit nicht, wenn sie erscheint
278 2830 2407 3077 suchen. Er wird auf nicht einen
635 3032 2029 3247 Und auf sei die wird
673 3212 3063 3448 noch niemand, Kind. Dann aber kleibt ich
2182 3386 2962 3660 krannte
271 3576 763 3882 Cacril
801 3604 3170 3895 So gärt mich nicht! - Raut liebe ich von
