3480 4136
316 187 3147 617 der auch: Anselm soll geruhen werden.
1458 492 3129 859 er soll ich thun?... Gyma
264 558 1476 856 Nun komt Copi's M
272 731 3033 1102 sichten, daher. In der Kerkerweise u Codle
198 981 3111 1289 lassen. Gern! Da doch ab nicht mich auf
253 1205 3074 1649 geschoben werden; er fliegt vielleicht durch
213 1454 3147 1825 die Licht horen. Aber was hilft mir das alles.
224 1744 3067 2075 Sie ist schuld, daß sie glaubt. - So tödte ich sie
378 1932 3100 2394 Cypria vielleicht al Reitersmann, ehlig
1862 2156 2986 2457 leben. So werde
349 2226 1884 2541 In nun und rauf zu sch
1069 2413 2967 2776 daß er sein Meil anbring
334 2508 992 2835 greiflich
206 2699 3162 3111 will. Freiher nicht er einmal sagen. Wo im
180 2890 3030 3386 in Godenke og nenb ambrs infra Re
1792 3246 2989 3529 - Mir er mir die
1682 3397 1811 3544 re
231 3294 1631 3647 wein, ich brächte sie im
2240 3537 3089 3889 F Tgelympp
2079 3511 2244 3827 be
944 3555 2020 3941 you frr quikt, fe
235 3610 907 3963 Schwart je
