3384 4232
287 342 1456 629 Taraelin kommt.
174 574 1615 808 Sr willkommen. Gollze sich
155 754 1672 1014 edle Trai- bekt Zt nahmen.
244 944 1645 1169 Ich kreue kaum glauben. Der
185 1075 1619 1383 ist wohl lang her. - Ihr
204 1265 1666 1532 laßt euch eben lieb an belatin
200 1473 1596 1781 umwuscher at na großen
183 1649 1624 1951 trage de Menschheit. So sa
168 1834 1692 2114 die Frauen. Wie hielt mich kein
217 2044 1556 2323 Aber geht, und das ist groß
227 2223 1639 2548 zeub haft! - Um Zubeiwilt
212 2442 1598 2731 richs nicht werden kann. Wir sch
232 2623 1656 2865 aber auf er sein.. Ma konnte
191 2784 1660 3171 des? Ich kann heute beig glaub.
202 3086 1575 3383 machen sein waren.
234 3234 1564 3528 ich gebe ihre Frey hilf; ihm
225 3407 1588 3711 tassen mach ich sein! -  Jch
323 3602 1723 3953 ohne Schmerzenkrieg. Obrig
310 3862 1619 4059 mir I. Korgenschmerze und
1885 416 2988 627 Wer ist den Junk. Es- erfert¬
1894 580 3030 765 hat mir schon in ihr hof – Wir
1891 723 2967 903 demes, de sot il p aient
1864 980 3073 1145 Einbild ist alles. Ob mir mit
1849 1116 2918 1250 liebe ich gebut glaub ihn dessel¬
1834 1224 2997 1383 ob wir er in Gluthen mit ent¬
1830 1337 3128 1492 2d geb d tout huis en Vier et ingeschehen
1849 1462 3133 1634 ich geb Ihr hoffe auf dem, die mir sein
1758 1585 3062 1830 Von dieser noch Noz merk – t
1777 1738 3024 1938 täusch ich sie ist u gegenwart hinver¬
1781 1889 2282 2068 H Dr H - was
1851 1957 2729 2246 Zürich bin ich ihn in n Zweck
2057 2378 2977 2690 Copie 9h 1/2 Xd get
2093 2654 2856 2892 de ma plus et, il
2304 2875 2635 3041 M ici a
1768 3050 3152 3247 Von Frau das Schimmt die sehrem gelesenden Rechte
1777 3192 2234 3311 wandelt. -
1792 3235 3192 3447 Grunds schlafet er ein Erst f. Ihr sind xyz
1762 3417 3133 3592 Maas-Maas Befernf. Luft gefollet & tous
1751 3526 2427 3694 Wie - schwankt.
1800 3651 3164 3783 den kam ein ander die traf Ihnen mit der
1806 3738 3118 3908 ihre gebracht soll - sie soll es versteht - als
1760 3849 3177 4059 ichke auch Erben anher geben, die zum geschehen
