3400 4216
207 337 1627 649 Seelenschmerzen. Aber er sind
123 582 1648 877 g trück, die ihre Schmerzen sehr
217 785 1655 1076 lut haben. - Uriektiums
2044 954 3093 1206 Ceurele sont, nous
207 971 1581 1213 Schwerfteilern hat in Rünnen
1939 1129 3096 1455 zahl. - Tggen-moist, die
214 1140 1606 1441 wie ihm Mutter & die so samb.
214 1318 1648 1613 Sie womit ich jünge Bey. nehm
1879 1371 2356 1637 a blick.
172 1543 1585 1809 was of it kimmen way..
228 1764 519 2037 Yours.
1792 1897 3198 2230 Ihr sonst will ich d schwer und
189 1988 1637 2258 der Schwester kommt. Der Schmerz
1820 2135 2714 2426 wegnehme lassen
203 2156 1602 2430 welche & die angesehen uns den boß
189 2335 1553 2640 Knaben, der dich verrieth (nur
1778 2419 3145 2707 Was habeit schließlich gethan
235 2560 1501 2847 hätte.) O bes gibt es nicht!
323 2668 3142 2956 Schaft ein. Vat ist sie tat. Ich habe ihm trüber gleich gemacht
1841 2847 2945 3100 Mais une dèche tule
238 2931 1448 3184 Ihr nechst an nicht meh! —
1823 3029 3170 3271 zeigt, wie es ist es die
249 3036 1651 3324 Sie wacht auf. Prof. verk.
1774 3208 3173 3457 der nachläßiger und
989 3250 1329 3429 Ersern
305 3296 1592 3517 1 Gott, gebt Sr. Keer zu
1820 3341 2921 3594 Wir January,A
231 3405 1623 3738 ihr zurück. So will ich in
1834 3517 2980 3748 worauf pannen. In
1848 3710 2745 3945 wenn die sätlichen
228 3671 1634 4004 Schwester nicht. - 4 werkt
252 3885 1553 4109 Wenn ich ginge! Sei nein
