3432 4168
178 256 2755 480 30/10 Uhr die gestehe - bist froh, daß er so kam
252 402 2730 757 Dich an ein Weib gesund, nicht zu haben
210 640 2887 1013 Unstäter du, dem und das durchter Heimat
235 860 1692 1141 Und das Haus
505 1045 2808 1376 mer de andre Heimat, Recker ist
245 1276 3104 1646 verlei. Dich hat die Welt zum große Mauericht
270 1614 3111 1969 An frans Herde Im seilte sei - wir weiß - weis
2080 1888 2784 2097 Du verderten
178 2030 2510 2396 Taraulin Magsoir - in un Grosse Glück.
1287 2311 2883 2648 jedoch was sprechen wir davon
178 2528 2695 2901 his ward. Und daß Justices
2026 2801 3057 3096 unser für dich noch aus
267 3022 3111 3399 Aufs ihr vielleicht die Fernst zukunft den
2485 3274 3111 3466 Nachmalt
210 3338 2993 3697 Taracelsus. Mag sin. Die feuerste Zelleicht
2094 3591 2801 3783 mir in Frau
1351 3672 3157 3967 das seinen Achtheil ich diese
153 3701 1106 4014 Und dass ein Caser
1315 3847 1518 4035 zu
1529 3857 1795 4042 Just,
2176 3896 2848 4056 ihr nicht sehr
