3400 4216
161 272 1445 602 schmühl daß du + nicht gleich¬
150 516 1543 727 weiß, ob ich auch in der jähres
127 689 1616 959 In waren wir hat müsseküsst.
209 867 1573 1092 — Schläfe sie ein in mich il w
144 1036 1625 1263 Uhr Nacht b zahr. gut um. Auch
186 1178 1579 1499 handelt. O/h ich jetz, aber doch
157 1376 1712 1688 Bilass ich so... Bist du holl?
142 1594 1671 1894 Marie - E. Freit mich aben. Verzählt
163 1813 1654 2122 die, ihr ich sie geliebt? - Versehe
138 1990 1665 2320 Wird ich dich hoffe? - Zust noch?
157 2207 1623 2592 Inst wo diese erste biss als ich! -  Z
178 2462 1575 2715 und wir in lieb aber ganz ein¬
188 2583 1594 2966 Werde durch kauf zu rühren, als
171 2813 1685 3214 daß sie wenn a un Brucht linkt.
175 3014 1694 3387 at Kufen alt Malt si erwart
188 3239 1698 3640 Von die sel ich an meist geben
313 3504 1731 3814 der dann hoff ich disam mochten!
261 3720 1736 4014 wo sollt die in. Gericht hin¬
1725 259 2930 455 Incluie — die heraus – entheilen,
1750 409 3093 627 Nein! ich kann die erzähl. Schirmag
1769 543 3097 779 φ, wo er bei Umbacht; is muss
1771 723 2266 894 nach zürich.
1811 771 3060 998 die beliebte das eine dieser Ab sich er¬
1771 996 2214 1115 einzurückte
1821 1040 2851 1263 In ewig Gulden wird ich leben¬
1817 1207 3089 1383 Sie ist schuldig ich sein glaubt — Es ist die
1817 1335 3131 1537 wurf wäre - und manche bezieret
1784 1504 3087 1740 nicht nimmt wahr. die Knecht sie & nach
1796 1641 3122 1940 sie hoffen, als wenn sie das betreffende
1817 1838 3028 2068 hält. - Un belast wenn ich, wie er ihr
1775 1965 3057 2210 Aus der Bilder u flauche. Wiese ent¬
1850 2228 2187 2487 halt ein.
1825 2397 2508 2554 Avril konnte.
