3368 4184
293 345 966 607 Cyprie Knut.
302 542 1621 784 Macht die, was der Mann
146 722 1690 987 ist? Es wunderte. General¬
244 946 1401 1184 sus. Als sie entleicht:
195 1108 1668 1407 müsigewort, vor sieb sehen.
238 1317 1723 1561 Zeitr, der in sehr Nach kommt.
207 1491 1565 1752 liebt sie. Ich war... 6/4
139 1670 1711 1914 werdet roth. Ich wette, er hat
176 1869 1729 2154 auf... oderhitt er ja gerichtet
209 2055 1661 2324 - Also wisst, - so kennt! Ich
199 2209 1711 2533 hat ihr gebete, zu uns zu können.
211 2472 1058 2689 Btibt, Ornull
209 2597 1598 2859 G. man hørt de kann. V.
166 2763 1698 3079 begleich ihr bisher. Ich kent¬
180 2950 1598 3237 er die Leppen herauf!
1889 702 2853 921 Steopraat in Kosenheim. -
1842 901 3030 1104 derselbe, der in dich geworben.
1848 1071 3108 1264 vor 13 Jahren, N zwar Jahrzeuglich
1850 1235 2802 1460 9: jung kam, das nicht: - Leib
