3416 4136
178 189 3159 584 Wurde die Geschichte in derßstükke geführt, so konnte
2201 488 3144 829 i habe, ihr May
174 503 2167 891 Parailter, ohne sich entschlossen,
104 766 2500 1150 an Fühme zu nehmen, durch Vormittel
2486 858 3096 1110 qua is it.
189 1069 2748 1446 Ranker gewesen werden. (Als ihr 1. Schle¬
1006 1291 3048 1731 von könte, seit der Anstande
222 1369 1025 1731 dito auch: Co
196 1639 3144 2020 Justineur. Sagt: das haben wir längst gewust,
170 1957 3137 2356 die ganze Stadt hat's gewußt. Jetzt erst werden
155 2256 3070 2656 auch die Zweifel der R. nach. Und nun
2145 2523 3011 2870 selbst, ob er
166 2556 2075 2963 tritt Aufeln auf. P. fragt sich
129 2844 2859 3255 nicht verbracht an die Marscheit in ih
218 3118 2926 3566 gerecht haben. Dann erst tritt auf
