3400 4216
198 361 1541 631 Gib. das ist unmöglich.
181 526 1468 866 Ich schlaf nicht ein. ich des¬
712 718 1483 1008 Zentre - Sta.
136 839 654 1062 Verhuf,
204 945 1600 1283 schlitt sofort ein.  J. steht
169 1141 1120 1450 auch nur aus Bf. -
165 1339 1530 1627 Neu sob ich ihnen gesagt
190 1491 1504 1790 War dann. Meist mit¬
221 1702 1668 2031 Sie selbst, wie sich Gemehl
182 1955 1518 2296 leicht. Vergris! Sie sind
181 2104 1621 2432 out the kuia. Mr Rein. A
153 2335 1557 2652 wochit nicht, was ich jetzt
169 2553 1732 2834 dit April was ich die unter¬
423 2708 1704 3019 in Jan. Einschlecht Scher¬
297 2925 1675 3288 Freundes in? - Ich find ihn gut.
231 3160 1689 3471 Mittraln Spntan! - Tiefent
217 3409 1681 3723 der wirklich die glaubster
280 3611 1702 3941 mit seit dir der gesagt – ohne
930 3816 1638 4049 he ist & toll
445 3982 703 4084 war
1695 347 3005 559 Mj Kmit Creal -  Jà laubt a hlur
1743 489 2751 689 Sich, den kann für die nehmen.
1768 598 2920 792 Nein, licht nur mein Schmerze.
1801 740 2999 957 Ihr mitt soße Schmerzen sein —
1782 891 2968 1107 - drei schlütent er Justine ein¬
1755 1048 2960 1264 Sie mich sich auf die Knie von Cyser in geht -
1778 1213 2077 1343 Monr
1796 1303 3015 1487 Ich hab sie gleich genecht in Wie siehe doch
1800 1448 2958 1633 den Sänker? – briebte - daß
1844 1578 2361 1743 Oul veut et la lois
1848 1671 3028 1887 de bbcole. Mais de même sal mit
1848 1803 2693 1972 an die Rauch gegenacht.
1829 1920 2778 2151 zurück deren - Maß ich doch hoffe
1823 2095 2036 2254 but
1838 2143 3059 2343 Jan xxx bei ich sei, der ganze Teil
1827 2293 2953 2460 über haben so gebenkt, u geht wie ich das
1821 2434 2993 2609 wird ich ihnen was sich erwach¬
1827 2520 3075 2722 Ich hätte seiner dorten Kraft selbst mit
1846 2694 3034 2879 Me mich kein - ab der statt
1792 2821 3096 3019 is his hand julabt - Iul self tis an
1825 2955 3001 3168 geb kann. Ich nehme sie d, oh,
1815 3153 2382 3343 ein auch zu geb.
1856 3292 2968 3473 [illegible] - We sit of fort -
1864 3389 2877 3578 Ich lass doch in Rock warten!..
1935 3537 2248 3683 Slet soit.
1883 3593 2922 3803 erstört ist. Gekannt todlass ich
1877 3756 2421 3976 weil hoffen
