3480 4136
239 284 1663 691 M beikreisest nur
224 610 2753 944 Mir eine lahre wat für die mächst ich jetzt
221 845 2834 1256 Wie du. den blinde wird sehen machst¬
210 1101 3027 1456 Wer benst sich vor diesen Wunder nicht?
256 1378 2715 1792 Sie habe auch in Asien das gesuldigt
263 1631 2469 2041 Bring mein Seit dthi, wo di
1442 1866 3153 2224 dortfie - daß mit sellet
253 2129 2824 2494 Auf meinen Orgel dort ich
1715 2350 2764 2606 Accorde klungs
2434 2525 2771 2806 Yours
200 2641 2589 3139 Die hier auch als die herzliche entführte
2624 2711 2953 3006 Z im
228 3016 3045 3395 Und meit, wie alles sich die frei¬
2641 3353 2932 3543 dies
235 3434 765 3774 Mit R.
873 3518 3195 3883 Gewöhnst. Es thätens manch hier -
2080 3764 2438 3956 käme
2476 3760 3209 3963 bei t'écamer his
