3512 4264
677 538 3076 756 Suppestion. Sie muss glauben, dass sie früher einen
630 727 2935 897 Geliebten gehabt. Durch diese Augustion wird die
627 844 2928 1014 wahnsinnigste Eifersucht bei ihrem Gatten erregt.
630 998 3020 1193 Er will diese Augustion megräumen lassen. Aber der
627 1121 2960 1360 ist gestorben. Ewig träumt die Frau, von einem Ge-
633 1326 2088 1515 liebten den sie nie gehabt hat.
645 1615 2856 1766 Der unglücks lige Gätte erz hlt die Geschichte.
652 1732 3180 1955 Der Sugerent ist geflohen und schreibt dem Gatten aus
658 1974 1004 2081 Bremen.
696 2122 1804 2220 Oder er bringt sich um.
664 2273 1190 2393 Paracelsus.
