3480 4136
245 158 3125 561 hallet an. - Und nun sagte es ihm: Ja, ich
238 348 3048 883 kan (ifo a Maÿs wegnepere. Cela was
2140 663 3078 1048 agt aeuf,
238 736 2081 1121 es Machheit wäre. Wir
1880 986 3202 1385 und Gebält mir
326 986 1905 1444 sie nicht in der That Ansel
315 1264 3272 1777 Nach sie d. Mascheit sprechen, - dann kauf
832 1590 3070 1938 Vor alle nun doch gek fort.
267 1744 769 2092 es ja
2810 1847 3140 2184 liefer
1257 1876 2781 2250 ich und sie. - Nun sch.
242 1931 1275 2268 Sonst tödt ich
898 2140 3056 2587 Justine wieder ein und läßt sind
209 2209 832 2623 P. die
300 2521 1319 2946 Mehrheit reden.
