3400 4184
141 249 1585 532 et tres was. Ich tödte Ris
102 451 1591 741 wenn die is nicht theilen Unwä¬
139 633 1659 926 Wie ist jed herzlichkeit genau,
918 841 1578 1116 of May, and
141 920 914 1263 das ich seine
141 1050 1612 1446 wenn Gattin Seil nahm¬
192 1255 1661 1634 durch keiner kann nur ich.
251 1495 1661 1877 of Cass' dis in kosten weißen
271 1706 1555 2041 thi’s - ich hab seil. Ich k
175 1902 1570 2283 auch nie ganze tot laas-
202 2224 863 2488 Pelt lieges
213 2537 1685 2854 die tre kommt wieder. Sie Arte
196 2731 1687 3101 schwer. Sießetis in ihr Augen
198 2982 1614 3259 Sie konnte die heißen Wort sehr
500 3184 1636 3529 so denkt sie nichts seit
228 3291 488 3514 habe
243 3546 467 3712 & n
317 3614 1540 3989 macht ihn eher, es
