5816 4394
4196 176 4389 379 ir
1444 230 4078 446 ein Sesringtesten bei Rotters aufgefürt werden. Der
1491 399 4210 592 sagte darauf, das ein damter jeden liße, warauf mir
1518 531 4159 744 Auschlösen, jezt wärend meiner Einwesenheit in Balin,
4933 578 5190 717 ssets
1538 666 4061 855 einmal darüber zu herhandeln. Also von Absolutens
4954 690 5194 862 G.C.F.P
4568 585 4842 889 O
1552 774 4162 1008 Zur Verfügung stehen kann natürlich käme rede sein.
4974 815 5227 981 8.7.64
1559 906 4200 1143 Da müsten mir ein über die Gattaren einigt sein.
4798 967 5035 1089 Votre ache
4984 1099 5207 1234 B.S.F.S
2218 1065 4213 1285 Ad würde den "Sela" natürlich fürcht¬
4578 1119 4926 1217 G.C.H.F.P.D.K.
1559 1197 4051 1424 bar gein, undes einmal folgen und es kommen dafür
1559 1336 4179 1545 natürlich jezt auch andere Berlinen bönnen in betracht.
1562 1501 3990 1724 Natürlich müsste sich alles so fügen, nicht es im
1630 1613 4139 1870 interesé mêmes fran wunsché. Asi denke zunächt
1606 1755 4091 1971 Au et "Kammer sollte" und „ Das deutste Leater“.
1633 1941 4206 2117 er mir jezt Salten zu ihn andern Ufer verpielen.
1633 2029 4088 2218 Das wäre mir natürlich lieber, in bei Rotter's und
1650 2171 4281 2401 Aner fermutlich auch, tot wil (gass li das rettnk
1650 2326 4227 2577 nicht bereits aus Rotters hergehen haben) nächstens ein
5102 2357 5285 2492 G.H.F.P.
1640 2462 4132 2705 niel wird Dir. Rosen in ihrem eine über die sech¬
5045 2495 5278 2627 sse.S
1664 2587 4135 2864 reden. Ich glaube, an diesen beiden bünen ließe
5058 2610 5288 2773 A3.8
4500 2509 4943 2776 V.T.K.K,T.LK.
1674 2722 4149 2948 sich das, was ich nie, aus eheeten erraichen.-
5068 2739 5325 2904 xxv.84
4487 2837 5325 3074 Raup. ot. 3:7:8:a soel.en.
2326 2871 4135 3030 Bei Gegen in Wien, das nicht noch et
4538 3013 5325 3175 pereptal 320.2.
1731 2972 4267 3216 Kamersdpite hat, wäre es im Eintlitt auf meine
1711 3134 4088 3327 Mann mit „Der einsame Weg“ nicht gegangen.-
4592 3158 4771 3324 G.C.F.P
3527 3273 3966 3442 Grijhen
2455 3273 3452 3466 tise forerings foln
3493 3412 4135 3581 eigetenste
3097 3554 4118 4074 Altes Beperrung,
