5816 3720
462 997 2516 1235 ie ete eie anen, Agrasze als se scundtene aeri ein
984 1175 1884 1375 e i
1867 1201 2530 1392 deeh e
341 1292 2573 1546 diet rester esdelfes enist sen mit igten etaese.
2138 1469 2520 1673 AE
3266 1021 5615 1342 Man mass sich mit einst Frau auch in Ideen oder Krhn
2664 1181 5354 1395 geben könen, und wehe, wenn
3269 1292 5247 1509 ste einen dort unfeltfeenfästt da ne mit den
3319 1432 5257 1723 wat kont, eie ja lit gerig erhelen laße
