5736 3704
1295 579 2018 778 Mee ter de
1879 746 2428 866 o
1839 836 2269 1035 fnein
1743 1000 2290 1166 te de
1050 1249 2448 1438 er vr
1383 2312 1834 2451 ordeeei
1229 2403 1821 2584 e
2023 2685 2285 2839 e
1252 2806 1637 2949 a1
4899 277 5234 474 tecleun
4592 453 5131 610 ham Geleue
3277 491 5153 690 be sitz0 Euergio,eiue ungehoure Henge staht
3272 647 5191 836 Eitt er zir, ich kann seir erlauben zu dirchen.
3282 791 5274 917 Ueberdies verbessere ich meine Stellung durch
3302 914 5106 1058 das Dekluieren einer solchen Drohung. Sie
3279 1050 5226 1199 klingt stolz und tapfer, obwohl nicht die ge-
3282 1161 5272 1320 ringste Tapferkeit dazu gehört sie aus zuspre-
3282 1302 5184 1448 chen. Es ist evident, dass sich jener andere
3272 1426 5292 1582 staat nicht rühren kann und dass die Entschul-
3282 1557 4607 1725 digung daher stattfinden wird.
3713 1693 5262 1831 sollte wan sich wider Erwarten wei-
3295 1798 5277 1970 gern,so werde ich die Soldaten über die Greu-
3305 1942 5161 2111 ze schicken und die beleidigte Ehre meiner
3289 2083 5078 2249 Person und des Vaterlandes, das ich jetzt
3302 2216 5088 2358 repräsentiere, rächen.Das heisst,ich werde
3277 2340 5282 2478 dreissigtausend Soldaten, die sich nichts Bes-
3289 2471 5206 2620 seres wünsehen,die damit beinahe so gut wie
3289 2584 5294 2788 gar nichts risklören,, dazu benützen, um hundert
3282 2743 5196 2892 tausend vollkommen unschuldege Menschen, die
3274 2854 5239 3058 sich nicht nehren können, zu dranesalieren, in
