5720 3688
1047 1213 1505 1386 1.. 1. 31
3178 377 3466 598 tib et
3511 514 5202 692 denGebietes, innerhalb der Politik mit
3527 649 5263 791 dem Begriff des Liberalismus, in der Phi-
3513 759 5254 937 losophie mit dem Begriff der Skepsis, in
3511 887 5153 1027 der Kunst mit dem Begriff Psychologie
3513 1036 5193 1195 getrieben worden sind, bieten dem Obör-
3527 1159 5205 1319 flächlichen ebenso wie dem Unehrlichen
3527 1292 5205 1440 willkommenen Anlass den Missbrauch als
4380 1386 4683 1460 Bracn
3545 1397 5265 1561 die Regel, als den ain hinzu--
3545 1541 5299 1691 stellen und die Aufmerksamkeit der leser
3542 1669 5306 1842 der Zuhörer von der ursprünglichen Bedeu-
3542 1790 5301 1974 tung jener Norte wegzulocken.Dass Lirbe-
3549 1954 5272 2102 ralismus nichts anderes bedeutet, wenig-
3545 2069 5263 2199 stens zu Beginn der so bezeichneten po-
3545 2181 5297 2363 litischen Bewegung nichts. anderes bedeu-
3549 2325 5245 2473 tet hat, als das Bestreben, die Menschen-
3542 2442 5200 2617 in jeder Beziehung zu befreien, (gegen
3538 2635 5229 2783 Uebergriffe der Mächtigen zu schützen,
3567 2770 5276 2920 jeden nach seiner Fagon selig werden zu
3554 2877 5321 3064 lassen stc.), dass Skepsis nichts anderes
3563 3010 5339 3172 bedeutet, als den Vorsatz nichts auf Treu-
3554 3145 5357 3347 und Glauben hinzunehnen, sondern zu prüfer
