5720 3720
3315 507 5278 681 Die Bestrafung des Wittelbaren und noch mehr
3309 653 5300 848 des falkulktativen Mordes müsste die rorde-
3640 790 4829 969 ethischen zeitalters sein.
3279 915 5251 1079 Es ist unzulässig,dass zum Exempäl einWirt,
3303 1033 5354 1222 der, volikommen klar darüber, hiedurch das Leben
3309 1197 5132 1370 einem ihm unbekannten oder gleichgültigen
2951 1298 5394 1471 et  2.  Sled Wetemedet MAA Eleieh
3315 1425 5287 1611 vorsetzt, eine ganz geringfügige Strafe erlei-
3315 1553 5266 1723 det, und selbst, wenn der Gefährdete das Leben
3297 1680 5287 1875 wirklich verliert, keineswegs als ein bewuss-
3561 1790 3838 1881 detude
3303 1829 5202 2003 tor,nur besonders feiger Wörder, sondern nur
3306 1957 4385 2094 wegen fahrlässiger Tötung
4373 1963 5081 2136 Ebestraft wird.
4096 2051 4388 2133 der Todte
3297 2066 5242 2246 Nicht nur die absicht, auch das bewusste jus-
3297 2197 5224 2398 serachtlassen der Vorsicht-, der Rücksichtge-
4516 2316 4838 2477 der 11.
3267 2367 4470 2492 nügt, zum Wesen des Mordes.
3786 2437 4224 2528 s Ketreten
3327 2446 3674 2519 rblicum
3279 2446 5190 2632 bed der üittelbare Mord, dadurch vorübt,dass
3279 2586 5242 2753 der zum Tode Bestimmte mit Bewuestsein einer
3279 2701 4339 2881 Gefahr ausgesetzt wird.
3194 2838 5294 3024 (Die gelden, die nicht nur an ihren Feinden,sor
3245 2978 5336 3151 dern auch an ihren Freunden zu Mördern werden
3233 3096 4917 3291 Die Wärtorin, der unvoreichtige Arzt.)
