5720 3704
3087 321 3395 465 15./1.1812
3032 1236 3433 1413 Ar  . 1. .
3577 321 5269 525 Nichts ist dem mittelmässigen Menschen
3557 502 5288 659 wohltuender, als wenn er es in der Macht
3575 627 5343 806 hat ein Nort schon durch den Ton verächt
3577 764 5318 923 lich zu machen.So gibt es eine ganze An-
3565 871 5343 1057 zahl von Worten, die in laufe der letzten
3570 1007 5336 1201 Jahre aus harmlosen Buchstabenfolgen von
3555 1137 5288 1298 einer ganz bestimmten Bedeutung iegend
3557 1256 5555 1448 Al in getel
3570 1376 5286 1572 diert worden sind.Schuld daran sind die
3565 1535 5037 1701 Journalisten, die Feuilletonisten.
3570 1689 5311 1833 Wir wollen die guten alten Norte wieder
3589 1813 4264 1970 ehrlich machen.
3575 1873 5373 2082 Die drei Norte, die diese sehr charakteri
3582 2037 5363 2209 stische Laufbahn-durchgemacht haben, sind
3582 2142 5363 2346 unter andern:liberalisnus, Skepsis, Pesche
3575 2313 5346 2490 logie. Jeder Zeitungsjunge fühlt sich be-
3577 2435 5281 2602 rechtigt diese Worte mit einer Art von
3577 2567 5373 2714 Hohn anzuwenden, als wenn die Begriffe, die
3582 2659 5184 2828 damit ursprünglich bezeichnet worden.
3582 2796 5311 2985 sind, nicht durchaus arthax achtbare wä-
3582 2868 5418 3099 ren. Die Wissbräuche, die, wie innerhalb j-
3629 3154 4142 3358 er ernare.
