5912 4392
1557 1741 1894 1904 is
1446 1880 1991 2069 M
3675 1255 5461 1392 diesem Sinn anerkannt oder gar gefürchtet zu
3699 1385 5503 1519 werden. Es handelt sich ausschliesslich darum,
3680 1517 5531 1684 seine Fähigkeiten sin einer bestimmten Richtung
3687 1646 5574 1812 auszubilden und sie mit Zielbewugstheit anzuwer-
3677 1776 5574 1918 den. Alles Uebrige versteht sich von selbst. Die
3691 1906 5536 2052 Natiönen, welche im Fortschritt begriffen sind,
3649 2047 5453 2201 zeichnen sich immer dadurch aus, dass sie die
3668 2177 5501 2312 Errungenschaften aller anderen Nationen in die
3680 2304 5331 2465 Möglichkeiten ihrer Entwicklung aufnehmen.
