5736 3720
3329 490 5312 697 Im Kino hat man jetzt zuweilen das Vergnügen
3357 654 5229 805 sogenannte Zeitaufnahmen,Aufnahmen mit der
3341 782 5333 959 Zeitpupe zu sehen. Sche inbar einfache Beweguh-
3359 909 5224 1040 gen und Gesten werden dadurch, dass man die
3364 1035 5285 1194 Finze lauf nahmen mit ausserordentlicher Lang-
3359 1168 5307 1292 samkeit sich abrollen und, in eine Anzahl von
3346 1257 5376 1441 Teilbewegungen sich aulon sicht, in seltsan
3346 1386 5252 1550 lächerlicher, grotesker, ja auch unheimlicher
3359 1517 5267 1698 Weise verändert.Ein Sprung vom Fräsbulin in
3341 1683 5247 1832 die Tiefe, den wir statt in einer halben se-
3341 1812 5257 1981 kunde in zanzig Sekunden oder einer halben
3357 1916 5295 2090 nde ablaufen sohen, reizt uns irgendwie zum
3359 2057 5338 2239 Lachen.Ein Tanzschritt, ebenso aufgelöst, zeigt
3344 2198 5254 2362 uns vielleicht seine Schönheit, seine Grazie
3339 2314 5212 2501 in einer neuen unvermuteten Weise,freilich
3341 2463 5136 2620 kann es auch geschehen, dass er durch die
3354 2582 5345 2758 Verlangamung an Reiz verliert.Schon mehr dem
4871 2733 5128 2834 eines
3346 2731 4644 2890 Grotosken nähert sich der Ein
3341 2834 5348 3011 chimmytanzenden Paarsfaber. das Treiben in ei-
3341 2923 5363 3122 nem (Seebad, insbesondere menn wir vorher einer
