5704 3720
5098 394 5384 565 1864
3899 591 4293 762 National.
3630 733 5310 911 Das alberne Geschrei. National fühlen. Wie
3485 899 5231 1038 nützt man seiner Iation? Wie erweist man ihr
3485 995 5207 1142 seine Liebet Dadurch, dass man schreit: Ich
3485 1127 5250 1284 bin eih Deutscher! Wir sind die erste Nation!
3485 1264 5279 1399 Dadurch, dass man die Andern als minderwertig
3481 1397 5353 1543 hinstellt. Man benimmt sich national, indem man-
3481 1541 5384 1687 innerhalb seiner Fähigkeiten das denkbar Höchste
3461 1644 5394 1812 zu leisten bestrabt ist, so fördert man zugleich
3473 1784 5243 1964 sich selbst und die Nation, der man angehört.
3827 1897 5267 2031 fation von Bedeutung sindsäig, welche
3469 1942 3834 2074 Für die I
3827 2000 4904 2130 it durisberkart naleeen zehl
3473 2065 5226 2199 arbeiten; auf die, welche achreien, kann sie
3469 2185 3923 2315 verzichten.
3574 2303 5380 2495 (högest sie es doch endlich tun, mögef sie den
3473 2461 5334 2622 Schreihälgen im Parlament doch zu verstehen ge-
3473 2550 5310 2757 ben, dass sie nicht von ingen die Beschimpfung
3493 2716 4687 2863 der andern Nationen verlfingt.
3610 2822 5375 2952 Als wenn es sich immer um einen Vorrang han
3461 2978 5358 3122 delte, als wenn es sich darum handelte, mehr zu
3457 3082 5271 3262 se in als ein Anderer und von diesem Andern in
