5704 3688
3277 710 3679 889 Vaterland.
3263 835 5211 1026 Ich liebe dieses Land, dassen Wälder und Auen mir
3247 981 3849 1143 vertraut sind.
3217 1086 5003 1291 Die Spräche lieb' ich, die mein Vater sprach.
3201 1245 4057 1413 Tst Auus Tuggnd2:
4163 1299 4581 1445 santliher
3206 1372 5222 1553 Doch wie kann ich einen kkomplex ven Staaten lieben,
3225 1518 5359 1677 der sich allmälig bildete, durch Eroberungslust, durch
3225 1629 5389 1848 Heirat der Anen meiner Herren; wie kann ich dieschHer
3244 1775 5375 1931 ren liehen, von demich nichtsweiss, als dass er mein
3214 1915 5281 2093 Herr ist, Macht stat über mich, und dassen Will- NR
3244 2034 5222 2204 ist, nicht mein Lehen und Gut zu schützen, sondern
3244 2188 5348 2350 neues Land zu erwarhen für seine Söhne mit neuem Blut.
3255 2301 5321 2499 -Neini nentt ihr, das Vatarland, so lieb ich's nicht
3214 2453 3968 2599 und keiner liebt's.
3214 2585 5286 2717 Es ist ja auch wahrhaftig so unsinnig, dass man sich
3206 2707 5330 2866 nicht arders helfen konnte, als indam man dieses när-
3206 2842 5378 3036 rische Gefühl, das keiner wirklich hagt, zur Fugend stm
3231 3012 3501 3128 pelte.
3214 3069 5300 3260 Und denkt doch: wird dieses Stückchen Land, das mich
3190 3198 5281 3350 gebar, vom grossen danzen abgerissen, und behalt ich
3217 3296 5086 3466 das grosse Ganze lieb, so bin ich ein Varräter!
