5752 3656
670 803 2253 994 ebe
2050 1281 2715 1462 A
3334 546 5348 808 takehen( Wietesberiehungen) abt ga mel ste-
3287 735 5295 912 dien, die ziemlich unmerklich ine inander über-
3301 856 5207 1065 gehen: das eine, in den man sich nach jeden
3301 974 5303 1183 streit sofort versöhnen sollte, da die Versöh-
4292 1107 4545 1188 limub
3318 1138 5376 1318 nung doch unaushleiblieh ist -und ein meites,
3318 1256 5393 1428 wo man jeden streitals willkommendn, klass zum
3301 1357 5559 1555 Bruch bendtren sorlto
3306 1512 5171 1707 de alle Verelhnungen in diesem Stadiun nur
3289 1639 5351 1816 scheluber sind (Dar Schlimm let sehen nur, dess
3303 1760 5331 1957 diese stadten so unnorklfet tofmnder üerge-
3298 1932 3563 2129 Fon
