5720 3720
4469 453 5066 602 uidierderen
3695 554 5481 729 Der beste Patriot sist der, der seinem Vater-
3575 659 5373 818 land am meisten genützt, nicht der, der es am
3546 779 4483 942 heisgesten geliebt hat.
3731 901 5346 1076 Der Gemeinschaft, innerhalb der man lebt,
3570 1053 5488 1194 nützt man aber nur, indem man innerhalb des Krei-
3551 1160 5406 1367 ses seiner Fähigkeiten so intensiv als möglich
3570 1314 3910 1438 arheltet.
4268 1417 4606 1501 emeree
3702 1424 5392 1587 Daher ist ein ffabriksarbeiter, dessen Hame
3563 1549 5466 1717 Niemandeat, ein bessere Patriot als ein Gene-
3558 1693 5332 1827 ral, der nie im Feld gestanden ist, manchmal
3551 1801 5478 1980 auch als einer, der viele Schlachten mitgeschla-
3539 1925 3913 2115 gen hat.
