5800 3672
462 857 2561 1132 res Scauersttärer rselsdhener ich det mslgorf ein
453 1047 2132 1242 inn sid moh dim etendsieltet aenitrese
2121 1085 2596 1261 rt AI e
456 1187 706 1349 Aernhi
778 1206 2602 1393 le aurt neineh, tenis iehr, des aidret atltör
1580 1481 2580 1654 des ersnsges fisr-mni
390 1670 2602 1885 ede, sin raltsin deetfändend es mier meldort es frieh
486 1827 2574 2030 tengen ee hecregter abtsgrin, Siedwanserel endt wurt
533 1967 2580 2129 ges- Alislte sie lus dasn nch dassnur erän
448 2080 2577 2291 eind. ditstaretie anrienstid sit dur run si dei nen
1256 2231 2561 2421 48tertertnsaal erdi lus Nink diner
3363 846 5305 1066 Manchmal ist mir, als Kräusehten sich die Wellen
3316 1011 5237 1225 deiner seelei wird'« aber ruhig, so sch' ich die
3297 1170 5190 1349 Schlingpklanzen auf dem Grunde daliegen, glatt,
2926 1308 4069 1506 ram. 31921.
