5736 3704
901 799 2353 1089 Manegitreser etr gedes aefeesel
2002 1025 2422 1168 A.827
3404 718 5287 884 Die Revolution des Proletariats konnte man
3414 839 5173 1044 gelten lassen, mehr als das, sie war eine
3435 992 5232 1154 Notwendigkeit, wofür der beste Beweis ist,
3425 1125 5263 1273 dass sie kam,eine Notwendigkeit, wenn auch,
3435 1240 5306 1421 oder obwohl sie und oder weil s.oe nicht ge-
3423 1373 5301 1564 lang. Aber schlimmer ist, fass diese Revolu-
3423 1528 5256 1623 tion des Proletariats sich selber proleta-
3404 1661 5132 1797 ris iert hat, in piner kläglicheren Weise
3406 1752 5208 1926 als es die französische 1789 tat. Jene be-
3392 1871 5168 2062 gann doch immer als eine Revolution des
3383 2007 5170 2172 Geistes, um Böfreiung handelte es sich,um
3404 2141 5321 2284 Befreiung des Geistes und diese Uridee wirk
3380 2265 5197 2427 te immer noch nach, selbst als die Jakobi-
3392 2439 5173 2572 ner wütsten. Unsere Revolution aber ist
3385 2539 5197 2713 aus dem Ressentiment geboren; nicht ainwal
3385 2675 5094 2827 der Wunsch die eigenen Verhältnisse zu
3383 2808 5182 2939 bessern war das Primäre, sondern der Drang
3378 2942 5161 3070 Rache zu nehmen an denen, die es so lange
4408 3032 4970 3104 ein dchnia tur
3380 3056 5228 3211 besser gehabt hatten. In Russland,kam diese
3390 3158 5239 3316 unreine. Idee. sozusagen am reinsten heraus.
3731 3251 4124 3387 Cdei sput
5328 286 5590 448 1811
