5704 3688
2158 1262 2802 1413 2
3013 185 3409 433 g
5093 222 5451 439 1910
3224 569 5191 737 Wenn man von Klerikalen spricht, so muss man
3247 699 5275 861 sehr wohl diejenigen unterscheiden,die es ihrer
3241 792 5269 1008 Meltanschauung und ihrem Gehaben nach wirklich
3247 956 5171 1130 sind von solchen, die es nur riehitig finden,
3247 1080 5260 1262 dass die andern Menschen im Sinne dieer Weit-
2967 1202 5289 1395 ausehzuune leben und handeln. Dies eilt im übri
3224 1349 4636 1548 een füralle politischen Partäen.
3446 1629 3929 1944 Wefen.
