5736 3704
4950 330 5258 506 Jertlur
3320 548 5300 727 von jeuten,«id die sich keinsmags mit, mir und
3325 702 5037 826 meiner insicht identifizieren, werden vi-
4471 809 5044 891 weae mein te
3414 809 3712 901 Abulite
3312 809 5248 1002 desselbe zu erdulden haben. Ich selbst werde
3308 930 5206 1097 jedenfalls das allergeringste Risiko halch.
3290 1082 5191 1246 Der Beifall, der mich umbraust, tut mir wohl.
3312 1218 5228 1407 Ich weiss freilich, dass auch von den Leuteh,
3312 1313 5203 1499 die mich umjubeln,ke im swags alle innerlich
3305 1494 5216 1657 mit mir übereinstimmen und dass eine grossg
4662 1551 5342 1667 ii imeme secle
3308 1633 4970 1757 Anzahl nur aus apportunismus duemeiner
3312 1722 5136 1868 daitastoht. Ieh roiss auct, dass tot aroh
3312 1868 5275 2010 gegen die Befoldigung joneo Abgeordnaten kei-
3303 2012 5245 2131 wdes aufgetreten wärenwonn joner benachbarte
3303 2117 5168 2295 staat bewaffnet wäre und es soinereeits in
3312 2253 5161 2437 soiner Nacht hätte einige tausond soldaten
3312 2392 5223 2538 über unsere Grenze zu gehicken. Meine Phrase
3308 2499 5300 2660 ist also weder tapfer, noch grossartig,sondern
3308 2635 5305 2806 im Grurde eigenllich feig und niederträchtig.
3320 2774 5280 2930 Viele von denen, die mir zujubeln,wissen das,
3300 2883 5250 3089 Aben die werden sich wohl hüten es zu sagen.
