5720 3720
4834 352 5113 504 Jeller.
3336 554 5347 690 Normalaufnahme mit den herumtollenden Kindern
3746 682 4197 750 romeense
3336 705 5340 864 den woch am Ikax sparzieranden Herrn, den Fröl-
3348 803 5367 992 lich Badenden gesehen haben, und aus all diesen
3353 959 5272 1118 Individuen und Gruppen eine ron gewissermas-
3336 1052 5184 1251 sen unsichtbar gefesselte undgelähnte Ge-
3336 1216 5176 1392 sellschaft geworden ist, schleichende, krie-
3353 1347 5181 1518 chendexschwebende, schlaggerührte aubjekte,
3323 1483 5246 1586 dann wird uns beinahe unheimlich, zumute.Eine
3837 1556 4174 1651 mnpeluerm
4529 1558 5058 1657 icht ine erklene
3336 1584 5246 1790 Bewegung (auf lögen heisst,sihreg sinn zerstö-
3341 1732 5267 1896 ren, indem man ihren Rhythmus berändert, nieht
3336 1855 5312 2039 rielleioht oie erktären. Es eibt natüglich ei-
4846 1944 5111 2047 Bewege
3328 1991 5267 2168 ne Verlangsamung, in der der Sinn völlig ver-
3328 2122 5181 2301 loren geht, besonders für den Angeduldigen.
3801 2243 5196 2417 Man solite nun einmal versuchen
3318 2379 5259 2543 solche Aufnahmen mit der Zeitlupe auch Phra-
3341 2533 5299 2671 sen,besonders politische Phrasen aufzunehmen.
3318 2631 5267 2815 Dazu ist der Apparat noch nicht erfunden. Wir
3338 2739 5272 2940 müssen unseren Verstand zum Ersatz banüx he-
3323 2888 5347 3036 ranbemühen. Und das ist nicht jedermams Sache.
3789 3011 5221 3139 Ein Beispiel. Der Migister eines
