5768 3704
517 1023 2546 1240 Ferrfe, Far tiaed eitaifriten ach bant ehef taafnde
580 1180 2533 1366 Aenmatfer erale 채tle iler ein Ree Reded inandi A
1647 1316 2544 1511 Erttee HX Zurall Aesttg
3249 957 5250 1191 O uir Eevchologent Oft genug bringen wir selbst im
3262 1167 5368 1303 Herzen eines geliebten Wesens Keime zum Bl체hen, deren
3265 1306 5363 1448 Vorhandensein sie nicht ahnte. Unsere Eitelkeit l채sst
3257 1411 5253 1610 es nicht zu, dass wir ihr verschweigen, was in ihr
3262 1526 5353 1705 vorgeht, Dann-f체hlt sie selbst, dass wir Recht haben,
3247 1671 4773 1817 und damit ist der erste Stoss gegeben.
