5736 3720
4960 296 5414 479 3. Feilter
3259 452 5271 610 fremden staats fühlt sich durch die vielleicht
3249 569 5123 743 nicht taktvolle Rede eines Abgeordneten in
3251 700 5201 855 einem benachbarten Staat in seiner Eitelkeit
3259 830 5078 968 verletzt und gibt seinem Zorn Ausdruck in
3281 978 5063 1101 den Worten:Menn sich die Regierung nicht
3251 1074 5058 1257 entschuldigt, so werde ich dreissigtausend
3271 1222 5108 1387 soldatan über die Grenze spazieren lassen.
3826 1352 5191 1483 Das kbingt,das hat Rhythmus, das
3251 1473 5070 1626 dringt ein. Machen wir nun eine Zeitlupen-
3251 1608 5070 1759 auf nahme, wodurch die gedankengänge dieser
3246 1724 5038 1902 sche inbar klaren und grossartigen Phrase
3251 1867 5095 2045 blossgelegt werden, Gedankengänge, die viel-
3259 1987 5108 2158 leicht sogar densprecher der Phrase selbst
3264 2120 5158 2296 nicht ganz zu Bewusstsein gekommen sind.Die
3259 2260 4651 2403 Zeitlupe ergibt fplgondes Bild.
3846 2391 5238 2546 Der Abgeordnete dnes benachbar-
3259 2489 5163 2672 tan Staates, der sich jetzt unmöglich mehren
3276 2624 5261 2820 kann, weil er ko in Hoer besitzt, hat sich unehr
3294 2770 5301 2950 bieitig über mich geäussert. Ich habe es gli.
3264 2900 5153 3078 licherweise in der Macht mich zu rächen.Ich
