5704 3720
4035 358 5020 532 Beteuln 1504
3653 534 5130 688 Ich habe kein gefühl für Solidarität.)
3670 691 5415 838 Ich liebe mein Vaterland nicht, weil es mein
3504 814 5343 985 Vaterland, sondern weil es schön lixt. Ich habe,
3508 945 5039 1120 te imatgefühl, aber keinen Patriotismus.
3653 1056 5426 1249 Ich bin nicht stolz auf irgend Jemanden, wei
4356 1156 4622 1251 en de sle
3499 1225 4731 1360 er der gleichen Rasse(angehört,
3563 1332 5367 1491 en Fdt77 ZuR
3499 1457 5132 1583 lig der selben Familie entstammt wie ich.
4560 1524 5201 1621 den Handerbe
3646 1555 5400 1726 Ich habe auch nicht das geringste Standesge-
3492 1700 5367 1823 fühl und bin nicht beschämt, weil es auch unter
3480 1825 5044 1968 den Dichtern Lumpen (und Heuchler/giebt.
3653 1965 5315 2115 Ich war niemals der Kamerad von irgendwem,
3492 2127 5379 2255 weil er zufällig die selbe Chärge bekleidet hat,
3499 2215 5303 2362 nie der Kollege von Jemandem, weil er auf der-
4828 2333 5398 2452 un der ferrme
3499 2374 5054 2509 selben Schulbank sass wie. ich.  .
3653 2478 4529 2632 Ich liebe auch nicht d.
4520 2509 5391 2661 ig Menschheit als den-
4211 2573 4527 2663 Nia
3480 2602 4897 2768 20. eiemg wolwig engebnMerte
3646 2713 5331 2908 Ich fühle mich Niemandem solidarisch, weil
3487 2870 5374 3017 er zufällig der selben Nation, dem selben Stand,
3480 2993 5272 3183 der selben Rasse; der selben Familie angehört
3487 3129 5393 3311 wte ich. (Ich bin auf Niemanden stolz, nicht ein-
