5720 3704
2172 1206 2603 1367 176222 4a
2662 1225 2940 1338 a
3593 559 5243 717 National sein, heisst nicht, seine Nation
3427 685 5286 843 mehr lieben als eine andere, sondern innerhalb
3437 829 5363 1003 seiner Kreise zu arbeiten und (hadurch vezwagen)
3432 963 4794 1129 unbewusst seine Nation zu fördern.
3584 1078 5299 1241 Denn der Vorteil einer Nation gegenüber ei-
3282 1206 5436 1370 t 1der grösseren Arbeitsfahle
3432 1348 5291 1493 keit, Arbeitsleistung und dem grösseren Erfolg
3437 1477 5350 1632 derjenigen, die ihr angehören. Man braucht daher
3437 1600 5216 1749 se in Vaterland nicht zu lieben, um ein guter
3424 1739 4355 1902 Patriot zu sein. man
3654 1864 5227 2078 Es iit nicht wolr in tlechau znliebe, in at
3922 2033 4299 2159 peb, dies
3665 2065 5200 2218 datert in mentenet es gemuste solent
3697 2204 5093 2383 rileber learictranl in citule.
3988 2359 5005 2512 li e Volceb stum exen
4090 2453 5037 2630 ut dert lieb - mn jeht a
