5720 3720
3250 481 5182 640 je der Weise zu schädigen, sie ihrer Freiheit,
3267 588 5237 786 ihrer selbstantschliessung berauben, leute da-
3275 739 5193 909 runter, die nicht das Ggringste von der Sache
3261 857 5470 1047 verstehen,von der Rede jetes Abgeordneten nellenet
3281 995 5121 1173 überhaupt nichts wissen, sie möglicherweise
3256 1107 5193 1297 nicht billigen würden. Falls irgemd einer von
3264 1245 5187 1451 diesen Hunderttausend sich gegen den Terre-
3270 1374 5127 1566 rismus meiner soldaten widersetzen sollte,
3264 1486 5245 1673 werde Ich auch keinen instand nehmen ihn ein-
3256 1621 5157 1830 kerkern oder umbringen zu lasen. Sollte da-
3275 1772 5267 1937 raus ein Krieg entstehen, so werden eben wieder
3270 1888 5168 2066 Tausende und Tausende vollkommen unschuldig
3264 2019 5091 2206 erschossen, verstümmelt, gebledet werden,so
3286 2138 5250 2305 und so viele werden verhungern, es wird Mitwen
3261 2283 5215 2456 und Waisen geben u.s.w. Dassf unter all die-
3270 2404 5168 2605 sen opfern keinesnögs jener Abgeordnete und
3275 2541 5171 2753 überhaupt ko in Mitglied der Rogirung sein,?
3500 2671 3910 2769 gewecht mitt.
3267 2687 5168 2852 wird, sist selbstvörständlich sauch von meinen
3281 2780 5226 3044 Anhängern und Freundenfahet natürtich abch.
