5736 3688
3574 395 5174 616 auf Anwichtigkeiten verführt. Aber es
3566 576 5197 739 wird nicht schwer fallen überall, also
3561 734 5335 870 auch innerhalb der den hier gekennzeich-
3557 837 5319 984 neten direkt kontradiktorischen Anschau-
3554 951 5335 1158 ungseformen, in gleicher Meise das Missli
3550 1100 5239 1256 che und gefährliche. ja das Lächerliche
3557 1220 5330 1386 zu eutdseken, wenn man statt des Negentli-
3554 1348 5239 1508 chen das;Nebensächliche als Charakteri.
3532 1495 5221 1615 stikum hervorzuheben sucht. Wärum aber
3537 1604 5288 1749 versucht wan heute derartiges nicht oder
3514 1727 5210 1903 zumindest nicht in dem Wasse gegenüber
3519 1888 5281 2035 dem Konservatismus in der Politik, gegen-
3519 1990 5192 2142 über dem optimismus in der Philosophio
3525 2106 5025 2294 (es gibt sonderbarer Weise keindem
3532 2278 5197 2385 Skeptizismus in entsprechender Art ge-
3519 2421 5266 2537 gensätzliches wort,da man das Wort Glau-
3521 2524 5150 2660 be innerhalb des Philosophischen kaum
3494 2666 5239 2796 wird gelten lassen können)geganüber der
3501 2778 5217 2921 pragmatischen Darstellung in der Litea-
3512 2885 5264 3057 tur (wo mit ebensowohl das oberflächlich
3470 3023 5266 3215 Erzählende als das Pathetisch-pheatrali-
