5752 3704
338 780 1598 985 Abrsendeet deb
1613 947 2669 1146 deteee bestt nut eie e
3373 1177 5398 1278 Es gibt Frauen, die etwas Elementares sind wir die
3381 1298 3694 1394 Erde.
3409 1424 5257 1578 Es ist ihnen alles gleich wichtig,Dar Schmarz
3416 1545 5429 1712 über einen verloranen Geliebten, über ein verlegte
3416 1679 5421 1843 Schmuckstück wirkt auf gleiche Weise. Sie haben die
3409 1810 5287 1992 selben Worte, die selben Empfindungen dafür. Rs
3409 1949 5292 2126 fliegt in ihre Sealz alles mit gleicher Schwere
3404 2091 5308 2235 hinein wie die Erde alles mit gleicher Kraft an-
3396 2214 5328 2363 zieht. Sie haben auch Recht wie die Elemente. Sie
3416 2353 5232 2502 ahnen, dass Beziehungen etwas Zufälliges sind.
3386 2490 4957 2611 Schmerz bleibt Schmarz, Freude Freude.
