<?xml version="1.0" encoding="UTF-8" standalone="yes"?>
<PcGts xmlns="http://schema.primaresearch.org/PAGE/gts/pagecontent/2013-07-15" xmlns:xsi="http://www.w3.org/2001/XMLSchema-instance" xsi:schemaLocation="http://schema.primaresearch.org/PAGE/gts/pagecontent/2013-07-15 http://schema.primaresearch.org/PAGE/gts/pagecontent/2013-07-15/pagecontent.xsd">
    <Metadata>
        <Creator>prov=READ-COOP:name=PyLaia@TranskribusPlatform:version=2.7.0:model_id=50870:lm=none:date=22_01_2024_20:46</Creator>
        <Created>2023-09-27T14:40:35.333+02:00</Created>
        <LastChange>2024-01-22T20:46:25.179+01:00</LastChange>
        <TranskribusMetadata docId="1589063" pageId="60126266" pageNr="80" tsid="145640957" status="IN_PROGRESS" userId="40391" imgUrl="https://files.transkribus.eu/Get?id=SHLAYHKWSBOCPLBKZETEQXMZ&amp;fileType=view" xmlUrl="https://files.transkribus.eu/Get?id=AVFIHAHTMMUCQVPPNTSJVFVR" imageId="48551343"/>
    </Metadata>
    <Page imageFilename="1589063_0080.jpg" imageWidth="5704" imageHeight="3688">
        <ReadingOrder>
            <OrderedGroup id="ro_1711788963555" caption="Regions reading order">
                <RegionRefIndexed index="0" regionRef="tr_1"/>
            </OrderedGroup>
        </ReadingOrder>
        <TextRegion orientation="0.0" id="tr_1" custom="readingOrder {index:0;}">
            <Coords points="3312,619 3312,3330 5352,3330 5352,619"/>
            <TextLine id="tr_1_tl_1" custom="readingOrder {index:0;}">
                <Coords points="3307,767 4042,697 4356,739 4514,687 4613,719 5093,689 5161,729 5161,619 5012,543 4711,601 4341,553 4260,591 3891,558 3820,601 3642,609 3574,563 3310,604"/>
                <Baseline points="3323,704 3415,707 3507,704 3599,707 3691,710 3784,707 3876,704 3968,700 4060,698 4152,698 4245,698 4337,694 4429,687 4521,686 4613,686 4706,686 4798,686 4890,686 4982,686 5074,686 5167,680"/>
                <TextEquiv>
                    <Unicode>Polltik, ein Nort vieldeutig mie Religion..</Unicode>
                </TextEquiv>
            </TextLine>
            <TextLine id="tr_1_tl_2" custom="readingOrder {index:1;}">
                <Coords points="3310,845 3667,873 4565,832 4565,717 3310,767"/>
                <Baseline points="3323,841 3385,841 3447,841 3510,840 3572,836 3635,835 3697,835 3759,835 3822,835 3884,833 3947,829 4009,829 4071,829 4134,829 4196,829 4259,829 4321,828 4383,824 4446,823 4508,821 4571,817"/>
                <TextEquiv>
                    <Unicode>Was kann sie alles bedeuten?</Unicode>
                </TextEquiv>
            </TextLine>
            <TextLine id="tr_1_tl_3" custom="readingOrder {index:2;}">
                <Coords points="3310,986 4472,951 4819,986 5025,958 5027,860 4678,832 4562,883 4361,885 4283,843 4145,883 3871,843 3798,883 3310,900"/>
                <Baseline points="3323,966 3408,966 3493,966 3579,966 3664,966 3749,966 3835,962 3920,960 4005,960 4091,960 4176,960 4261,958 4347,954 4432,952 4517,948 4603,948 4688,948 4773,947 4859,941 4944,936 5030,924"/>
                <TextEquiv>
                    <Unicode>Vor allen Atmosphäre eines Landes,land-</Unicode>
                </TextEquiv>
            </TextLine>
            <TextLine id="tr_1_tl_4" custom="readingOrder {index:3;}">
                <Coords points="3320,1114 4582,1089 4635,1124 4851,1074 5108,1122 5110,988 4919,1001 4706,948 3808,966 3639,1031 3322,983"/>
                <Baseline points="3335,1098 3428,1103 3522,1098 3615,1098 3709,1098 3803,1096 3896,1092 3990,1092 4084,1092 4177,1089 4271,1086 4364,1086 4458,1082 4552,1080 4645,1075 4739,1074 4833,1074 4926,1069 5020,1068 5114,1080"/>
                <TextEquiv>
                    <Unicode>schaftlich, Skonomisch,historisch bedingt.</Unicode>
                </TextEquiv>
            </TextLine>
            <TextLine id="tr_1_tl_5" custom="readingOrder {index:4;}">
                <Coords points="3297,1230 3408,1268 3607,1245 3667,1288 3813,1230 4097,1250 4260,1212 4658,1275 4872,1207 5256,1230 5224,1127 3996,1122 3896,1167 3740,1112 3435,1177 3300,1147"/>
                <Baseline points="3312,1229 3409,1229 3507,1227 3604,1223 3702,1223 3799,1219 3897,1221 3994,1218 4092,1217 4189,1211 4287,1211 4385,1211 4482,1209 4580,1205 4677,1205 4775,1205 4872,1201 4970,1199 5067,1194 5165,1198 5263,1199"/>
                <TextEquiv>
                    <Unicode>Ueberdieg beeikflusst durch dasVorhandensein</Unicode>
                </TextEquiv>
            </TextLine>
            <TextLine id="tr_1_tl_6" custom="readingOrder {index:5;}">
                <Coords points="3322,1388 4743,1358 4746,1245 4029,1278 3873,1242 3657,1300 3589,1250 3493,1283 3325,1237"/>
                <Baseline points="3335,1360 3405,1360 3476,1355 3547,1357 3618,1358 3688,1353 3759,1348 3830,1352 3901,1351 3971,1348 4042,1347 4113,1343 4184,1342 4254,1342 4325,1340 4396,1336 4467,1336 4537,1336 4608,1338 4679,1342 4750,1342"/>
                <TextEquiv>
                    <Unicode>von bestimmten Persönlichkeiten.</Unicode>
                </TextEquiv>
            </TextLine>
            <TextLine id="tr_1_tl_7" custom="readingOrder {index:6;}">
                <Coords points="3332,1509 5080,1484 5080,1363 5020,1358 4773,1391 4640,1348 4462,1406 4308,1371 3921,1368 3813,1406 3609,1378 3561,1416 3466,1363 3335,1386"/>
                <Baseline points="3347,1485 3433,1485 3520,1482 3607,1476 3694,1476 3781,1479 3868,1479 3954,1479 4041,1477 4128,1474 4215,1472 4302,1468 4389,1468 4476,1468 4562,1467 4649,1462 4736,1461 4823,1457 4910,1462 4997,1456 5084,1462"/>
                <TextEquiv>
                    <Unicode>Eplitik- das augenblickliche Verhältnis</Unicode>
                </TextEquiv>
            </TextLine>
            <TextLine id="tr_1_tl_8" custom="readingOrder {index:7;}">
                <Coords points="3327,1635 4575,1630 4680,1595 4753,1627 5105,1587 5204,1632 5329,1592 5332,1446 5007,1509 4859,1484 4758,1537 4434,1542 4308,1476 3803,1537 3330,1504"/>
                <Baseline points="3341,1617 3440,1617 3540,1617 3640,1617 3739,1611 3839,1609 3939,1605 4038,1602 4138,1599 4238,1594 4338,1593 4437,1599 4537,1593 4637,1593 4736,1591 4836,1587 4936,1587 5035,1583 5135,1581 5235,1581 5335,1575"/>
                <TextEquiv>
                    <Unicode>zwischen Regierung und Bürger, der Bürger unter</Unicode>
                </TextEquiv>
            </TextLine>
            <TextLine id="tr_1_tl_9" custom="readingOrder {index:8;}">
                <Coords points="3322,1763 3737,1783 4195,1738 4245,1771 4527,1730 4673,1768 5329,1718 5329,1620 5282,1597 5136,1642 5055,1602 4889,1647 4530,1610 4283,1615 4210,1657 3901,1622 3325,1665"/>
                <Baseline points="3335,1748 3435,1743 3535,1742 3635,1742 3735,1736 3835,1736 3935,1734 4035,1730 4135,1730 4235,1730 4335,1730 4435,1724 4535,1724 4635,1724 4735,1724 4835,1721 4935,1715 5035,1712 5135,1712 5235,1712 5335,1700"/>
                <TextEquiv>
                    <Unicode>einander, des Landes zu seinen Nachbarn und an</Unicode>
                </TextEquiv>
            </TextLine>
            <TextLine id="tr_1_tl_10" custom="readingOrder {index:9;}">
                <Coords points="3310,1899 3423,1879 3496,1909 3584,1889 3637,1921 3755,1911 3818,1871 3908,1894 3944,1879 3944,1781 3913,1776 3810,1813 3745,1793 3717,1813 3493,1771 3310,1816"/>
                <Baseline points="3323,1867 3354,1869 3385,1871 3417,1873 3448,1873 3479,1873 3511,1872 3542,1870 3573,1868 3605,1867 3636,1867 3667,1867 3699,1867 3730,1867 3761,1867 3793,1867 3824,1867 3855,1867 3887,1867 3918,1867 3950,1867"/>
                <TextEquiv>
                    <Unicode>deren Völkern.</Unicode>
                </TextEquiv>
            </TextLine>
            <TextLine id="tr_1_tl_11" custom="readingOrder {index:10;}">
                <Coords points="3320,2055 3551,1999 4059,2045 4125,2007 4233,2052 4333,1992 4982,1994 4982,1934 4733,1894 4419,1924 4303,1891 4047,1947 3322,1929"/>
                <Baseline points="3335,1993 3417,1996 3500,1999 3582,1999 3665,1999 3748,1998 3830,1993 3913,1993 3996,1993 4078,1993 4161,1988 4244,1991 4326,1989 4409,1987 4492,1984 4574,1979 4657,1975 4740,1976 4822,1981 4905,1981 4988,1981"/>
                <TextEquiv>
                    <Unicode>Politik, die Verwaltungsmethoden u.s.w.</Unicode>
                </TextEquiv>
            </TextLine>
            <TextLine id="tr_1_tl_12" custom="readingOrder {index:11;}">
                <Coords points="3305,2148 5100,2133 5204,2108 5206,1977 4489,2075 4115,2020 4019,2072 3850,2032 3586,2087 3305,2062"/>
                <Baseline points="3318,2130 3412,2124 3507,2124 3601,2130 3696,2129 3790,2124 3885,2124 3979,2122 4074,2118 4168,2118 4263,2118 4358,2115 4452,2112 4547,2108 4641,2106 4736,2106 4830,2106 4925,2101 5019,2105 5114,2100 5209,2088"/>
                <TextEquiv>
                    <Unicode>Und so kann auch Mangel an politischem in-</Unicode>
                </TextEquiv>
            </TextLine>
            <TextLine id="tr_1_tl_13" custom="readingOrder {index:12;}">
                <Coords points="3310,2279 4482,2258 4482,2206 4301,2173 3312,2188"/>
                <Baseline points="3323,2249 3381,2257 3439,2261 3497,2261 3555,2261 3614,2260 3672,2256 3730,2255 3788,2254 3846,2250 3905,2249 3963,2249 4021,2249 4079,2246 4137,2243 4196,2243 4254,2243 4312,2243 4370,2243 4428,2245 4487,2249"/>
                <TextEquiv>
                    <Unicode>teresse allerlei bedeuten.</Unicode>
                </TextEquiv>
            </TextLine>
            <TextLine id="tr_1_tl_14" custom="readingOrder {index:13;}">
                <Coords points="3327,2409 3586,2450 3913,2384 4180,2429 4421,2389 4582,2419 4708,2364 5025,2407 5204,2379 5206,2274 4877,2319 4753,2269 4401,2319 3750,2284 3684,2339 3330,2324"/>
                <Baseline points="3341,2387 3434,2387 3527,2387 3621,2387 3714,2385 3808,2381 3901,2381 3994,2381 4088,2378 4181,2375 4275,2375 4368,2371 4461,2373 4555,2371 4648,2365 4742,2363 4835,2363 4928,2363 5022,2363 5115,2363 5209,2357"/>
                <TextEquiv>
                    <Unicode>Mar gelles Interesse am Gang der Geschichte,</Unicode>
                </TextEquiv>
            </TextLine>
            <TextLine id="tr_1_tl_15" custom="readingOrder {index:14;}">
                <Coords points="3322,2553 3438,2518 3647,2565 3918,2515 5090,2523 5209,2495 5211,2419 4841,2447 4741,2407 4625,2452 4416,2389 4004,2457 3735,2432 3617,2467 3501,2429 3322,2470"/>
                <Baseline points="3335,2518 3429,2518 3523,2518 3617,2517 3711,2512 3805,2512 3899,2510 3993,2506 4087,2506 4181,2506 4275,2503 4369,2500 4463,2496 4557,2498 4651,2496 4745,2494 4839,2494 4933,2494 5027,2494 5121,2494 5215,2488"/>
                <TextEquiv>
                    <Unicode>an ökonomischen Zuständen des, Landes u.s.W.</Unicode>
                </TextEquiv>
            </TextLine>
            <TextLine id="tr_1_tl_16" custom="readingOrder {index:15;}">
                <Coords points="3541,2681 4240,2641 4454,2689 4502,2648 4816,2633 5010,2694 5176,2653 5332,2676 5334,2585 5264,2555 5080,2575 4877,2525 4293,2593 3544,2570"/>
                <Baseline points="3556,2637 3645,2643 3734,2643 3823,2643 3913,2637 4002,2637 4091,2637 4180,2637 4270,2631 4359,2631 4448,2631 4537,2625 4627,2625 4716,2625 4805,2619 4894,2619 4984,2619 5073,2619 5162,2619 5251,2619 5341,2625"/>
                <TextEquiv>
                    <Unicode>Doch auch an den ephameren Veränderungen,</Unicode>
                </TextEquiv>
            </TextLine>
            <TextLine id="tr_1_tl_17" custom="readingOrder {index:16;}">
                <Coords points="3322,2792 4731,2784 4733,2711 4472,2673 4014,2741 3825,2689 3322,2729"/>
                <Baseline points="3335,2774 3405,2780 3475,2780 3545,2780 3615,2777 3685,2774 3755,2774 3826,2765 3896,2770 3966,2772 4036,2768 4106,2768 4176,2768 4246,2765 4317,2763 4387,2763 4457,2758 4527,2757 4597,2760 4667,2764 4738,2768"/>
                <TextEquiv>
                    <Unicode>wie sie der Tag mit sich bringt,</Unicode>
                </TextEquiv>
            </TextLine>
            <TextLine id="tr_1_tl_18" custom="readingOrder {index:17;}">
                <Coords points="3327,2943 4763,2880 4944,2925 5344,2900 5347,2766 5294,2764 5176,2832 4419,2792 3843,2857 3586,2807 3466,2855 3330,2834"/>
                <Baseline points="3341,2900 3441,2906 3542,2906 3642,2906 3743,2906 3843,2900 3944,2900 4044,2898 4145,2894 4245,2894 4346,2894 4447,2889 4547,2888 4648,2882 4748,2882 4849,2880 4949,2876 5050,2876 5150,2876 5251,2876 5352,2870"/>
                <TextEquiv>
                    <Unicode>Politisches Interesse kann hoher und niederer</Unicode>
                </TextEquiv>
            </TextLine>
            <TextLine id="tr_1_tl_19" custom="readingOrder {index:18;}">
                <Coords points="3332,3051 3898,3081 4084,3033 4248,3066 4776,3041 4758,2938 4042,2978 3946,2938 3566,2983 3335,2938"/>
                <Baseline points="3347,3037 3418,3042 3490,3043 3561,3041 3633,3037 3705,3037 3776,3037 3848,3030 3920,3025 3991,3025 4063,3025 4135,3025 4206,3021 4278,3021 4350,3024 4421,3019 4493,3019 4565,3019 4636,3019 4708,3019 4780,3019"/>
                <TextEquiv>
                    <Unicode>Art sein.Wird leicht überschätzt.</Unicode>
                </TextEquiv>
            </TextLine>
            <TextLine id="tr_1_tl_20" custom="readingOrder {index:19;}">
                <Coords points="3340,3194 3732,3171 3825,3219 3991,3179 4258,3207 4487,3159 4882,3187 5329,3146 5329,3046 5244,3018 4784,3063 4738,3101 4557,3043 4419,3109 4369,3071 4308,3109 3946,3071 3747,3116 3342,3098"/>
                <Baseline points="3353,3162 3452,3168 3551,3168 3650,3162 3749,3162 3848,3160 3947,3156 4046,3156 4145,3156 4244,3156 4344,3145 4443,3150 4542,3149 4641,3142 4740,3140 4839,3144 4938,3141 5037,3135 5136,3133 5235,3133 5335,3133"/>
                <TextEquiv>
                    <Unicode>kann auch einfach Mangel an Altruisnus bedeu-</Unicode>
                </TextEquiv>
            </TextLine>
            <TextLine id="tr_1_tl_21" custom="readingOrder {index:20;}">
                <Coords points="3320,3307 3881,3342 4052,3292 4288,3363 4424,3292 5073,3302 5138,3280 5141,3184 4987,3164 4851,3229 4685,3166 4459,3227 3984,3189 3803,3244 3322,3222"/>
                <Baseline points="3335,3300 3425,3300 3515,3300 3606,3300 3696,3295 3787,3294 3877,3294 3968,3289 4058,3288 4149,3288 4239,3288 4329,3283 4420,3282 4510,3276 4601,3276 4691,3276 4782,3270 4872,3270 4963,3270 5053,3270 5144,3270"/>
                <TextEquiv>
                    <Unicode>ton, insofern uns das Schicksäl der Andern</Unicode>
                </TextEquiv>
            </TextLine>
            <TextEquiv>
                <Unicode></Unicode>
            </TextEquiv>
        </TextRegion>
    </Page>
</PcGts>
