5720 3688
3492 462 5115 598 sche, bezeichnet werden soll.All dies
3512 627 5108 775 hängtzusammen mit jenem mächtigsten
3492 755 5141 875 Element moderner sozialer Entwicklung
3492 855 5191 1018 und cliederung,die man mit einem weit
3501 996 5222 1179 über dessen ursprünglichen Sinn hinaus-
3494 1148 5079 1250 gehenden Wort Snobismus nennen darf.
3496 1270 5103 1400 Der Snobismus bedarf der politischen
3492 1389 5253 1549 Atmosphäre des Konservatösmus, der philo-
3492 1498 5282 1659 sophischen des Glaubens und des Optdymis
3503 1630 5182 1793 mus, und fim Literarischen hat er keinen
3503 1773 5293 1938 gefährlicheren Feind als die Soetenkunde.
