5784 3672
2275 1312 3156 1489 . Merten
3237 833 5351 1103 als Prosten. Est der Vorochtigter zurkitorsucht, der-
3209 1039 5357 1253 sen frau früuer einen Gellesten hatte, mit den sie nur
3220 1179 5365 1346 völlig fertig ist, oder einer, dessen Frau als Müdchen
3249 1306 5303 1523 geliebt hat, ohne Im I Ege
3209 1458 4225 1613 immer voll Begehrens ist.
3203 1669 5464 1903 Meiteres Problen. Wenn es theoretloch möglich wäre, ehe
3218 1810 5326 2032 Frai ihre Vergangenheit gänzlich vergessen zu machen,
3220 1945 5289 2125 wäre man auch dann Moch auf sie eifersüchtle, - denn
3226 2075 5365 2272 man ist sa nur auf die Brinnörung eifersuchtig.. wäre
3232 2224 4555 2376 man's auch auf ihre Ungewissheltt
