7432 4840
5373 128 5542 383 31
2063 313 2248 482 30
4669 329 5723 642 Romulus kommt.
305 457 3022 848 Ich habe geschworen! - Einem Todten schwer ihs¬
3776 618 5011 877 Cass. Vergib uns
292 655 3492 947 Wie leb ich für den Tod ist nicht für das Leben.
4624 745 6464 1075 Was hab ich auch zu vergeben?
3780 819 4122 1062 Rom.
313 836 2718 1136 Gä - für das Leben - erst die Liebe mir
5377 931 5579 1075 be
3759 943 6440 1223 Cass. daß wweg wagen, hofehlehnt zu nahm
301 992 2944 1276 doch aus der Tiefe ruhts mir geabessohl.
3735 1108 6349 1445 Und dich um Aufnahm bitten in die Stadt.
276 1186 2697 1470 Du bist Ventidius - und hast geschworen
3809 1297 4904 1589 Rom. Wer seid ihr.
292 1359 2565 1614 Aus - die Erignien hast du angenehm¬
1532 1507 2442 1655 den heilgen schwer
4550 1474 5460 1746 Ich Horatius -
305 1556 3059 1812 Und wenn du nicht erfüllte den heilgen Schwur¬
3821 1511 4150 1742 Cass.
5213 1647 6024 1906 If Marcus.
3829 1709 4183 1873 Cent.
342 1696 2775 2013 Ziehe wir dich selbst in grausenvolle Nachte - -
3833 1853 5629 2112 Rom. Warum kommt ihr zu mir?
321 1906 2223 2199 Wa Wie wird wir, hu auf fasstere Zt
5184 2018 6279 2261 Aus Thatendrang.
362 2046 2726 2392 Ha Schauder fasstmich vor der Unterwelt –
3838 2083 4237 2289 Canks
3352 2092 3545 2281 F. W.
3854 2191 6642 2446 Wir sind schon müde unsrer alten Heimot
408 2228 3100 2516 Ich hab geschworen.- Ha du bist vergessen
1478 2401 1873 2532 deinem
3879 2372 6292 2652 Und sind darum in Deine Stadt gefloh“.
313 2384 2565 2722 Vergessen Wald mit jenem Götterbild
3850 2524 6983 2870 kom. Für jetzt lebt wohl! Nachsabeh für den Staat
350 2561 2701 2886 Ein letztes Lebewoh! - Dubist vergessen!
3945 2697 7255 3043 gar viel und wichtiges zu sorgen. Lebetwohl. (Ab)
688 2755 2149 2993 Cassus komt.
284 2944 1523 3199 lassens. Vertidens!
1593 2940 1762 3121 " *
4937 2919 6135 3133 Ventidäns. Cassius
1235 3076 2470 3335 du bist es Cassius.
3800 3100 5456 3430 lassius. Nun giltes lästig sein
317 3142 626 3368 Vent
5340 3245 6349 3471 Tod dem Wibenna!
2034 3224 2697 3549 Schöne)
317 3331 675 3512 Cass
3838 3343 4192 3553 Vent.
317 3418 3397 3706 Noch einmal fitt ich dich, daß du nichts andres denkost,
3854 3475 4892 3726 Catt. Massor ich:
4776 3590 6819 3903 Sprich vor nimmermehr vor tures.
346 3648 2203 3912 Als daß an den Tod des Claudins.
3850 3673 4126 3833 Vent
3920 3821 5760 4076 Ich will versuchen – zu vergessen!
2158 3809 3084 4085 Nichts andres!
399 3883 721 4056 Kert.
4669 3945 6098 4220 Ja vergiß Verbidus.
358 3961 3166 4270 Cass. Dass du dich nicht verröthst vor Romulus.
3879 3990 4134 4212 Cass
3809 4101 6222 4443 Vent. O Castius! Es ist ein Rie inwerk
366 4155 2969 4447 Wir sind setzt nicht aus zu selmen Aus¬
3154 4225 3459 4447 F:T:
379 4340 2668 4579 Wir sind hat meine nicht Verlidens und Cassius
391 4488 2306 4702 Wir sind xyz Maräus und Horatus.
