7496 4760
216 212 2504 492 du biß nicht ungerührt. Dem Kriegerherz
326 381 2623 661 Verwandelt sich ins weiche Herz der Menschen
305 551 2941 826 Und dieses öffnet sich fort auf unser bittend Flehe.
242 699 2615 992 Filus. (für sich) Vieh war um sogleich, wie dies Paar¬
309 881 2381 1140 Sie wissen sich geliebt! Ich bin es nicht!
280 1021 2822 1318 Valeria. Es senkt dein Schwert sich langsam hin zu Boden,
288 1165 2449 1475 O mög es ganz dir fallen aus der Hand,
288 1356 2564 1644 die schon viel Unglück über uns gebracht hat.
237 1513 1759 1805 Titus. Soliebt ihr eure Männer?
1534 1682 2271 1886 Ja, wir lieben!
284 1733 602 1881 Valeria.
1487 1835 1720 1966 Liebe
280 1843 2475 2131 Zur Liebe hat die Mielen uns geführt.
275 2013 2623 2305 Titis. Und jene, die aus ures Männer haben –?
288 2216 2598 2466 Valeria. Jetzt nahm ich mich bittend auch, zu Römer.
275 2348 2373 2585 Ihr seht es ein, daß jene Männer dort,
246 2513 2148 2809 die ihre Weiber längste Zeit schon lieben
225 2699 2161 2962 Mehr Recht auf, Frauw als ihr besetzen.
263 2822 2386 3123 lasst ihnen doch ihr altes Eigentum.
305 3026 2530 3288 Euch stehen schöner Mädchen zu Gebote.
288 3174 3276 3458 Denn Völker, - schließet Sonder, - bildet einen Staat.
347 3348 2822 3551 Erfüllt die Bitten des Sabiner-Weiber.
322 3471 3733 3793 Pilus. (endlich dafür gewonnen.) Ich bin bereit. Ist's Roma konig auf,
318 3674 3674 3962 Romulus (ebenso.) Auch Romos König ists, gib dünn ganz
352 3831 2606 4136 der Römerung Sabiner Taat ist eins.
347 4009 534 4199 9
3810 174 6488 466 Fitus. W eins und soll es bleiben in Aufregung gestande
4665 369 5801 542 schen sich die ganze zeit Hans
3865 398 6657 708 Ventidius s. s. Dr. Valeria sein. Beym Gott. das soll es nicht.
3886 551 6221 873 Ich kann sie nicht - es soll sie, nicht besitzen!
3954 703 6585 1030 (Stürzt auf Valaria und durchsticht zu mittendelich.
3843 911 4810 1186 Valona. Weh' mir
4699 1017 6026 1237 Verlidius! Alle Gottes
3852 1136 4242 1271 Caeles.
4153 1199 6513 1479 Valena! Todt! Tödt! Fluch dir, Vertidius!
3848 1381 6699 1665 Litus. Was thatest du? Verrichter! meine Tochter!
3924 1377 4310 1538 fettins
3848 1517 6810 1792 Ventiduis. Da deine Tochter - hier sichß du sie liegen.
3890 1674 6780 1996 Mettins. Ich sehe sie - und sehe dich - den Mörder
3941 1852 6615 2136 Ventidnis. Valereas Mörder! Was hab' ich gethan?
3894 2030 5369 2335 Aettius. Omme Tochter!
4958 2212 6178 2411 Meine theure Gattin
3898 2237 4246 2424 Cailes
3975 2322 7009 2653 Pentiduis. Dieu soll sie sein – dein Carles - u. nicht mein!
3915 2517 6195 2805 Das soll ich dulden. Dulden! Daß du glücklich
3831 2704 5988 2983 An ihrer Seite bist und ich - unglücklich?
3843 2865 5958 3170 Ich soll es denken, daß die einz zu Liebe
3848 3030 5865 3305 die je in meinem Herzen hat gelodert
3848 3195 5983 3487 dem, den ich fasse, ewig angehört?
3826 3377 6483 3653 Das kann Wertidius nicht. Wohlkammer kämpfen.
3839 3513 6394 3788 doch dulden nicht - und wird es auch ein Annau.
3877 3687 5814 3954 Valeria, lebe wohl! Leb' wohl? Leb wohl.
3877 3852 6000 4161 Anseits des Styx ist unser Wiedersehen.
