7400 4776
3850 259 6118 572 So wagt mein Herz, wie diese Fluten wegen,
1666 326 2972 653 Ist todt! Er ist gefallen?
3808 449 6203 695 So braust’s in mir, wie diese Wogen brausen.
331 390 1370 678 Gesandte der 1. Partei.
4168 598 4639 704 nachschenk
288 564 2319 835 wunderbares Spiel des Schicksals. Denn
3816 598 6063 882 Dir schenk ich meine Krone, meine Reiche
225 746 2362 1009 Es ward ermittelt, daß Postius Hoftilius
3841 780 5944 1056 Ich trag in mir ja eine ganze Welt,
1022 903 1382 1047 laRyn
246 865 2900 1119 Der Sohn des alten, des verstorbenen Königs¬
3808 924 6140 1213 Aus Schmerz und Unglück fürchterlich gebildet,
250 1064 2383 1370 Und ihm gebührt die Krone! Sprecht, wo ist er!
3816 1102 6101 1378 Baldwird auch diese Welt her untergehen.
246 1213 2578 1509 komb. dortliegt er! Tragt ihm selbst die Krone an.
3854 1213 7221 1522 (Inzwischen ist die Leiche des Tarpern auf den Felsen getragenden
644 1314 3621 1666 Sie bilden eine Straße. Die Gesandten mit der Krone treten.
3803 1416 6407 1688 HosC. Wolltichs sie in die Tiberflüten schleuderte?
280 1543 1747 1844 zu Hostus. Dieser erhebt sich)
3930 1573 6364 1849 Weg. Weg von ihr denn sie ist mein aufwig.
3935 1743 6017 2035 Weg! Überlasst se mir zur Strafe, Könne!
288 1751 1268 1980 Krat. Waswollt ihr?
293 1904 2680 2184 Gesandter des k.k. Euch als König anerkennen
3930 1866 7030 2158 (Nimmt sie in die Arme.) Lebwohl! Targna! (Schleuder sie hinunter 1)
632 2010 3061 2315 Und auch die Krone setzen auf das konnigliche Haupt¬
3952 2069 5741 2349 Nun schleuder ich zu meiner Kronen noch
339 2205 2934 2421 Bst. Mir eine Krone? Gebt sie einem anderen
3905 2234 6394 2536 die Welt hinzu! Nehmt beides auf ihr Wagen!
466 2324 2981 2642 Ich will nicht - und ich kam nicht könig sein
3897 2396 6118 2675 Tarpria! Lebe wohl! Hat's nicht gebrauht?
483 2514 2794 2828 Ich sehe jetzt gar andere Gefühle,
3901 2578 6233 2837 das war die Antwort aus auf meinen Gruß¬
432 2688 2943 2968 Als eines Volkes Wohl und Heil und Glück.
3888 2701 6504 3015 Brauß, Wogen, braust, und hört nie auf zubrausen
432 2858 2824 3133 das hier war meine Welt! Ich brauche nicht
3918 2870 6017 3176 Tragt immer neue Grüße zu Targna
420 3006 2752 3341 Ein armes Reich für eine solche Welt.
3905 3070 6322 3324 Und braust mir ihre Grüße dann zurück
318 3167 3702 3515 Gesandter. Ihr seid das einige, dem die Korn gebührt. (Setzt sie ihm
3867 3214 6436 3506 doch nein - ich will ihr näher sein. Es wünschte
2921 3337 3646 3557 auffs Haupt.
3935 3388 6292 3591 das war der Todtenpruss aus diesen Fluten.
331 3511 3744 3841 Kost (streigt auf der Felsen u. werft die Krone in die tiber. Daß
3935 3557 6381 3833 Nehnt ihr auch mich auf! Denn geht ist nichts mehr,
301 3663 3663 3986 rauscht laut auf) Nicht mir die Krone! Fort mit dieser Krone
3969 3697 6097 4003 Was mich an dieses Leben festelte!
1929 3837 2434 3964 Wellet
555 3854 3269 4130 Auch weil ich sie, auch xxx und auch Fluten,
3935 3858 6207 4198 Hinunter zieh! es mich in deren Wagen
483 4003 2892 4359 Schrautet ja das arme Menschenher,
