7368 4904
5303 174 5477 319 45
2074 190 2269 385 44
1105 385 1466 555 dire
3805 364 6620 724 Dies Schwert hier übergeb ich selbst dem Almub¬
447 422 3167 774 Die mich vom Güpfel höchsten Liebe glücks
3784 546 6512 915 daß er das Haupt herab Pößelius schlage.
439 662 3610 886 In des Verderters Abgründ mich geschlendert.
4508 712 6860 1047 Gebt es ihm in dieselben bekannt
418 845 3598 1147 Sie hat mich furchtbar, Grenzenlos betragen
3879 907 6003 1246 Kom 1 Talasius weit Kömnen.)
435 981 3312 1317 Und doch - ich habe sie gelebt -geliebt.
3772 1130 5568 1428 Salassius. Holt am. Halt ein!
455 1196 3531 1395 Und für die Liebe gibtes keinen Lethe¬
4434 1267 6926 1610 (Großes Erstaunen unter den Saben von.)
480 1354 3465 1685 Sie sollt' ich zusehen noch in diesem Leben.
4964 1408 6930 1731 Was magst du, kühner Freundlung
3801 1499 4181 1788 Titus.
1283 1548 2517 1842 (Krq tritt herein.)
3829 1602 6409 1892 Du hemmst das Wirken der Gerechtigkeit.
460 1706 3006 2033 Sie-die ich liebte, die ich jetzt noch liebe
3780 1817 7108 2165 Tal. Erst hör mich, höher König; dann verdammé mich!
468 1863 3494 2219 Serg. Hoßibus! Man führt auch nun zum Tode.
3763 1983 7088 2252 Tit. Ich will dich hören. Climus, senk, das Schwerk!
493 2082 3544 2409 Host (hieft wirren "Blickers" auf.) Zum Tod - zum tod
4065 2186 5506 2501 If bin aus. Rom gesandt
3759 2252 3995 2467 Tal
348 2285 2037 2575 25 zum Tod - Ich bin bereit!
5125 2335 6247 2583 Von Romulus
845 2447 3995 2757 (Andre treten herum, Kost were fortgeficht, Tit.
3780 2513 7021 2852 Tal. Sie nicht erstaunt – nicht Finde sind die Römer
3738 2753 5440 3039 dem Volke der Sabiner.
1317 2819 2463 3093 Zweite Veaux
5163 2886 6102 3151 Spoltest du -?
3809 2948 4041 3196 Sit.
3767 3043 6719 3395 Tal. Ich spotte nicht. Mit Recht hat Romulus
1362 3035 3308 3407 Öffentlicher Platz in Cura
3767 3254 6135 3552 den Hoftius Hoftelaus ausgeliefert;
716 3283 3693 3544 Titus Tatus, Mettius Avitius - Pabmor u. Verle¬
3784 3444 6169 3747 den König der Sabner schmähte er,
455 3511 3511 3718 meinen. Virg. u. Sabines kommen und Kostilens
3039 3618 3738 3858 (Climus, der Scharfe)
3792 3614 5113 3925 Er hat den Tod werdial.
414 3685 2836 3941 Titu. Volk der Saliner, Hofeins Hoftilius,
4794 3759 5854 4078 Ihr seht es im
3838 3813 4111 4003 Tit.
410 3863 2989 4140 Ein Bürger Koms erleidet Todesstrafe.
3809 3887 7005 4256 Tal. Du bist wohl streng; jedoch Ob ist gerecht.
393 4028 3395 4347 Denn unern König hat er schwer beschimpft
3809 4065 6848 4430 Tit. Und das ist alles, was du kein berichtest.
402 4186 3473 4513 Mich schmäfte er mit frechen Knechtes warten
3436 4194 3656 4508 P.
