7512 4792
5347 90 5634 342 35
1755 231 2290 518 H S
3780 342 6396 689 Wird sie erweichen! Sturzt auch in die Kirchen!
3763 544 6918 916 Alle. Stürzt in die Reihe dort Tagfern kämpfern auch: 16
1430 591 2701 908 Künfter Aufzug.
5180 715 5938 993 (All ob.
1653 788 2693 1092 Der ganze Aufzug
428 861 715 1096 17/2
1755 1019 2505 1263 Erste eine
4953 1109 5643 1357 Zweite Sonne.
1447 1113 3536 1391 dieselbe Nacht. Formue zu Rom.
4512 1276 7021 1498 In Kom. Beim Thore. Verzweifelter Kampf.
3904 1164 4247 1516 20/2
1447 1289 3742 1537 Hersilia. Valeria „Saelia Sabinerinau
3836 1451 7278 1708 Romulus-Hutius, Cacles. Félus Patius. Mettius. Ventidius. Cassius. Spurius Tzys.
300 1498 2984 1802 Weiln. Sie kämpfen! Unsere Vater! Unsre Gatten!
3849 1657 4936 1867 Römer u. Sobener.
300 1704 1755 1986 Andre Ohaltet sie zurück.
3823 1794 5784 2141 Titus. Jetzt nicht auch die Vergeltung!
325 1854 3284 2111 Viele. O wir verlieren unsre Gatten, unsere Väter¬
5416 1982 6263 2282 Die Vergeltung 2
270 2034 3301 2359 Laelia. Euch lässt es da? Treibt's euch nicht fort? Nicht fort!
3819 2046 4170 2239 Komerlies
3849 2196 5018 2457 Wofür? Für euren Stolz!
372 2239 3134 2522 kommt? In die Reihe der Kämpfer stürzet euch!
4983 2342 6028 2659 Voll ich nicht stolz sein
428 2453 3416 2719 Erb Stür Fällt auf die Kaine und erbittet Frieden.
3870 2402 4136 2624 Filus
3853 2547 5788 2868 Gerüber einem räuberischem Volke,
355 2594 3378 2903 Valeria. Mir kämpft auf jener Seit ein scheurer Vater
3900 2714 6302 3005 Wie ihr! Ich dacht' es gleich bei unerm Ursprung.
407 2787 3023 3044 Und mein geliebtes Gätte kämpft auf dieser!
3866 2894 5715 3185 Dochs nur Untergang nicht fern ist
385 2946 3082 3249 kommt! In die Kumpferrhühe! Werweibs, wie viel
3823 3035 6345 3352 Romules - Dunser Untergang sein! Sehrfern von
402 3138 2847 3412 Von Natura Eend vor Gatten schon gefollte.
3883 3211 5728 3532 Vor dir wird kam nicht fallech, totius
347 3279 3545 3588 Hertiliae kommt. In die Reise der Königfer! I ründe sie.
3857 3425 6238 3690 Titus. Und doch! Vormir! Sr dem Saliuervolke.
325 3468 3181 3772 Sie sollen mögen, Frieden schließen! Ewgen Friede.
3827 3575 6405 3892 (Sehr last.) Seid tapfer, Krieger; wisst ihr doch den Preis,
342 3639 3455 3956 Valeria. xxx Vertreibt die Fnecht als einen Weiberherzen,
3999 3768 6156 4020 Von dem Werratervolke gilt es wieder
274 3815 3348 4114 Hr Männer können wildem Drangenwiderstehen,
3960 3947 6032 4268 die Gattmen, die Töchter zu erlangen.
270 3990 2920 4286 doch dieses Flehn, das aus dem Herzen dringet.
3866 4054 6709 4487 Schümer. Gegen kan! Gegr. Kreis Gepen kam!
265 4187 2783 4470 dies Hehn aus einer lebevollen Brust
3382 4208 3639 4393 G. A.
