7272 4728
1941 110 2162 323 54
1720 348 2812 650 Im Leben nicht.
246 446 501 718 Tit.
251 612 3152 900 Vost. Sowill ich diesen ungeheuern Schampf
268 773 3615 1024 In ungeheurer Weise rächen ¬ (Nacht sich zum Zwecke bereit.
522 998 3075 1283 (Mett. Gertius, Säbner kommen.)
2187 1109 2553 1334 ha!
246 1223 650 1376 bett.
408 1278 3118 1631 Was seh ich! Eueren König helft, Schöner.
251 1457 3470 1843 Tit. Es maga des Römer hergelaufens volk
276 1648 3058 2009 Ein eheliches Bünde v anzutragen
285 1839 3254 2094 dem mächtigen Volte die Salzier uns
306 1988 3606 2277 Host. Manch bessere Mann hat Romawohl, als Fr.
357 2170 3254 2548 da wägst uns zu beschimpfen. Luße es.
607 2391 2735 2710 Alle ziehen die Schwerter¬
234 2557 3415 2863 Mort. Nord einmal König. Eines letztes Wort!
280 2727 3623 3084 Mit. Mein letztes Wort ist, daß ich- auch verachten.
314 2927 2459 3249 Hert. Wie: Uns verachten:
319 3088 3432 3402 Mett (zu Tit.) König, reizt ihn nicht.
280 3271 2408 3615 Dit. Sie mögen mich denn tödten.
1593 3432 2854 3746 Hall zurück
293 3491 735 3708 Hettin
336 3602 2319 3946 flost. Wer ruft zurück.
1678 3789 2557 4090 Schönes!
331 3848 803 4065 Nett.
2026 3959 3190 4273 Und warme?
353 4014 866 4226 Host.
2345 4124 2629 4260 to the
353 4120 3538 4468 Mett. Nicht meinen König, tödtet mich!
5360 127 5568 348 35
3738 297 6906 629 Tit. Wie wollens! Was kommt dir in den Sinn!
3755 539 6902 828 nett. Wie! Soll der junge König jetzt schonfallen?
3772 709 6613 1019 Ein thotemerches Leben liegt vor ihm
3759 909 7174 1189 Und jetzt trägt er dem Zufall es entgegen!
3759 1066 5212 1325 Tit. Bröm Kampfe!
3759 1249 7136 1550 Host. (wirft das Schwert zur Ende) Auf dem Böden ließ einer Thema¬
4562 1410 4727 1546 P.
3738 1410 6333 1691 Ich will sie es nicht für euch zerbrechen! Nein!
5165 1529 7123 1741 Mai Stom zurück! Ihr Römer¬
3755 1593 6745 1852 Ihr seiddem nicht wert, daß wol von einem Blick
3751 1792 6048 2069 Tit. Hg. Kögling, du entflichst.
3751 1890 7157 2255 Host. (Zurückkehrend, mit das Geretauf) Wie ich in Thiglin
3772 2153 6796 2455 das ist nicht Feigheit! Mein das isst Verachtung!
3755 2332 5390 2629 Tit. Und das best dennoch feig!
3780 2523 4163 2727 Host.
5038 2510 7157 2803 Das ist zu viel! (gett das Schwert auf,
3814 2689 5386 2982 So kämpfe denn mit mir.
3793 2863 4315 3092 Mett
4906 2871 6354 3164 den König schützet!
3802 3041 5271 3271 (die Sabiner dringen vor
4626 3118 6142 3339 mit xxx Schweret i: c: Pöse
3780 3228 7068 3491 Hort (wirst das Schwer) in Wange-Zurück, ihr
3780 3394 7081 3670 Hunde! (Nimmt einem Römder des Schwertz und
5411 3564 5942 3683 Schwiet
3768 3568 7119 3844 schlägt dem Tit. das seine aus der Hand, fasst
3755 3751 6214 4022 ist bei dem Halse u. wirft ihn nieder.
4842 3903 6494 4129 du best überwunden!
3768 4086 6507 4396 Und jetzt nach Rom! (Mit den Römern ab)
