7384 4824
1558 271 1795 546 50
2455 385 3026 597 Lg my
245 457 3581 791 Nicht länger hält es mich in Durer 7 - (Willfort.)
313 698 2671 1007 Hers. Jedenke doch - da kann ich nicht
2065 808 3631 1139 Wie - ich kann nicht?
305 927 631 1130 Val.
292 995 3327 1359 Kann nicht so tapfer wie oder Mann für Ruhen
2146 1189 2383 1304 nun
334 1210 3035 1545 das Weib für seine Liebe tapfer streiten
330 1414 1706 1727 Ich muß nach Rom
1498 1528 2878 1790 Valeria – wen weiß,
317 1625 639 1820 Hers
317 1744 2929 2040 Ob Wohl Ventidus nach Rom - ihm nach - ist
317 1909 3615 2201 Sr Rom ist Carles wohl geschützt – dem Rom istem Freisatt.
334 2146 2455 2442 Oviel unglücklicher als du bin ich.
334 2315 2391 2637 Mich liebt vielleicht Ventidies nicht.
394 2459 3276 2781 Dankt wohl nicht mehr an mich - Woleria
394 2696 3394 2937 Wie schon muss es doch sein, zu lieben und
402 2832 3196 3174 Geliebt zu sein; - von dem geliebt sie sein
419 2988 3276 3306 Andien man fängt mit aller Liebesglück¬
372 3179 3187 3475 Val. Sa! das ist fuhs! Doch es ist lurchterlich.
411 3361 3365 3695 Wenn den Geliebten man gefährdet weiss
478 3560 1883 3873 ich muss nach Rom
1312 3674 3094 3936 Badenka - Inenan Vater -
381 3754 648 4000 Hers
398 3894 3521 4139 Und nützt es dir – kannst du deine Carles retten?
356 4021 3627 4364 al. Und wenn ich ihn nicht retten kann, Gerkilia,
389 4211 3229 4558 So will ich doch aufeiner Seite - sterben!
5346 165 5549 364 51
3750 339 6776 724 Hers. Du gehst - So stürm auch die - mein Fusen- aus¬
3775 542 6810 800 Fallt nieder, alle Schranken meiner Liebe.
3780 741 6095 1024 Valeria – auch ich bin fessellos
3775 846 6996 1240 Fort-fort nach Rom. Fort-fort in alle Welt¬
3636 1079 7043 1443 Nach einmal sehen will ich ihn und sterben!
4846 1249 6467 1587 (Beide schnell fort.)
4017 1562 4232 1773 1741
5028 1494 5845 1845 Dritte Rana
4855 1790 5870 2099 Wald nahe Rom.
4774 1977 5820 2235 Hersilia Valeria
3712 1938 6704 2484 Hasika - drei Tage sind vergangen. Wo ist Rom.
3771 2286 6831 2620 Valerina Wir haben uns verirrt auf weiter Fläche
3822 2544 6370 2848 Sie diesem Walde bin ich - wo ist Carles?
3843 2696 6950 3035 Romm ruhe wir nicht, nur immer weiter weiter u
3835 2874 6785 3242 Nach Rom - Herfilia. Nach kam! Nach Rom —!
4000 3014 6802 3344 (Will fort - siebt aber bald zusammen.)
3797 3145 7191 3475 Hastia. Du kannst nichts. Die, & werbeide können nicht.
3839 3386 6882 3631 Valria. Ich kann nicht. Deriliegen alle Qualen
3953 3521 7166 3877 der Unterwelt! Kann nicht zu meinem Balesorten.
3983 3737 6632 4055 Ich kaum nicht - In der Ferne dort in der Rom
3983 3885 6704 4237 Und unter seinen Bädern weilt mein Carles
4012 4080 6725 4431 Und da wölbt sich der Blätter schattig doch
