7256 4696
238 162 545 345 1490.76
1916 196 2137 366 22
226 302 494 426 1916
213 370 707 541 265:2-13-
1409 353 2418 651 Hersilia (kommt)
170 532 2491 852 Oleblichnach? Trägt mich noch diese Erde!
119 741 2801 1030 Kann ich noch leben, wenn er ausgeraubt?
166 894 2410 1196 Mit einem Herzen ist an Weggeflöher
170 1060 3214 1375 das Herz geraubt, von jenem kühnen Fremdling
106 1243 2789 1511 Schliebe ihn! Ich kann nicht wiederstehn¬
196 1409 3019 1716 Welch Gott hat türkisch ihn hieher geführt?
192 1567 2950 1861 Und welcher hat ihr tückischer entreßen?
192 1763 2891 2035 Ich prolle dir, du unbekannte Gottheil!
192 1941 3104 2222 Und konnt ich glauben, daß ich titus liebe.
255 2099 3432 2393 das war nicht Liebe, Freundschaft war es uns.
204 2265 3508 2508 Jetzt erst. der Freundling mit den stolzen Augen
298 2457 3410 2738 Halmich gelehrt, was Lieben wirklich heißt.
298 2623 3023 2908 das ist ein wütend brennen in dem Bußen
272 2793 3014 3104 das ist ein zehrend Feuer in dem Herzen
255 2955 3014 3214 das ist ein lodernd Flammen in deren Zugarn
294 3146 3061 3423 Ein unbestimmtes Etwas in der Brust.
336 3321 3478 3606 das kam nicht heilen! Niemals, niemals heilniss
238 3538 3410 3781 Und nicht geliebt sein, wenn man selbst so liebt
255 3678 3393 3977 So innig liebt, so heiß und so vergefand
264 3866 3078 4160 S. niemals mehr erscheint mir das Glück, —
89 4040 3517 4389 7. Sie wieder (immals weder wird ich glücklichs (ab)
5186 77 5450 268 23
4385 315 5969 626 Vierte Jena.
4658 507 7063 792 Thor von Aures, das Thor ist geschlossen,
3955 685 6135 975 Thorwäfter Cassius. Ventidius.
3640 873 6859 1103 lassens. Erzähle alles! Spricht Verberg uns nichts.
4002 1018 6901 1320 Garnichts geschehen, noch bevor du schlossest?
3644 1213 5318 1477 Thorw. Nun etwas, wohl!
5024 1362 7131 1631 So sprich doch! Schnell! Schell! Schwell,
3640 1405 3968 1601 Cass.
3674 1580 6748 1784 Thoren. Bevor nach der Befehl gekommen war.
3768 1699 6889 1988 daß ich das Thor hier erlands schließen sollte.
3789 1924 6889 2201 War jemand durchgeflohe in schnellem Laufe.
3670 2065 6778 2384 Caas. Wie! Die Beflohn! Wie war sein Aussehn.
6391 2231 6961 2491 Groß.
3700 2282 4160 2520 Thorw.
3691 2401 6591 2699 Und heldenmäßig kufe sein edles Antlitz
3640 2606 4764 2870 lass. das ange?
4479 2759 5015 2976 Druckel
3653 2789 4057 3048 Vorw.
4713 2929 5875 3180 Und die Haare?
3661 3006 4036 3210 Cass.
5624 3099 6339 3317 BrauneA.
3674 3125 4147 3385 Thorn.
3670 3283 6701 3534 lass. Lien pluto I das waren! Vertidus!
3713 3457 5441 3798 Vraumst der Z Verliders?
5109 3653 6016 3913 Ah, Cassius
3708 3670 4062 3959 Vert.
3649 3806 7038 4117 Cass - Carlas Wiberna ist entflohe, und du -?
3904 4006 7170 4321 Du träumst und schwörmf, währender entflüst
