7448 4856
5353 190 5551 400 21
2061 291 2251 556 20
3772 308 6778 695 die Augen blau, und schwärmerisch der Blick
607 497 3667 767 Welch Teufel gibt dir den Gedanken ein?
3798 527 7098 885 Ein stummer Schmerz verklärt die Engelsmienen
261 573 544 826 Val.
476 624 3697 1024 nach kürzend schon kann und ein günstig Schickfal
3802 721 6344 1062 Wie sich der ügg'ge Auf en schwellend hebt
510 792 3646 1189 zusammenführen und uns glücklich machen.
3794 873 7170 1243 Und diese Lippe der schlanke Laib, durch dieß roten Lippern
497 991 3684 1311 Jedoch, wenn du hier bleibst, bist du verloren
3836 1087 6339 1378 Vglücklicher, beneideswerter Mann
485 1130 3667 1458 Gewiss verloren; - nicht nur die! Auch - - ich!
3815 1235 6145 1614 der dieses göttragleich Bild besitztig
3111 1328 3688 1509 I am
447 1370 3132 1737 Sarich! Denn Matius Curtins of
3111 1454 3697 1585 Water
3874 1429 6352 1678 Und dem sie liebend in die Arme finkel,
299 1505 3667 1825 Coelesz Wie- die verloren. (Sturz) mehr. Arme und
3861 1568 6495 1926 der diesen Götterleib an sich kann schließen
341 1678 3697 2074 gleich wederfort) Nun! sei glücklich! (Schnellabe)
3861 1753 6546 2103 dem dieser Busen froh entgegenschwillt!
2344 1842 2841 2103 Geschlug
1576 1876 2103 2196 Valeria.
3882 1918 6344 2297 Valeria (geht langsam durch den Wald.)
329 2065 3267 2344 Leb wohl, mein Carlis. - V Gewalt der Liebe!
3848 2137 5775 2432 Cassius. Die schwärmste Vertidus!
350 2230 3739 2588 Du hattest fest in meiner Armen Ihr Götter, schütze ihn auf sein
5104 2272 6373 2512 Pf pfvârenn cnst:
2714 2356 3473 2504 inem Weg,
3907 2390 4240 2542 ent.
358 2398 3604 2769 Vielleicht seh' ich ihn niemals, nam als wieder!
3916 2445 6790 2773 Ist denn die Wahrheit jemals Schwärmerei?
1391 2596 2849 2858 Ventidius. Cassius
3903 2592 6761 2934 Wenn ich sie nicht besitzen kann, o Cassus
358 2752 3616 3060 Vent. Wo kann er sich verborgen haben, denn
3865 2769 7081 3136 lass. Verlede's, nicht einen neien schwer.
767 2891 3646 3267 Zu spät schon zum Entfliehen war die Zeit
3912 2967 6575 3347 Du haft geschworen, Claudus zu rächen.
691 3098 2365 3444 die Thore sine gesperrt?
3916 3119 6900 3477 Verl.    hos Cents! Carles! Ja ves fab. ge pfemorau!
2099 3199 3385 3562 "Jawohl, sie find.
3890 3288 7229 3684 (Paula, plötzlich in füberhafter lähregung) Schnell. Fort von sie Schrak¬
358 3368 708 3557 Coiss
540 3372 1724 3726 Aplöhl Sal erblickend.
6618 3448 7220 3574 Cham Thor
725 3435 3760 3806 Welch Mädchen, weinend an den Baum gelehnt.
5952 3482 7073 3781 Schnall S nay Rau
337 3541 624 3827 Velt
6618 3608 7182 3777 Nun Rom
599 3642 3494 3949 Sieh dort!  Sieh! Sieh, wie ihr Dispoldian
6592 3705 7170 3882 Bifie that
3941 3747 4767 4042 lossens (folgt)
607 3764 3756 4143 In reifer Pracht den weißen Nacken (hinücke
594 3971 3650 4329 Und Cockig zu den Fußen niederwollt
586 4190 3713 4569 Sie wandel sich? O Götter, welch ein Anklich
