7368 4840
4657 292 5091 464 Männer,
3742 382 6199 670 Jelus. das werden Leute sein! Beim Supitur!
3742 541 6436 799 Der Auswurf eifrer menschlichen Gesellschaft.
211 520 2303 816 der eine, Romulus, wählt sich Palatium
219 722 2277 984 der andre, Remus, wählt den Aventin,
3729 675 6423 1040 Nichts - Nichts besitzend als das nackte Leben
228 851 2539 1147 Um zu erharren eines Gottes Zeichen
3716 881 6161 1169 Und immer von der Kächerhand bedroht,
215 1005 3003 1315 Sie stehe erwartungsvoll auf den erwälten Hügeln.
3746 1108 6062 1310 die sie getrieben aus der wahren Hennert.
1100 1229 1267 1371 we ist
219 1194 2668 1560 Als glötzlich schäm fernen Himmelswand
3742 1255 5942 1560 Nicht lang kann solchein Volk besteher
232 1383 2956 1706 Sechs Gegner sich dem fröhen Remur zeigen
5534 1401 6169 1658 Di glaubstr
3768 1465 4240 1714 Wettins
262 1521 2900 1843 In Freud zum Jubel enteren, das Theil
3772 1590 6041 1860 Ich glaube nicht! Ein solches Volk besteht!
1817 1628 3029 1830 der frohe sich die Reuge
245 1727 2964 2079 Und schaubt durchflicht die Menge das Gericht
3755 1792 6182 2084 Es sind wohl schlechte Menschen, aber starkte
1525 1890 2045 2028 großen
284 1895 2281 2234 Herr Remus! Heil den König
3742 1968 6470 2264 Gar kämpfe lustig und schwer zu besiegene.
3776 2062 7239 2389 Sit. xxx nicht wie Streit da draußen? Welcher Lärm¬
284 2071 2681 2350 Als Romulus vom Berge fliegend stürzt.
275 2238 3068 2582 Zwölf. Zeyer sein am Himmel ihr erscheinen
3987 2294 5675 2561 (Ventidius. Casuisschnell herein.)
275 2427 2604 2737 Und jäbelnd hören es die Freunde Romulu
3794 2397 3965 2595 "
3798 2449 6668 2737 Ent. Verzeihet, König, lange war nicht Zeit!
292 2586 2797 2878 Mit Mismut hören es des Reums Freunde,
4172 2608 5766 2926 Ich wusste schell herein...
5087 2750 6775 3029 Was wollt ihr, Freundling?
296 2732 3089 3012 Und schnell geärndet war den Zwietracht kame¬
3849 2848 4094 3098 Tit
3806 2952 6724 3291 Sent- O'König, sperrt die Thore einer Stadt¬
301 2973 2612 3226 die beiden Herrn stürmen auf ein ander
292 3115 2767 3446 Zu weit magt kennus sich in seinem mit.
3776 3128 6822 3484 Tit. So spricht, - wer seit ihr. Und warum so wild.
327 3282 3115 3630 Ein Speer trifft ihn, und tödt liegt er am Boden
3841 3330 6032 3600 Sent. Schöm' Ventidus aus Tùseulum!
331 3484 3141 3802 Ein läutes Sieksgeschrei erheb sich da vor druben
4094 3493 6698 3819 So ist die Königswahl entschieden? Sprecht!
322 3613 3244 3974 früh komulus 2 um Rommulus war könig
3772 3579 4000 3772 Tit.
3819 3648 6926 4004 Vent. Ja oder nein! Wir wissens selber nicht!
271 3811 3050 4150 24 Ma voll hat sich in Rom schön sehr gemehrt;
3888 3871 5873 4167 Carlns Wohnna fol den Dauders
374 3965 3098 4313 denn eine Zufluchtsstätt' hat Romilus
3166 3854 3364 4176 "
3888 4038 6586 4417 Im kampf erschlagen und er ist entflohe!
382 4180 3441 4567 Tür jeden Flüchtling in der Nacht eröffnet.
