7224 4696
1912 184 2219 433 52
241 343 2856 682 Das Laub grännt über einsame Haupte-fern
253 584 2967 874 Von ihm! Vielleicht ferner als ich denke
257 752 2358 1058 Verlassfrich, zu schauriger Gedanke
253 915 3289 1238 Nicht denken will ich dich - und wenn du wahr best
229 1136 2346 1418 Hers. Vormtidius! Um deinetwillen hat
449 1287 2668 1520 Der König Täus Tatius und verstoßen.
466 1463 2558 1761 Um deinetwillen bin ich fortgefloh’e
449 1643 2676 1941 Und bange Zweifel schweben mir im Busen
474 1876 3481 2125 Vergebens lieb' ich - denn du liebst mich nicht! (Kauße
454 2047 2390 2292 Voleria, Auf dieser ganzen Welt
474 2207 2942 2476 hat noch kam Teil so unglücklich geliebt
499 2354 2599 2672 Als ich und du! (Von ferne Getöse
1218 2554 2574 2836 Ich höre fern Getöfe
257 2550 515 2852 Nd
445 2734 2820 3036 Als wärs ein ganzer Zig, der sich bewegt¬
445 2901 1634 3187 Schon dringt es näher
539 3085 3216 3388 Mettius Curtius (kommt) Tochter! Endlich! Tochte!
245 3257 2399 3563 Val. (erschrocken unerstaunt.) Mein Vater!
1888 3428 3563 3739 Endlich weder hab' ich dich!
233 3494 584 3665 Mett.
241 3608 2664 3878 Was trieb doch fort von Jares, Theures Rind?
245 3788 2828 4037 kal. Durch diese Worte hast du mich gerichtet!
311 3955 2930 4242 die Liebe trüb mich fort von Arrs, wie Herilia¬
286 4135 2922 4442 hatt. duliebst? Val. liebes Wilrenna leib'nach¬
5141 147 5390 368 53
3718 323 5390 658 Uett. Wie! den verfolgten,!
4912 519 6027 793 Da, ich liebe ihn!
3718 597 3976 805 Val.
3694 727 6456 1017 Uett. du meintest wohl, ich würde dich verdämmen?
3698 915 6362 1189 Nein - ich verdamm dich nicht une wiss. worum!
3710 1071 5835 1336 Dubist- im Kind der Liebe! Deine Mutter
3718 1238 5896 1541 die fast sie nie gesehen, um gekannt.
3727 1414 6039 1684 Ichweiss, was lieben heißt! Ich hab’s gefühlt,
3731 1602 5990 1876 Audist auch jene Jugend schon entflohn¬
3718 1835 6603 2059 Noch blieb ein Strafl zurück vergangnen Glückes¬
3714 1937 5999 2256 In dieser alten, längst verdorten Brust
3714 2133 6068 2411 Auch Deine Mutter in der Liebe Rausch
3727 2337 5549 2623 hat sie sich nur dahingegeben - und
3731 2501 6256 2799 du bist geworden — Loß mich weiter schweigen
3735 2697 5668 2954 Auch stammt ihr, als ich persilia
3731 2844 6268 3142 Er meinem Hause freundlich aufgenommen?
3727 3012 6142 3355 Bezwang sie nicht der Liebe Algewat?
3784 3212 6023 3502 Sie hat geliebt! Ich lebe ihr verzichà.
5492 3355 5778 3473 schlungen
3768 3375 6244 3678 doch jetzt genug! Folgt scheell dem Herrn Züge
3755 3575 5463 3870 für zu den Spielen zieht nachkom
5051 3723 5913 4013 Hkann nicht
3751 3755 3951 3939 al.
3763 3882 7053 4266 thett. Ich will auch sputzen! (Sistutzen sich auf ihn. Alle ab.)
