7272 4808
3677 337 5503 670 Einweis Gewand umhillet die Gestalt
1028 401 2384 726 Zweiter Aufzug.
3693 534 6422 799 Ein Frauen angesicht - Wie gottlich schön! Wir göttlich!
1481 634 2497 855 Nacht Mondschein.
478 506 1284 863 Erste Verne.
3665 706 5852 987 Leicht wie ein Luftgebilde schwebt sicher¬
775 799 1882 1060 Nase Cures Ein Malo
3677 879 6406 1104 Sie nicht 2sts eine Sterbliche - Zu solcher Stunde?!
1308 943 2087 1188 Caeles Kenna
3693 1064 5960 1345 Was führet die Irrende in diesen Hahn?
144 1128 2649 1405 weles. Ich dachte' ein Königtum mir zu gewinnen
1626 1288 1866 1397 Eheuw
429 1284 2155 1513 Und ich verlor das Vaterland.
4411 1341 5206 1630 Valerial kommt
3737 1413 4038 1646 15/12
413 1445 2533 1730 Und flüchtend in die Ferne muß ich eilen,
3737 1557 5824 1862 Schon lange nicht war eine Nacht so schön.
393 1670 2565 1939 daß ich entgeh’ der finstere Rächer Hand!
1762 1794 2059 1927 mit
3689 1754 5856 2019 der Mand so rem, und Sterne blicken lieblich!
369 1814 2870 2135 das xxx kann er mich mehr auf schuldig fühlen.
3681 1927 5708 2208 Auf dieser Erde, wahrlich - ist nichts schöner
381 1983 3520 2272 Wollt er nicht selbst mit mir im zweikampf streiten?
3689 2099 5242 2340 Als eine stille, mondestelle Nacht!
369 2155 2810 2468 Ich habe mich des Lebers nur gewehrt!
3669 2264 6237 2505 Carles (kommt aüher.) Wer bist du bist das eine Sterbliche?
357 2308 3588 2625 Ja ich sub Recht gehabt! Ja ja! Ich hatte Recht. - (Raup)
3681 2428 6249 2729 Valeria. Was 21 to hat noch ein menschlich Wesen sich
337 2456 3416 2802 doch jetzt - form - fort von hier. Ich bin nicht sicher.
4239 2605 4528 2729 sprehert
3881 2633 6330 2894 In diesen Waß verirrt. So bin ich nicht allein.
293 2649 2926 2930 Bei jedem Baum dünkts mich. - sch ich immer
3717 2842 6001 3058 Oveles. Mahl sind wir beide in des Waldes dunkel
265 2826 2994 3107 Und Mörder stürzen mit dem dolch hervor
3697 2954 5675 3255 doch du bist daß ich der Natur zu Freun¬
241 2990 3119 3279 Was seh' ich! Ist das Täuschung? Das ist Wahrheit
2974 3075 3564 3295 Coppunps
3761 3135 3982 3259 und
3705 3163 4788 3408 doch ich - (galt inne)
2171 3163 3472 3456 in Wald geschützt
285 3187 2139 3512 Ha hier selbst nicht in diese
3657 3307 5804 3596 Fabria. Der kommen schwänere in Dielungen
305 3368 3223 3681 Weh die Verfolger! - Was I ich Sie verloren!
3657 3512 6502 3721 Dich dückt ein Thierz! O sprich - Was ist der, Fremdling?
1389 3524 3568 3801 das Lebende verkaufen.
289 3564 1317 3841 doch theuer will
3681 3673 6591 3966 Caples. O es ist hart, verfolgt zu sein von Feinden
1429 3693 3127 3946 Trugt und das Auge nicht zu
341 3741 1333 4022 Wie - sah ich recht!
3657 3869 5876 4170 Und Flüchen müssen in ein Fremdes, Land 1
309 3881 3372 4218 Täuscht nach der Stand mit seinen klägten Strahlen,
3689 4050 5635 4367 Saleria. da biß verfolgt - mußt fleihe.
1349 4078 3267 4359 das sind auf wilde Männer
325 4130 1192 4439 Welch Angesicht
