7512 4824
1913 298 2173 492 72
273 488 3060 853 der Gott der Lübe führe dich zu mir. (Ab=)
1240 689 2590 963 Valeria, Mrsilia.
223 740 492 971 X/B
282 858 2871 1215 Val. Ich habe meinen Carles! Er ist mein
185 1089 2703 1328 Hars. Beneidenswerteste der Glücklichen
265 1219 3132 1467 Dich liebt dem Carles und dich liebt Veatidius!
332 1408 3220 1724 Er liebt mich nicht! Dich! dich! Nicht mich! Nicht auch!
311 1597 3342 1900 Voil. Nichts kann ich, als beweinen wir dem Schicksal.
307 1766 2682 2127 Das Herz Amtidies ist mein Ich kann
324 1984 2510 2312 diesunglückselige Geschenk nicht von
366 2140 3022 2400 Nur werfen: Auch entreißen kannst du's nicht
298 2325 2812 2648 Hers. Jetzt ist Venturis oor Romas mamion
425 2510 3300 2779 Und in Gefahren schwebt sein theures Leben:
370 2653 3165 2989 Sal. Und an den Gatten denkst du nicht, Hersilia?
198 2888 2304 3119 Hers. Lop Erinnern wich nicht an Rounilus!
555 3035 2623 3334 Ich kann dem Herzen nicht gebieten
328 3186 3455 3531 Seuberziehende Rauer. Heil Namaskonique! Heil! Hei!
353 3413 2972 3687 Hers. Wenn diese Römer wußten, welche Wunde
324 3573 2749 3888 Mit diesen Worten sie geschritten haben.
1190 3767 1547 3876 wären
336 3754 2930 4036 Fürwähr, sie sein noch so kall und hart¬
336 3888 3704 4195 Sie hätten diese Worte nicht gewesen! wir furch Königin genannt,
328 4073 3359 4418 dem Hinzen selbst kann ich ja nicht gebeten.
328 4229 3687 4532 Valeria. Dort saf ich Caales kabwohl, Herselia (Ab)
4931 425 5999 652 Hersilia (allein.)
4553 433 4767 719 "
3704 584 6167 937 Schmussiche sehn. Zurück, die Falsche Scham¬
3716 773 6331 1089 Zurück aus meinem jungfräulichen Herzen
3746 992 5713 1244 des Feindeslager ziehe ich zu Ventidius
3741 1143 6217 1446 Und ich beschwör' ihn mitdenglühndsten Worten.
3737 1320 6007 1639 dass ich ihn liebe! Wäre es mir nacht!
3729 1497 6192 1795 Nur Nacht? Nur Nacht 8 Ihr wilden, durkeln wolken,
3750 1682 5944 1946 Ziehl über Rom! Zurück, du glühende Sonne!
3750 1904 4771 2161 Nacht! Nacht 1 Novst
3733 2035 5583 2392 4. Da sult die Liebe ihre suße Feur.
4897 2379 5810 2598 Dritte Peene.
3909 2434 4136 2669 9/2
4868 2568 5763 2867 Zu Fisculum
4187 2745 6053 2993 Luciis. Gains¬ Andre Lusculager.
3813 2959 6524 3279 Gaius. Schon fäld sie fort. Ich hoff, in wenig Tagen
3846 3073 6087 3439 Theft Coeles als der König dieser Stadt.
3851 3266 6318 3569 Ja, könig soll er sein nach Ing und Recht;
3821 3426 6621 3746 Denn Claudus selbst hat ihn zum Kampf gefordert
3792 3607 6297 3926 Und nur die Wut des ersten Augenblicks
3867 3779 6848 4115 Zwang zu dem grauenvollen Schwur Ventidius
3867 3931 7050 4271 Kreius. Und wenn Sentidius schon den Schwur erfüllte!!
3830 4128 7214 4511 Gains. Wenn er nicht schon am heut'ger Tage kommt
