7320 4808
229 302 3554 739 Ich folge eurem kal brausenden Begrüßung! (Kurzt sich in die Flutene)
1205 643 2306 985 Der Vorhang fällt.
1663 859 1952 1106 Gede
648 825 946 1166 260
2151 1002 2803 1291 1590 Verf.
3714 225 7152 523 Nachdem ich den klan gefasst hatte, die Geschichte sämtliche
4802 432 5338 574 dramonh
3705 479 7182 687 vom schon Könige zu bearbeiten (was u übrigens nicht geschehen)
3727 613 7117 868 wird) machte ich mich an torquenius Superbus. Als dieser
3723 764 7148 1028 fertig war, daß ich an Romulus. Schmachte mir den Pläv
3714 954 7148 1214 Dazu, und ich bemerkte kaum, daß der König selbst sehr zurückten
3736 1088 6923 1382 Der Name für meine tragodie war aan Anfang an
3723 1239 7143 1455 „der Raub der Schinerinnen". Jedoch machte ich daraus kön¬
6949 1425 7148 1525 time
3731 1425 7169 1645 trockene Staatsaktion, sondern den Hauptplatz erxx
3723 1632 7135 1840 darin das Verhalten der einzelnen Menschen in Bezug
3740 1745 7169 1978 aufseigen Jure eines Ichstellte daher in den Mittelpunkt
3753 1952 7182 2129 des Dramos keines wegs Romulus, der wohl am wenigsten
3792 2125 7186 2349 für eine plutvolle Liebe gestaltet war. Sein Charakters
3757 2246 7165 2531 ist kalt und brausprucht kein besonders Interes¬
3757 2401 7156 2686 der eigentliche Hauptehörakter ist Hofius Postiliu
3753 2552 7091 2859 Als ich dieses Werk zu schreiten begann, hatte ich
3762 2790 7191 2958 noch keine Ahnung davon. Ich dachte mir oder bildeten
3762 2924 7152 3183 und Ventidius als die Haupthelden. Als ich aber in der
3757 3062 7199 3308 Ist Sonn des I. Aktes Könachus und Talassius zur Exposität
3753 3239 7204 3503 auf die Bühne brachte und Hoßius Hoßilius hereintreten
3736 3382 7122 3645 luß, - fand glötstig oor seinen geistigen Augen ein
3796 3541 7186 3805 Mann mit verschränkten Armen, die Blick du sted zur
3783 3710 7160 3991 Erde gehenkt. Und als ich ihn ganz unbewußt sagen ließ
3818 3870 6560 4185 Mich hat in wildes, sturmbewagtes Schicksal
3839 4051 6634 4422 Herumgeworfen auf des reiten Welt¬
