7448 4872
276 488 2150 776 Und die für Clandus tapfern Müller stritten!
271 606 2875 941 Ich schwör's bei Mit einem heil'gen Eide schwörs ihr euch!
305 818 2578 1115 u bei jenen Göttern, die im Himmel weilen,
369 941 2569 1225 Und bei den Mächten in dem Schottenreich.
335 1162 2531 1433 des Claudius Mörden werde ich weilen.
318 1361 2684 1620 Dies sei mein heil'ger ewiger wahrer Schwur¬
356 1514 2642 1789 Nicht eher Götter, gebt mir Ruh' und Frieden.-
369 1692 2400 1963 Verfolgen, will ich seine flüchtige Spur
700 1637 3426 2010 sagen sollen ihr Und endlich helft mir dazu, ihr düstere
331 1887 2870 2128 Und helfen werde vor die Emmieden.
416 2039 2264 2336 Seh ich des mörders Stirne blutigrat.
377 2188 2735 2489 das erst kann meines Herzens Wünsche stillen,-
424 2336 2493 2637 Ihr fünstere mächte die ihr immer ruht,
471 2527 2764 2841 Nie sicher ist der Mensch von unver Rache,
377 2705 2824 3044 Auch mich ereilt, erfüll ich nicht den Schwur¬
411 2887 2854 3193 Und schleudert mich hinab zu ewigen Qualen.
335 3061 2697 3358 lass Ich folge dir. Mich hältte nimer da,
297 3222 3706 3515 " Auch mich treibt fort der wilde Geist der Rache! (Beide als
4897 271 6305 581 Erster Aufzug
4838 466 5677 818 Zweite Neue.
4927 738 5482 984 zu Rom.
4685 1068 5847 1306 Romulus. Talassius,
3829 1242 7051 1488 Folassius. Da dieses Reich wird großund mächtig werden!
3888 1416 6254 1692 Wenn du sein König bist; - die Komulus;
3918 1594 6195 1883 Ein Sohn des wilden Kriegesgottes Maas
3918 1738 6279 2044 Gezungt im Raimel aufperegter Sinne,
3930 1938 6233 2205 Wer wird o Romulus, der wieder stehn,
3880 2133 6279 2315 Wer wird es wagen, wider dich zu streiten?
3901 2285 6542 2552 der du das Wenn dich als etwas sohn die Menschen kennen?
3888 2463 6742 2718 Romulus. Fürwahr, du hältst die Menschen für zur Feig.
3947 2629 6411 2900 Zum Kampfe soll's die Mühigen entflammen.
3867 2790 7017 3082 Nicht gar. Wenn sie den Mars als meinen Vater kännen
4185 2985 4482 3129 eben
3930 2985 6360 3265 das reizt die Taxfere auf zu blut'gen Streite,
5838 3125 6165 3256 gegen
3918 3172 6441 3417 Wenn stärkre Mächte kämpfen sie!
4783 3328 6288 3583 Hostus Kostilius kommt.
3930 3515 4935 3769 Romulus. Wer bist du?
4494 3693 6144 3969 Wenig mehr anfals mein Name!
3918 3740 4198 3964 Host.
3969 3863 6322 4202 Und diesem Namen will ich Ruhm erwerben.
3960 4049 6920 4384 Romulus. Aus welchem Land führt dich her dem Schritt?
