7384 4776
212 425 2141 825 O. A. King (Korny. (Allaab.)
1083 650 3315 987 1) 2 Varras einjänger Sabnier. allein
292 816 2137 1191 Schralle seid gar unglückselig
329 1041 2616 1362 Von Schmerz getroffen ist jedwede Brust;
300 1225 2845 1479 das bei der Görter allgwall'gen Macht.
312 1358 3320 1662 Nichts ganz sich meines bösens Schmerz vergleichen.
700 1433 950 1541 zum
279 1591 2691 1870 Schliebte still und mein und wüßt davon
279 1737 2657 2033 In meines Feiern tiefe lagt verborgen
275 1941 2262 2266 umbegreiflich heilige Gefühl
292 2070 3136 2445 Ich weiss es nicht, ob sie mich liebt' nicht weiß ichs
300 2291 2990 2586 Ob sie wohl jetzt, in eines Römers Armen
300 2466 3582 2699 Sie eines Stadtredtach verfluchten Arman
271 2657 3007 2886 An mich denkt der in wird einsam weilt
258 2807 2932 3157 Umd der ihr Bild für enge Zeiten trägt
275 2974 3224 3282 In seinem lebend Qual und Weit durchjagten kusen
325 3165 3086 3486 Ich fasse zuckend an dies scharfe Schwert,
371 3344 3065 3690 Zeitetwas Hohern hab ich dich bestimmt,
367 3515 3128 3840 Du sollst mir Laulia, die Gliebte Retten,
333 3686 3257 3969 Und wenn Du dieses Götterwerk vollbracht
358 3882 2936 4198 So solls die letzte deiner Taten sein
342 4069 3153 4352 2 aus fauk ich dich in der Tiber Huten dich
346 4248 3228 4594 die Trausend herauscht an an: Thoren Romas
3740 296 6602 700 Dann mögst du in den Nogen: wall begraben
3736 566 6160 875 der Zeiten Ewigkeit verrauschen hören
3740 758 6214 1075 Und künftige Fahrtausende erharren
3761 950 6314 1241 Dann mögst du derken in dem Flütengrab
3773 1079 6372 1408 Wenn manch Jahrhundert schon dahingefahren,
3765 1250 6027 1549 An diese wilde, stürmbewegke Zeit.
3744 1449 6556 1716 doch wenn die Götter mir nicht günstig sind,
3778 1620 6285 1874 Wenn Lealia micht nicht liebt. - O Gottes
3798 1820 6018 2149 Da tauch ich dich ermeinet Fusens tiefe,
3807 1995 6173 2262 Und noch geröbet von das Verreis blut
3811 2132 6822 2487 Mögst du versenken in der Tiber Fluten! (66)
3869 2366 6089 2699 Geschrei (von Draußen) Krieg! Krieg!
4802 2724 6189 3011 zweite kenn.
5048 2870 6481 3199 Qu Rom. Forum
4115 3049 6660 3315 Romulus. Hoetilius, Coeles. viele Könner
3828 3224 6568 3528 E. können. Sie rücken xxx näher vor die Stadt.
3811 3411 6810 3744 Romulus. Besatzung vorliethorn und zur Mauer
3915 3578 6647 3890 Wathuel auch stark versendet viele Pfeile
4023 3736 6635 4065 Nur immer neute Truppen mögen nach
3853 3898 7205 4269 Hr. Nürner (kommt.) Ein Erstes Lager schlügen die Sabmer
3953 4107 7001 4473 Und großes Lärmen dringet aus den Zelten.
