7384 4776
5185 189 5373 390 95
1213 231 2344 441 es lacht und läßt das Leben
3844 287 5189 557 Die Leiche der Verräterin soll jetzt
347 266 2575 600 Als Schicksal lacht - xxx schick ganz schäufig weiter
3831 484 5065 733 Von diesem Felsen in die Über¬
334 523 2292 750 Was ist der Menscht auf dieser Erd ein Gott
2742 488 3107 690 25/2
4915 634 5138 836 In
279 630 3724 917 Jedoch ein Nichts wo große weitiger Raum der Welten. Gatoben wüten 1 Und kann ich
3784 668 4041 861 Hort
3419 780 3677 904 damit
1941 784 2305 921 will work’s.
3869 823 5193 1054 die Ziber! O tarpeia! Otargena!
2678 797 3801 1080 des Leben unser Tieses todte Weilt.
304 801 2554 1080 Quid wenn das Nichts zu Grunde geht Sitzbauch am Gott
3827 968 6102 1234 Romal. Nun sah' ich klar – Sie ist es, die ihr liebtet?
304 973 3698 1238 der Gottien nichts. Für diese Erde oft im Gott zu Grunde. Daik's so stille Stund
3111 1097 3728 1234 Wornin so stille?
3839 1136 5746 1384 Kast. Sie ist es - und ich muß sie ewig lieber.
2592 1148 3659 1371 Werumrauscht diese Flut nicht stü¬
330 1148 2408 1414 Es dreht sich alles doch im dieses Sterben.
2562 1290 5999 1538 Bei diesem fürchterlichen Widerschen Kornl. Vergesst es- Es ist allgemeiner Wunsch¬
330 1311 2412 1564 Tasthielte man den Tod für mehr als Leben:
3171 1431 3432 1564 gehtigt
3852 1435 5956 1710 Schon todt soll meiner Schande sie erdulden.
317 1474 3741 1744 Habod und Leben / auch ein Schicksalsspiel.) doch diese Welt gewohnten Leich,
4654 1603 6989 1860 Gesandte aus Jusculum kommen. (Mit einer Krone.)
360 1633 1975 1903 Solange Welt und Ende noch besteht
2524 1645 3809 1868 Wenn auch im armes Menschenherz verbundet.
3874 1761 5982 2031 1. Ges. Der Carles seine Krone anzutragen
351 1817 3797 2027 Wird auch das Geschät mit Nichts und Göttern spielen! Es war ja spiel 1 dasanc stuksellet
3398 1928 3698 2053 gespiell
3946 1911 6230 2190 Sind wird austusculum hieher gekommen.
2228 1967 3728 2228 Wozu habt ihr die Menschen doch geschaffen,
261 1975 2168 2250 Und da liegt so im Nichts für das Geschick
3891 2083 6205 2378 Denn endlich hat sich der Senat entschieden
2245 2147 3745 2395 Ihr Götter, wenn sie so ohnmächtig sind
424 2155 2142 2400 doch für mich - für auch - o - eine Göttin
3891 2275 6620 2545 Koml. (zu einigen Körwe.) Gest und sucht Coelesauf!
6749 2322 6946 2451 ling
2288 2284 3762 2550 Darum verehrst man auch und brugtsich auch,
446 2297 2168 2554 tria. Könnte manswohl glauben, wenn
3904 2352 7152 2691 1. Römer „ (erschrocken,“ sieht du Leiche des Canler.) Herr Per.
2267 2468 3784 2708 Weil er das Lebenschenktet dieser Menschen
561 2464 2151 2708 blickt in dieses wunderbarn Anblitz
4109 2575 6710 2845 Alle treten in den Vorderpum muß in Pfestens
506 2657 3741 2862 habe mich – und eine Stadt vervaten! Für die es besser wärmicht zu sein,
3861 2738 6269 3072 Romb. Er ists! Das war Wentidus Werk.
506 2777 3801 3068 nia! O Tarpuar (Er finkt an ihr einder als zu des Schicksals grausern Schützüdienen
6085 2905 6599 3184 Gebt uns
3869 2974 4191 3205 7. Ges.
2597 2948 3797 3222 Dalingen Trömer eines solchen Ge¬
746 2970 2005 3188 Romulus u. Römer kommen
4902 3098 5069 3201 mit
2387 3137 2575 3244 man
3912 3102 5918 3321 des Carles Lüche, denn nach Ausculun.
377 3128 3784 3389 Romb. der Leichnam der Verräterin soll von Zertrümmer /: Alles: Alle Stokke
3886 3252 6359 3557 Im Tode noch soll ihn die Krone schmüken
2644 3287 3732 3522 Tarpia! O Sargnal Siekt
446 3329 2181 3569 dem Felsen in die liberfluten stürzen,
4782 3407 6569 3677 Andre Gesandte aus tusculum.
3111 3454 3749 3724 an ihr werden
360 3445 2854 3758 dass nichts ihr einst'zes Dasein hier verrät¬
3869 3595 6946 3856 Einsgesandter anchein. Sind wir zurecht gekommen noch? Ist nicht
399 3625 2734 3904 doch - sich - da liegt ein Mann! Hoßius Hoftibus
3929 3737 6719 4024 SchonCales für geschmuckt mit unsrer Krone
343 3805 1585 4058 Kost. Ihr seid es, könig?
3874 3912 5189 4208 konl. Canlas ist todt!
1290 3942 2640 4242 Hostius, entfernt auch!
373 4011 1084 4242 Comt.
