7400 4776
2169 250 2415 436 26
319 424 3191 731 In Inseulum war Hitz'ger Kampf restbrannt.
271 618 3082 905 Und als von beiden Seiten viel gefallen,
283 779 3114 1107 Da rief mich Claudius zum Zweikampf an, -
275 953 3227 1280 Ich kämpfte, und die Götter waren mir günstig.
307 1151 1870 1466 Claindus lag mir zu Füßen
1757 1305 2831 1603 Du bist König?!
267 1333 779 1563 Wail.
319 1450 3094 1789 Carlas Ventidus, des Clauders treuer Freund,
275 1672 2900 1926 Was wurtenbrannt und stürmte auf einem
263 1854 2738 2145 Nicht er allein: - nein die Genossen auch,
311 2015 2920 2306 Von tausend Schwertner sah à mich umring
311 2205 2847 2460 Gegrückt auf einem narken tausend solche
319 2371 2847 2653 Da mäßt' ich fließe! - Da kam ich denn noch etwas
319 2504 2956 2799 euch schwegen, was mir dort geschehen
307 2694 2936 3009 Gerug; - ich liebte - und ich mußte scheiden;
258 2884 2504 3146 Wertidus verfolgt mich und Cassius.
299 3045 2609 3356 Ich eilte fort und die Verfolger nach.-
323 3215 2666 3506 Sobei ich endlich deine an meinem Ziele
384 3417 2666 3687 Schlin in Raar, aif bei Deinem Reise.
206 3526 3138 3922 Kerl. Schilest mein Kam und drum Fist du gerettet!
872 3772 3005 3998 Talassius. Ilostilius u. andre kommen.
271 3914 3025 4261 Feb du hast uns her zum Rat beschieden; König
303 4079 3227 4443 Röml. Hier ist ein neuer Bürger Gewas, Freunde!
5392 170 5618 368 lt
3873 376 6038 646 Carles Vibena als aus Lüsculum!
3768 493 6559 836 Wie allen, die verfolgl sich sicher flüchtend
3756 695 6454 1018 So sie auch ihm der Schut an uns gewährt.
3784 872 6640 1220 doch jetzt genug davon. Last auf erst sagen,
3792 1038 6656 1329 Was mein Gemüt mit Sorg und Angst erfüllt.
3792 1212 6486 1494 Wir haben keine Weiber hier in Rom!
3849 1414 6805 1708 Wie lang wird unser Volk bestehe? Wie lang!
3829 1555 6478 1862 Ein Menschwalter mir, ein Menschenalter.
3796 1708 7040 2052 Noch kaum am Anfang soll das Reich verfallen,
3788 1882 6628 2181 kaum daß es aus der Nichts entstanden ist,
3845 2072 6599 2375 Schon wieder in das Nichtszündeke findeit
3821 2242 7036 2540 Nein, das solls nicht! Wir müssen Weiber haben.
3849 2476 5933 2767 Hoft aus, auch hab ich auserlesen,
3805 2605 6442 2928 Mit eingen andern nach dem Hof zu lures:
3784 2791 6050 3106 um König Eites Tatius zu eilen.
3805 2956 6769 3300 Macht ihm den Antrag, daß die beiden Völkern
3792 3154 6745 3433 Sich durch ein Heiratsbundes näher tecken.
3780 3332 5044 3599 Kost. Ich will es thun
4754 3485 6757 3752 Vielleicht thut es in kurzer Zeit.
3821 3542 4220 3736 Kom.
3792 3667 6220 3982 Sal. Glaubt ihr, das Titustatius das willi
3805 3857 6959 4168 komt. Ichglaube nichts. inkurzem wird ich wissen
3800 4047 5509 4402 Fol.  And wie was nicht will
