7400 4824
3835 351 5707 645 Mit seiner Redenganz zum Weib gemacht!
246 446 2526 754 Und schwachen Schein wirfts auf den Weg des Lebens.
3816 555 5570 825 die Göttfr. profe zechen der die Herrschaft;
237 630 2522 934 Kom. Dank auch, daß ihr die Hoffnung schehet, Götter
2218 673 3655 1005 Rom. Warumblickst du so düster
3830 725 5802 986 die hast sie nun gleichviel auf welche Weise!
2934 820 3674 1005 in der Zukunft
294 820 1958 1104 Es ist das köstlichste, das schönste Gut.
3825 867 5783 1128 Roml. die Wolke ist schon wieder fort, Talossius.
2327 929 3716 1194 Ich hoffe manchmal - oft auch hoff' ich wohl
308 1005 2157 1285 Und ihr nur gleich ist die Erinnerungen
3958 1048 5806 1327 Wie auch am reinsten Tag, oft Volken ziehe;
2228 1157 3735 1408 Die Hoffnungen sind schönen die Wohnheit
270 1176 2048 1431 Als ich die Herdete weidett als Hirte,
3996 1242 5788 1522 So ziehts auch oft durch meine wilde Seele.
2218 1304 3768 1574 Host. Sollich mit Tausend Stunden in dem Heyrn
270 1346 2147 1621 Und auf den grüsse matten fürzud lag,
4038 1394 5821 1678 Wie trübes und wie deßes Wettergrauen
2233 1460 3749 1711 Wohl heitere Blickes in die Zukunft schaur?
251 1507 2043 1759 Da dämerte in mir schon eine Ahnung,
2223 1650 6029 1834 1 Romules 1 Du kann mich nicht verstehe. Tal. Das kommt von deinen Träumerein als Hirte¬
294 1654 2171 1943 dass mir die schötter prößeretes beschieden
3901 1759 6020 2057 Wirft jetzt den Hirtenkittel ab von dir, —
2218 1834 3759 2090 Nicht für den Schmerz ist dein Gemütgeschaffen
308 1868 1953 2114 In schwacher und in schwankender Gestalt,
3835 1910 6190 2199 Bedenk. Dein Haupt schmückt eine Königskrone.
2228 2010 3659 2252 du wendest nie auf die Vergangenheit
318 2043 1858 2323 Ich fühlt mich hin zu höhrem gezogen,
3811 2095 6589 2370 Rom. (zu Hout.) du bist ein Bürger Koms & Wienst dem Mann?
2308 2171 3754 2417 Und nie aufs kommende die stolzen Augen
303 2218 2081 2488 Ich hoffte einst auf Ritter und auf Gewalt;
3806 2280 4877 2574 Hort. Hostus Hofilius.
308 2342 3702 2645 Derwahr, die Affung hat mich nicht getragen. Die Pacht k.w. ist nurm 3 u. Gemantze
4593 2427 6162 2702 Sei tapfer, festus! Talassius, folge mir!
3825 2470 4072 2716 Rom
303 2503 3754 2773 Fap glücklichte fühlt ich auch in der Hoffnung, Kon. damit, gestiliß, habe ich sehr kühl.
4588 2612 5157 2844 (Beide ab.)
2346 2683 3754 2944 des Orkes Eigenthum ist das Vergangne
308 2692 2100 3010 Als ich mich fühle in der Wirklichkeit.
3271 2830 3470 2953 me
5607 2692 6603 3053 Hostilius mein Stück.)
3858 2778 5574 3053 Host. So loderst du noch einmal auf
308 2849 3749 3181 Und jetzt, wenn sich mich an die Zeit erinnere, Nachdem Olymo gehört es zu lägten
7010 2844 7276 3038 dire u.
6219 2920 7029 3119 denn da sieht es gar an
7006 3010 7295 3109 aus
2607 3000 3754 3114 Die Gegenwalt bef ihre nur der Nachdem
3910 2958 5963 3266 Ich glaube, hier kann meine Hennet sein:
6190 3043 7314 3237 Und einstens war so licht, so hell, so hinter
2441 3057 3754 3271 And in der Gegenwart aus lebt der Kauff
318 3043 1872 3365 Wo ich gelebt als seiner armer spürte,
3948 3114 7300 3361 Wenn meine Seele, die mich rastlos treibt, Und erträgt sie die ungefreit Theilie
2361 3157 2607 3323 e
2285 3204 3726 3441 Und der auf anderen sind ist nicht glücklich!
313 3228 2218 3512 da ziehts gar wundersus mir durch die Brust,
2498 3342 3730 3455 der andres sind, kann nicht glücklichst
6176 3290 7328 3493 des Ritzg antwort à de zegil feurt
3920 3327 5911 3612 Nur einen Ruheplatz je finden kann,
303 3446 3768 3664 Und in mir zucktem Stfahl verpängner Lust. Kost. Herr will einem Ruhestatte Eindruck
6181 3470 7323 3612 Ich kam zu rück. Ich hoffte als nicht ver¬
3892 3489 7319 3759 So ist es dieser. Hier willich vergessen, In ihm kann? In Verräterin
284 3626 3801 3858 Talass. Mein königl. dasbst höfte weich gestimmt! Nicht für den körper, nein für ein Vater
6176 3626 7342 3783 trekonius lag in den verrüchten Armen¬
6176 3721 7290 3868 In meiner Seele steg die Hölfe auf
3844 3678 5911 3982 Und tief mich stürzen in die Außenwelt
6176 3811 7328 3948 Ich sog den dolf, ich wußt es selber nicht
2564 3730 3773 4015 dem Rom, ockönig, soll mein Lette sein.
313 3792 1877 4038 Rom. Und er war doch mehr Bruder!
6157 3901 7338 4062 Schräckte ihn mit fürchterste Herrn
3801 3873 5887 4157 1/4 Uhr nicht zu schauer in dreigen Seele!
6148 3996 7328 4152 Da lag Tribonius in Permin Klater
2692 3934 3247 4214 (V.folg. S.)
1768 3939 2531 4195 Wie, von Ravenes!
289 4005 635 4181 Talass.
6138 4067 7356 4238 ta u Tich fort u. alte in die Welt
5465 4029 5797 4318 (ab)
4143 4148 4394 4285 xxx
5939 4138 7333 4323 trieb mich herum in u. bekannter Landen.
379 4138 2522 4432 Du sprichst von Rennus! Dieser Mann hat dich
4555 4219 5598 4418 Und einmals, nimmals wollt ich werken,
6115 4252 7072 4394 in den wildsten Jaamelyen
5641 4214 6143 4484 Ihr habetr.
6119 4328 6911 4451 eraterin verflucht.
4119 4313 5404 4470 Und wollte sie aus dem Erlaftung schleiderin
5716 4285 7167 4494 Und doch u doch: ich kann sie nicht vorg
4110 4408 5541 4527 Und doch die jedem Traum verfolgete nach
