7384 4792
5452 106 5664 373 67
2076 318 2266 521 66
3783 377 4041 551 andre
3664 326 6943 682 Cin Rg. Ich hattein Weib, so schön, wie kein's in Eures.
4016 538 6570 885 Und sie ward weggerißen mir von meiner Seite
1203 432 2707 949 Vierter Aufzug.
3948 737 6460 1161 Einkömer freut sich ihrer Weise jetzt!
407 809 661 1093 29/1
1517 843 2364 1165 Erste Seme,
3825 949 5189 1275 Alle. König!
4880 1101 6964 1364 Ventidius. Cassius sehr schnell
1301 1046 2567 1360 Cüres. der Senat.
928 1216 3453 1627 Titus, Mittius Curtius, Virginius. Viele
3741 1233 7147 1504 Vent. Da König! Ein fürchterlicher, ungeheurer Krieg!
3766 1423 6558 1724 2) bin beleidigt, und - von einem Nömer¬
280 1534 1025 1750 Senatoren
3825 1631 6625 1877 In Carles Händen ist die Tochter Metlius.
330 1665 1995 2004 Titus. Es ist beschloßen Krieg!
301 1779 2893 2105 E. Saliner kommt das Volkist wütend
3821 1796 6926 2139 Schon glaubt ich mich am Ziel. Schon war meindolich
4893 1953 6549 2127 Auf Carles forst, zum Kirchenword
462 1978 3614 2377 krieg schreit es, krieg! Krieg gegen Rom! Ihr hörtes.
3830 2008 6871 2309 zu Rache Clof zu blutiger nach des xxx gezeckt
1131 2144 3588 2453 (Man hört das Volk von draußen toben)
3855 2139 6558 2504 Und blitzte höheisch Tod auf seinen Besser
5876 2309 6659 2444 und Romar,
385 2321 3249 2635 Sie rüsten sich. Sie sind bereit zum Kriege¬
3919 2347 6465 2597 da kam der König Romulus und mit vielen
3906 2491 6871 2885 Und ich - ich muß entfliehe! Ich muss' entfiehe
589 2559 1991 2881 (Volk dringt herin.)
3902 2673 6943 2982 Mir brennt und braust die Brust, wenn ich dran denke!
377 2665 3618 3063 das Volk. Wir wollen König! Wir ziehen gegen Reue
623 2855 3334 3203 Wir wollen unsre Weiber, unsere Töchter
3935 2889 6511 3224 V. König, ziehn wir alle gegen kom
623 3025 3702 3410 Wir wollen unsre Bräute! Gegen Rom! Rrieg! König!
3940 3059 6172 3406 zur Asche werden soll auch diese Stadt,
3940 3211 6765 3571 Wie einstens Troja ziehn wir gegen Rom!
407 3287 2046 3601 Titus. So laßt auch selten.
1656 3372 3325 3677 König, laß uns kämpfens
3952 3436 4956 3724 Alle. Königl König?
419 3495 796 3711 Viele
369 3558 3660 3986 Einjünger Sabnier. Ihr habt die Braut schon vor dem Fest verloren.
3974 3580 6414 3880 Böles. Sabiner, rüstet auch! Es ist beschlossen.
551 3736 3334 4067 doch mir ward sie geraubt! Sir ward geraubt!
4012 3758 6134 4080 des Hinundherberatens ist genug
585 3906 3313 4291 Sie ist geschändet! Meine Braut gescheidet!
3927 3919 6350 4257 Wer eine Waffe fuhren kann vor euch
606 4105 3440 4410 Wir liebten uns und diese. Hinterlisten
6609 4084 6863 4355 30
3931 4105 6333 4465 der nehme sie in die Hand und ziehen mitt
347 4274 3567 4673 Tölste (müsst für mich, es dringen viele in dem Senat)
