<?xml version="1.0" encoding="UTF-8" standalone="yes"?>
<PcGts xmlns="http://schema.primaresearch.org/PAGE/gts/pagecontent/2013-07-15" xmlns:xsi="http://www.w3.org/2001/XMLSchema-instance" xsi:schemaLocation="http://schema.primaresearch.org/PAGE/gts/pagecontent/2013-07-15 http://schema.primaresearch.org/PAGE/gts/pagecontent/2013-07-15/pagecontent.xsd">
    <Metadata>
        <Creator>prov=READ-COOP:name=TrHtr:version=2.1.0:model_id=51170:date=28_07_2023_13:22</Creator>
        <Created>2023-05-10T11:35:58.258+02:00</Created>
        <LastChange>2023-07-28T13:22:22.491+02:00</LastChange>
        <TranskribusMetadata docId="1428164" pageId="55388884" pageNr="28" tsid="131349995" status="IN_PROGRESS" userId="64420" imgUrl="https://files.transkribus.eu/Get?id=WRPSPDPVUAWZAROUOMULWXPW&amp;fileType=view" xmlUrl="https://files.transkribus.eu/Get?id=XEBNAOLIOLTMRXGBBSBSKVHE" imageId="44663774"/>
    </Metadata>
    <Page imageFilename="1428164_0028.jpg" imageWidth="7352" imageHeight="4840">
        <ReadingOrder>
            <OrderedGroup id="ro_1711818758978" caption="Regions reading order">
                <RegionRefIndexed index="0" regionRef="tr_1"/>
                <RegionRefIndexed index="1" regionRef="tr_2"/>
                <RegionRefIndexed index="2" regionRef="tr_3"/>
            </OrderedGroup>
        </ReadingOrder>
        <TextRegion id="tr_1" custom="readingOrder {index:0;}">
            <Coords points="286,308 3238,308 3238,4407 286,4407"/>
            <TextLine id="tr_1_tl_1" custom="readingOrder {index:0;}">
                <Coords points="1770,413 1808,421 1846,464 1896,434 1943,447 1964,270 1926,270 1892,295 1871,278 1850,287 1837,270 1816,278 1787,270"/>
                <Baseline points="1798,376 1876,370 1965,358"/>
                <TextEquiv>
                    <Unicode>48</Unicode>
                </TextEquiv>
            </TextLine>
            <TextLine id="tr_1_tl_2" custom="readingOrder {index:1;}">
                <Coords points="2183,510 2216,510 2246,531 2347,480 2393,506 2431,510 2444,333 2419,329 2381,350 2360,341 2322,358 2254,333 2195,329"/>
                <Baseline points="2210,460 2264,454 2354,442 2443,442"/>
                <TextEquiv>
                    <Unicode>14/1</Unicode>
                </TextEquiv>
            </TextLine>
            <TextLine id="tr_1_tl_3" custom="readingOrder {index:2;}">
                <Coords points="371,729 771,691 940,796 1049,729 1702,758 1833,666 2541,653 2642,624 2650,426 2318,552 1774,472 822,535 476,409 375,451"/>
                <Baseline points="394,663 412,657 501,669 591,669 681,663 770,669 860,663 950,657 1039,657 1129,657 1218,651 1308,651 1398,651 1487,645 1577,645 1667,645 1756,633 1846,633 1936,627 2025,627 2115,627 2204,633 2294,627 2384,621 2473,621 2563,615 2653,603"/>
                <TextEquiv>
                    <Unicode>Tit. die ist verziehe, Hoftilus! Der Bünd</Unicode>
                </TextEquiv>
            </TextLine>
            <TextLine id="tr_1_tl_4" custom="readingOrder {index:3;}">
                <Coords points="320,876 624,952 1100,847 1327,935 1980,817 2170,914 2419,898 2701,839 2705,674 2486,640 2242,737 1955,666 1715,775 1053,729 935,796 788,691 324,758"/>
                <Baseline points="346,860 376,860 466,854 555,854 645,848 734,848 824,842 914,842 1003,842 1093,836 1183,836 1272,830 1362,830 1452,830 1541,824 1631,818 1720,812 1810,806 1900,806 1989,800 2079,800 2169,806 2258,800 2348,800 2437,794 2527,788 2617,788 2706,794"/>
                <TextEquiv>
                    <Unicode>den ich mit einem ganzen Staate schließe.</Unicode>
                </TextEquiv>
            </TextLine>
            <TextLine id="tr_1_tl_5" custom="readingOrder {index:4;}">
                <Coords points="337,1087 729,1125 1087,1037 1441,1142 1555,1045 1980,1003 2591,1083 2579,843 2179,914 1774,843 1319,940 1045,868 780,952 346,910"/>
                <Baseline points="364,1027 448,1027 537,1033 627,1033 717,1027 806,1027 896,1027 985,1027 1075,1027 1165,1021 1254,1021 1344,1021 1434,1015 1523,1009 1613,1009 1702,997 1792,991 1882,991 1971,985 2061,985 2151,985 2240,985 2330,985 2420,973 2509,979 2599,973"/>
                <TextEquiv>
                    <Unicode>Macht mich wie allen dich zum Freunde auch,</Unicode>
                </TextEquiv>
            </TextLine>
            <TextLine id="tr_1_tl_6" custom="readingOrder {index:5;}">
                <Coords points="261,1260 556,1222 687,1323 1201,1205 1568,1294 1968,1167 2499,1226 2806,1184 2811,1024 2528,1104 1555,1045 1428,1146 265,1079"/>
                <Baseline points="286,1218 310,1212 400,1212 489,1207 579,1207 669,1201 758,1201 848,1201 938,1201 1027,1201 1117,1201 1207,1195 1296,1195 1386,1195 1475,1189 1565,1183 1655,1177 1744,1171 1834,1171 1924,1165 2013,1165 2103,1165 2192,1165 2282,1159 2372,1159 2461,1153 2551,1153 2641,1147 2730,1147 2820,1153"/>
                <TextEquiv>
                    <Unicode>Sal. Verzeiht, wenn ich so schnell vor demnem über</Unicode>
                </TextEquiv>
            </TextLine>
            <TextLine id="tr_1_tl_7" custom="readingOrder {index:6;}">
                <Coords points="358,1407 813,1399 1079,1509 1610,1361 2693,1462 3030,1395 3038,1184 2221,1176 1487,1319 1201,1205 362,1302"/>
                <Baseline points="382,1398 442,1386 531,1386 621,1380 711,1374 800,1374 890,1374 979,1374 1069,1374 1159,1368 1248,1368 1338,1368 1428,1368 1517,1362 1607,1356 1696,1350 1786,1344 1876,1344 1965,1344 2055,1344 2145,1344 2234,1344 2324,1338 2414,1338 2503,1338 2593,1332 2682,1320 2772,1320 2862,1314 2951,1296 3041,1290"/>
                <TextEquiv>
                    <Unicode>Raune kann ichs warten, bis die frohe Botschaft</Unicode>
                </TextEquiv>
            </TextLine>
            <TextLine id="tr_1_tl_8" custom="readingOrder {index:7;}">
                <Coords points="341,1576 489,1690 784,1555 1180,1664 2002,1563 2115,1639 2436,1521 2617,1559 2621,1403 2351,1462 2246,1365 1888,1471 1546,1395 1083,1509 788,1420 346,1437"/>
                <Baseline points="364,1565 388,1559 478,1559 567,1553 657,1547 746,1547 836,1541 926,1541 1015,1541 1105,1541 1195,1541 1284,1541 1374,1535 1463,1535 1553,1535 1643,1529 1732,1523 1822,1517 1912,1517 2001,1517 2091,1511 2180,1505 2270,1505 2360,1505 2449,1499 2539,1499 2629,1499"/>
                <TextEquiv>
                    <Unicode>Auch diesem König Romules erfreut!</Unicode>
                </TextEquiv>
            </TextLine>
            <TextLine id="tr_1_tl_9" custom="readingOrder {index:8;}">
                <Coords points="367,1774 544,1744 691,1841 742,1841 885,1732 999,1757 1007,1589 864,1605 826,1635 729,1597 695,1618 657,1589 493,1690 438,1652 371,1686"/>
                <Baseline points="394,1738 466,1732 555,1732 645,1726 734,1726 824,1720 914,1714 1003,1708"/>
                <TextEquiv>
                    <Unicode>Leblwohl!</Unicode>
                </TextEquiv>
            </TextLine>
            <TextLine id="tr_1_tl_10" custom="readingOrder {index:9;}">
                <Coords points="324,1926 940,1972 1201,1909 1336,2014 1593,1921 1841,2014 2061,1909 2360,1976 2511,1926 2516,1816 2221,1711 1563,1799 923,1736 678,1850 447,1757 329,1820"/>
                <Baseline points="346,1906 376,1906 466,1906 555,1912 645,1912 734,1912 824,1912 914,1912 1003,1906 1093,1900 1183,1900 1272,1894 1362,1894 1452,1888 1541,1882 1631,1888 1720,1882 1810,1876 1900,1876 1989,1876 2079,1870 2169,1870 2258,1870 2348,1864 2437,1852 2527,1846"/>
                <TextEquiv>
                    <Unicode>Tit: Die Göttermögen euch geleiten.</Unicode>
                </TextEquiv>
            </TextLine>
            <TextLine id="tr_1_tl_11" custom="readingOrder {index:10;}">
                <Coords points="1129,2157 1302,2090 1513,2132 1766,2073 2044,2141 2048,1938 1955,1947 1854,2010 1791,1989 1669,2023 1563,1951 1466,1951 1332,2010 1264,1951 1180,2014 1133,1997"/>
                <Baseline points="1153,2079 1159,2079 1248,2085 1338,2079 1428,2073 1517,2073 1607,2073 1696,2067 1786,2067 1876,2067 1965,2067 2055,2061"/>
                <TextEquiv>
                    <Unicode>(die Nömer ab.)</Unicode>
                </TextEquiv>
            </TextLine>
            <TextLine id="tr_1_tl_12" custom="readingOrder {index:11;}">
                <Coords points="383,2334 961,2280 1327,2385 1997,2267 2672,2385 2891,2238 3228,2250 2836,2073 1315,2179 902,2111 737,2204 388,2048"/>
                <Baseline points="406,2270 460,2270 549,2282 639,2282 728,2282 818,2282 908,2270 997,2264 1087,2264 1177,2258 1266,2258 1356,2258 1446,2252 1535,2258 1625,2258 1714,2258 1804,2252 1894,2252 1983,2252 2073,2246 2163,2234 2252,2234 2342,2240 2431,2240 2521,2234 2611,2234 2700,2228 2790,2222 2880,2222 2969,2222 3059,2228 3148,2228 3238,2234"/>
                <TextEquiv>
                    <Unicode>Tit. Sabin er, rüstet auch, wir ziehen nach Ro¬</Unicode>
                </TextEquiv>
            </TextLine>
            <TextLine id="tr_1_tl_13" custom="readingOrder {index:12;}">
                <Coords points="1681,2469 1774,2452 1795,2478 1938,2503 1993,2469 2170,2465 2309,2511 2322,2271 2225,2326 2166,2288 2031,2347 1968,2309 1921,2326 1816,2284 1749,2343 1690,2339"/>
                <Baseline points="1708,2437 1786,2443 1876,2437 1965,2431 2055,2431 2145,2420 2234,2420 2324,2420"/>
                <TextEquiv>
                    <Unicode>(Allrab.)</Unicode>
                </TextEquiv>
            </TextLine>
            <TextLine id="tr_1_tl_14" custom="readingOrder {index:13;}">
                <Coords points="493,2596 535,2600 577,2587 598,2600 636,2566 662,2579 695,2554 737,2566 754,2355 733,2355 708,2334 674,2364 640,2343 615,2364 577,2364 569,2351 539,2368 510,2368"/>
                <Baseline points="525,2509 573,2509 663,2497 752,2497"/>
                <TextEquiv>
                    <Unicode>791</Unicode>
                </TextEquiv>
            </TextLine>
            <TextLine id="tr_1_tl_15" custom="readingOrder {index:14;}">
                <Coords points="1551,2672 1622,2693 1812,2629 1980,2672 2044,2634 2347,2667 2549,2608 2840,2621 2840,2503 2516,2436 2187,2507 2086,2465 1938,2507 1812,2465 1555,2490"/>
                <Baseline points="1577,2611 1595,2611 1685,2611 1774,2611 1864,2605 1953,2605 2043,2605 2133,2605 2222,2605 2312,2605 2402,2599 2491,2593 2581,2593 2670,2587 2760,2575 2850,2575"/>
                <TextEquiv>
                    <Unicode>Hersilia. Valeria</Unicode>
                </TextEquiv>
            </TextLine>
            <TextLine id="tr_1_tl_16" custom="readingOrder {index:15;}">
                <Coords points="396,2874 1020,2832 1243,2937 1521,2811 1778,2891 2006,2794 3143,2806 3152,2579 2790,2697 400,2672"/>
                <Baseline points="418,2826 472,2826 561,2826 651,2820 740,2820 830,2814 920,2808 1009,2808 1099,2808 1189,2802 1278,2802 1368,2802 1457,2802 1547,2796 1637,2790 1726,2790 1816,2784 1906,2784 1995,2778 2085,2772 2175,2772 2264,2778 2354,2778 2443,2778 2533,2778 2623,2772 2712,2760 2802,2760 2892,2754 2981,2754 3071,2760 3160,2754"/>
                <TextEquiv>
                    <Unicode>Valeria. Nun, du sollst alles wissen! Alles! alles!</Unicode>
                </TextEquiv>
            </TextLine>
            <TextLine id="tr_1_tl_17" custom="readingOrder {index:16;}">
                <Coords points="396,3051 1024,3004 1125,3084 1749,2996 1867,3106 2115,2975 2537,3063 2596,2916 2242,2819 1993,2933 1660,2802 1243,2937 1011,2844 400,2937"/>
                <Baseline points="418,3029 454,3029 543,3011 633,3005 723,2999 812,2999 902,2993 991,2987 1081,2987 1171,2987 1260,2981 1350,2981 1440,2975 1529,2975 1619,2969 1708,2969 1798,2963 1888,2963 1977,2963 2067,2957 2157,2957 2246,2957 2336,2963 2425,2963 2515,2963 2605,2957"/>
                <TextEquiv>
                    <Unicode>Bist du die einzgedoch, der ich vertrauen,</Unicode>
                </TextEquiv>
            </TextLine>
            <TextLine id="tr_1_tl_18" custom="readingOrder {index:17;}">
                <Coords points="358,3228 662,3186 729,3245 805,3190 940,3261 1079,3207 1155,3283 1445,3194 1652,3283 1858,3156 2309,3160 2309,3072 2031,3013 1913,3110 1664,3004 1500,3068 1273,3013 1121,3084 1024,3004 670,3110 539,3021 362,3084"/>
                <Baseline points="382,3178 436,3178 525,3178 615,3172 705,3172 794,3172 884,3172 973,3172 1063,3172 1153,3166 1242,3166 1332,3160 1422,3154 1511,3154 1601,3148 1691,3143 1780,3143 1870,3143 1959,3143 2049,3137 2139,3137 2228,3131 2318,3125"/>
                <TextEquiv>
                    <Unicode>dieninzige, durch alles sagen kann, -</Unicode>
                </TextEquiv>
            </TextLine>
            <TextLine id="tr_1_tl_19" custom="readingOrder {index:18;}">
                <Coords points="409,3371 1530,3358 1723,3426 2048,3320 2469,3367 2537,3215 2183,3156 2035,3232 1753,3190 1652,3283 1445,3198 1150,3283 809,3194 413,3240"/>
                <Baseline points="430,3352 478,3352 567,3352 657,3352 746,3346 836,3346 926,3340 1015,3340 1105,3340 1195,3334 1284,3334 1374,3328 1463,3322 1553,3316 1643,3316 1732,3316 1822,3316 1912,3310 2001,3310 2091,3304 2180,3304 2270,3304 2360,3304 2449,3304 2539,3304"/>
                <TextEquiv>
                    <Unicode>Ja alles, was mein Herz so schwer bedrückt.-</Unicode>
                </TextEquiv>
            </TextLine>
            <TextLine id="tr_1_tl_20" custom="readingOrder {index:19;}">
                <Coords points="400,3556 1112,3586 1277,3514 1530,3636 1744,3565 1871,3620 2098,3506 2398,3607 2714,3514 2718,3422 2398,3342 1500,3459 1247,3350 923,3430 405,3405"/>
                <Baseline points="424,3519 484,3525 573,3525 663,3525 752,3519 842,3519 932,3519 1021,3519 1111,3513 1201,3507 1290,3507 1380,3507 1469,3501 1559,3495 1649,3489 1738,3495 1828,3489 1918,3489 2007,3489 2097,3489 2186,3483 2276,3483 2366,3477 2455,3477 2545,3471 2635,3471 2724,3465"/>
                <TextEquiv>
                    <Unicode>Und in des Basse's tiefe liegt verborgen:</Unicode>
                </TextEquiv>
            </TextLine>
            <TextLine id="tr_1_tl_21" custom="readingOrder {index:20;}">
                <Coords points="400,3733 426,3729 455,3754 510,3721 552,3763 619,3721 678,3712 771,3746 881,3712 885,3649 721,3577 678,3594 615,3573 565,3590 539,3569 497,3582 472,3561 438,3590 405,3590"/>
                <Baseline points="424,3710 442,3716 531,3716 621,3710 711,3704 800,3704 890,3698"/>
                <TextEquiv>
                    <Unicode>Ich liebe.</Unicode>
                </TextEquiv>
            </TextLine>
            <TextLine id="tr_1_tl_22" custom="readingOrder {index:21;}">
                <Coords points="333,3923 919,3881 1024,3982 1635,3856 2318,3952 2495,3843 2840,3856 2844,3700 1917,3759 1416,3691 691,3809 337,3733"/>
                <Baseline points="358,3895 388,3889 478,3883 567,3883 657,3877 728,3872 794,3866 884,3866 973,3872 1063,3866 1153,3866 1242,3860 1332,3860 1422,3860 1511,3860 1601,3854 1691,3848 1780,3842 1870,3842 1959,3842 2049,3842 2139,3836 2228,3836 2318,3830 2408,3830 2497,3830 2587,3824 2676,3824 2766,3818 2856,3818"/>
                <TextEquiv>
                    <Unicode>Hers Zu auch -? Liebst du glücklich? Glückich -</Unicode>
                </TextEquiv>
            </TextLine>
            <TextLine id="tr_1_tl_23" custom="readingOrder {index:22;}">
                <Coords points="346,4087 1424,4033 1580,4146 1719,4054 2212,4016 2334,4096 2731,4028 2735,3898 2094,3957 1698,3856 1281,3965 1121,3902 1028,3982 948,3906 350,3910"/>
                <Baseline points="370,4057 412,4057 501,4051 591,4051 681,4051 770,4045 860,4045 950,4039 1039,4039 1129,4033 1218,4033 1308,4033 1398,4033 1487,4027 1577,4021 1667,4015 1756,4015 1846,4021 1936,4015 2025,4009 2115,4009 2204,4009 2294,4009 2384,4009 2473,4003 2563,3997 2653,3991 2742,3991"/>
                <TextEquiv>
                    <Unicode>Valeria. Ja der nein! Ich bin von ihm geliebt -</Unicode>
                </TextEquiv>
            </TextLine>
            <TextLine id="tr_1_tl_24" custom="readingOrder {index:23;}">
                <Coords points="371,4243 898,4235 990,4323 1256,4210 1420,4294 1660,4197 1875,4323 2098,4197 2436,4311 2608,4252 2617,4033 2339,4100 2090,4016 1580,4151 1150,4049 375,4079"/>
                <Baseline points="400,4200 472,4212 561,4218 651,4218 740,4218 830,4218 920,4212 1009,4212 1099,4212 1189,4206 1278,4200 1368,4200 1457,4194 1547,4194 1637,4188 1726,4188 1816,4188 1906,4188 1995,4188 2085,4188 2175,4182 2264,4182 2354,4176 2443,4176 2533,4176 2623,4158"/>
                <TextEquiv>
                    <Unicode>Iedoch wir beide lieben doch nicht glücklich</Unicode>
                </TextEquiv>
            </TextLine>
            <TextLine id="tr_1_tl_25" custom="readingOrder {index:24;}">
                <Coords points="341,4492 868,4534 1361,4416 1732,4521 1976,4382 2284,4420 2288,4298 2098,4197 1867,4323 1660,4205 1559,4294 1273,4239 990,4319 919,4260 350,4243"/>
                <Baseline points="370,4391 412,4385 501,4397 591,4397 681,4397 770,4397 860,4397 950,4391 1039,4385 1129,4385 1218,4385 1308,4379 1398,4379 1487,4373 1577,4373 1667,4367 1756,4367 1846,4361 1936,4361 2025,4361 2115,4356 2204,4356 2294,4344"/>
                <TextEquiv>
                    <Unicode>Cx ist - Carles - Wismitt, den ich habe</Unicode>
                </TextEquiv>
            </TextLine>
        </TextRegion>
        <TextRegion id="tr_2" custom="readingOrder {index:1;}">
            <Coords points="3698,206 7206,206 7206,2728 3698,2728"/>
            <TextLine id="tr_2_tl_1" custom="readingOrder {index:0;}">
                <Coords points="5343,312 5436,320 5478,299 5503,320 5541,308 5583,324 5604,169 5545,156 5520,181 5482,177 5465,190 5453,181 5436,190 5423,173 5394,181 5364,173"/>
                <Baseline points="5371,292 5425,286 5515,274 5604,256"/>
                <TextEquiv>
                    <Unicode>49</Unicode>
                </TextEquiv>
            </TextLine>
            <TextLine id="tr_2_tl_2" custom="readingOrder {index:1;}">
                <Coords points="3729,603 4134,603 4285,712 4399,611 4454,598 4534,674 4639,573 4703,586 4703,405 4547,426 4420,350 4336,392 4252,367 4045,464 3738,282"/>
                <Baseline points="3752,579 3818,579 3907,579 3997,579 4087,573 4176,567 4266,561 4356,555 4445,561 4535,561 4624,561 4714,567"/>
                <TextEquiv>
                    <Unicode>Kers.  En Flückling</Unicode>
                </TextEquiv>
            </TextLine>
            <TextLine id="tr_2_tl_3" custom="readingOrder {index:2;}">
                <Coords points="4424,775 4825,805 4976,729 5153,767 5242,725 5318,792 5516,729 5693,830 5811,725 5920,792 6089,699 6093,624 5701,527 5554,611 5410,544 5006,560 4842,653 4639,577 4504,704 4429,674"/>
                <Baseline points="4451,734 4487,734 4577,734 4666,728 4756,723 4845,723 4935,717 5025,711 5114,711 5204,711 5294,711 5383,705 5473,699 5563,693 5652,693 5742,687 5831,687 5921,681 6011,687 6100,687"/>
                <TextEquiv>
                    <Unicode>Ja, den heimatlosen Thichtling.</Unicode>
                </TextEquiv>
            </TextLine>
            <TextLine id="tr_2_tl_4" custom="readingOrder {index:3;}">
                <Coords points="3704,767 3746,771 3754,758 3797,775 3818,763 3847,771 3872,767 3864,594 3830,603 3801,590 3784,603 3763,590 3746,603 3721,577 3695,577"/>
                <Baseline points="3722,740 3812,752 3883,746"/>
                <TextEquiv>
                    <Unicode>let</Unicode>
                </TextEquiv>
            </TextLine>
            <TextLine id="tr_2_tl_5" custom="readingOrder {index:4;}">
                <Coords points="3729,982 4290,935 4483,1041 4622,944 5065,1003 5415,898 5933,982 6215,902 6219,733 6026,708 5887,805 5798,733 5528,843 5250,733 4374,847 3738,763"/>
                <Baseline points="3758,920 3806,926 3895,926 3985,926 4075,932 4164,926 4254,926 4344,926 4433,926 4523,914 4612,908 4702,908 4792,902 4881,902 4971,896 5061,896 5150,896 5240,896 5329,890 5419,884 5509,884 5598,878 5688,878 5778,872 5867,866 5957,860 6047,866 6136,872 6226,872"/>
                <TextEquiv>
                    <Unicode>Er ist in kom- ich werd' ihn nie mehr schu¬</Unicode>
                </TextEquiv>
            </TextLine>
            <TextLine id="tr_2_tl_6" custom="readingOrder {index:5;}">
                <Coords points="3712,1201 4269,1100 5478,1142 5726,1066 5878,1163 6249,1091 6257,889 5933,982 4660,935 4467,1041 4188,944 3717,1079"/>
                <Baseline points="3734,1111 3752,1117 3842,1117 3931,1111 4021,1105 4111,1105 4200,1099 4290,1099 4379,1099 4469,1093 4559,1087 4648,1087 4738,1087 4828,1087 4917,1081 5007,1075 5096,1075 5186,1075 5276,1069 5365,1069 5455,1063 5545,1057 5634,1051 5724,1051 5813,1045 5903,1045 5993,1039 6082,1033 6172,1033 6262,1027"/>
                <TextEquiv>
                    <Unicode>ders Und ich- istig Ventidus, den Verfolger</Unicode>
                </TextEquiv>
            </TextLine>
            <TextLine id="tr_2_tl_7" custom="readingOrder {index:6;}">
                <Coords points="4205,1184 4269,1201 4336,1180 4378,1192 4437,1176 4475,1197 4513,1176 4542,1197 4585,1197 4589,1091 4559,1083 4492,1121 4420,1087 4374,1129 4357,1121 4323,1142 4269,1100 4239,1121 4205,1121"/>
                <Baseline points="4230,1177 4236,1177 4326,1177 4415,1177 4505,1171 4595,1165"/>
                <TextEquiv>
                    <Unicode>Taele</Unicode>
                </TextEquiv>
            </TextLine>
            <TextLine id="tr_2_tl_8" custom="readingOrder {index:7;}">
                <Coords points="3674,1315 5048,1332 5878,1239 6139,1319 6287,1247 6291,1117 5882,1176 5630,1083 4854,1083 4281,1218 3679,1197"/>
                <Baseline points="3698,1296 3788,1290 3877,1284 3967,1284 4057,1278 4146,1272 4236,1272 4326,1278 4415,1272 4505,1266 4595,1260 4684,1254 4774,1248 4863,1242 4953,1242 5043,1242 5132,1242 5222,1242 5312,1236 5401,1236 5491,1230 5580,1224 5670,1224 5760,1224 5849,1224 5939,1224 6029,1218 6118,1212 6208,1201 6297,1195"/>
                <TextEquiv>
                    <Unicode>Deines Gebieten! Deines Carles, den die liebst¬</Unicode>
                </TextEquiv>
            </TextLine>
            <TextLine id="tr_2_tl_9" custom="readingOrder {index:8;}">
                <Coords points="3691,1580 4922,1428 6498,1433 6506,1243 6253,1230 6076,1348 5878,1239 5495,1353 5322,1281 4972,1395 4833,1289 4462,1382 3704,1348"/>
                <Baseline points="3722,1463 3728,1469 3818,1469 3907,1463 3997,1457 4087,1457 4176,1452 4266,1446 4356,1440 4445,1440 4535,1434 4624,1434 4714,1428 4804,1428 4893,1422 4983,1422 5073,1428 5162,1416 5252,1410 5341,1410 5431,1404 5521,1398 5610,1398 5700,1392 5790,1392 5879,1392 5969,1392 6058,1386 6148,1380 6238,1374 6327,1368 6417,1362 6507,1350"/>
                <TextEquiv>
                    <Unicode>Val. Genig - wir lieben – und wir leiben heiß.</Unicode>
                </TextEquiv>
            </TextLine>
            <TextLine id="tr_2_tl_10" custom="readingOrder {index:9;}">
                <Coords points="3797,1660 4134,1631 4378,1711 5099,1605 5271,1723 5402,1622 5491,1698 6156,1589 6165,1407 5672,1483 5478,1416 5225,1542 4762,1555 4627,1475 3801,1563"/>
                <Baseline points="3824,1643 3836,1643 3925,1637 4015,1637 4105,1631 4194,1625 4284,1625 4373,1619 4463,1619 4553,1619 4642,1607 4732,1607 4822,1607 4911,1601 5001,1601 5090,1595 5180,1589 5270,1577 5359,1577 5449,1571 5539,1571 5628,1571 5718,1565 5808,1565 5897,1565 5987,1559 6076,1559 6166,1559"/>
                <TextEquiv>
                    <Unicode>Mit allen Gluten meiner Jungern Seele</Unicode>
                </TextEquiv>
            </TextLine>
            <TextLine id="tr_2_tl_11" custom="readingOrder {index:10;}">
                <Coords points="3763,1926 4934,1787 5410,1896 6043,1744 6468,1799 6472,1652 3767,1677"/>
                <Baseline points="3788,1816 3877,1816 3967,1810 4057,1816 4146,1810 4236,1804 4326,1804 4415,1804 4505,1798 4595,1792 4684,1786 4774,1780 4863,1780 4953,1774 5043,1774 5132,1774 5222,1768 5312,1762 5401,1762 5491,1756 5580,1756 5670,1756 5760,1750 5849,1750 5939,1744 6029,1744 6118,1750 6208,1750 6297,1750 6387,1750 6477,1750"/>
                <TextEquiv>
                    <Unicode>Hierg ich an Carles und mußt ihn verlieren —:</Unicode>
                </TextEquiv>
            </TextLine>
            <TextLine id="tr_2_tl_12" custom="readingOrder {index:11;}">
                <Coords points="3717,2098 4964,1972 6026,2077 6333,1943 6906,2044 7088,1985 7092,1808 6266,1757 5436,1896 4703,1812 3721,1947"/>
                <Baseline points="3740,2013 3788,2007 3877,2007 3967,2001 4057,1995 4146,1995 4236,1989 4326,1989 4415,1989 4505,1983 4595,1983 4684,1977 4774,1971 4863,1971 4953,1959 5043,1959 5132,1959 5222,1959 5312,1959 5401,1953 5491,1953 5580,1947 5670,1947 5760,1941 5849,1941 5939,1936 6029,1936 6118,1930 6208,1930 6297,1924 6387,1924 6477,1918 6566,1912 6656,1912 6746,1912 6835,1906 6925,1906 7015,1912 7104,1918"/>
                <TextEquiv>
                    <Unicode>Hers. Was denk' ich plötzlich - Ziehen wir nicht nach Rom.</Unicode>
                </TextEquiv>
            </TextLine>
            <TextLine id="tr_2_tl_13" custom="readingOrder {index:12;}">
                <Coords points="4711,2086 4732,2086 4749,2107 4787,2077 4829,2090 4896,2039 4926,2039 4943,2061 4985,2061 4993,1976 4951,1976 4917,2010 4901,1997 4854,2002 4833,1985 4787,2006 4753,2039 4719,2035"/>
                <Baseline points="4738,2061 4816,2049 4905,2043 4995,2031"/>
                <TextEquiv>
                    <Unicode>Fol?</Unicode>
                </TextEquiv>
            </TextLine>
            <TextLine id="tr_2_tl_14" custom="readingOrder {index:13;}">
                <Coords points="3738,2229 4471,2174 4585,2271 4951,2157 5259,2250 5410,2153 5975,2259 6148,2132 6569,2115 6573,1947 6026,2077 5895,1989 3746,2082"/>
                <Baseline points="3764,2186 3800,2180 3889,2186 3979,2180 4069,2180 4158,2175 4248,2175 4338,2169 4427,2163 4517,2163 4606,2157 4696,2151 4786,2157 4875,2151 4965,2151 5055,2145 5144,2145 5234,2139 5324,2139 5413,2139 5503,2139 5592,2139 5682,2127 5772,2121 5861,2115 5951,2115 6041,2109 6130,2103 6220,2103 6309,2103 6399,2097 6489,2091 6578,2085"/>
                <TextEquiv>
                    <Unicode>Um dort das Art des Consus mitzufeieren</Unicode>
                </TextEquiv>
            </TextLine>
            <TextLine id="tr_2_tl_15" custom="readingOrder {index:14;}">
                <Coords points="3843,2419 4045,2440 4129,2368 4374,2503 4585,2427 4715,2465 5014,2334 5402,2355 5410,2200 5246,2250 5162,2195 4964,2233 4888,2187 4648,2301 4344,2191 4146,2271 4079,2216 3851,2233"/>
                <Baseline points="3872,2360 3889,2360 3979,2360 4069,2360 4158,2360 4248,2360 4338,2360 4427,2360 4517,2360 4606,2354 4696,2348 4786,2342 4875,2342 4965,2336 5055,2324 5144,2318 5234,2318 5324,2312 5413,2300"/>
                <TextEquiv>
                    <Unicode>Val, der seh - ich Carles!</Unicode>
                </TextEquiv>
            </TextLine>
            <TextLine id="tr_2_tl_16" custom="readingOrder {index:15;}">
                <Coords points="4976,2554 5486,2499 5731,2541 5840,2482 6118,2541 6409,2465 6544,2520 6552,2355 6375,2385 6186,2296 5596,2334 5474,2410 5263,2326 4981,2351"/>
                <Baseline points="5001,2509 5037,2503 5126,2503 5216,2497 5306,2491 5395,2485 5485,2491 5574,2485 5664,2485 5754,2479 5843,2473 5933,2473 6023,2467 6112,2461 6202,2461 6292,2461 6381,2461 6471,2461 6560,2455"/>
                <TextEquiv>
                    <Unicode>Und Urtidus ich -!</Unicode>
                </TextEquiv>
            </TextLine>
            <TextLine id="tr_2_tl_17" custom="readingOrder {index:16;}">
                <Coords points="3788,2575 3864,2549 3898,2562 3944,2549 3961,2562 3978,2545 3986,2554 4007,2545 4033,2566 4087,2541 4129,2558 4134,2461 4070,2452 3995,2410 3948,2419 3894,2410 3877,2423 3822,2377 3792,2377"/>
                <Baseline points="3812,2545 3872,2539 3961,2539 4051,2533 4140,2539"/>
                <TextEquiv>
                    <Unicode>Hers.</Unicode>
                </TextEquiv>
            </TextLine>
            <TextLine id="tr_2_tl_18" custom="readingOrder {index:17;}">
                <Coords points="3809,2735 7062,2693 7201,2667 7206,2495 6519,2587 5971,2495 5512,2642 3813,2558"/>
                <Baseline points="3836,2700 3889,2706 3979,2712 4069,2718 4158,2718 4248,2718 4338,2706 4427,2706 4517,2700 4606,2700 4696,2694 4786,2688 4875,2694 4965,2694 5055,2688 5144,2676 5234,2676 5324,2676 5413,2676 5503,2670 5592,2664 5682,2659 5772,2659 5861,2653 5951,2647 6041,2647 6130,2641 6220,2641 6309,2647 6399,2647 6489,2641 6578,2641 6668,2635 6758,2629 6847,2629 6937,2629 7026,2629 7116,2635 7206,2641"/>
                <TextEquiv>
                    <Unicode>Sal. Ventidus in Rom. Weh mir und Coeles!</Unicode>
                </TextEquiv>
            </TextLine>
        </TextRegion>
        <TextRegion id="tr_3" custom="readingOrder {index:2;}">
            <Coords points="3818,2776 7194,2776 7194,4312 3818,4312"/>
            <TextLine id="tr_3_tl_1" custom="readingOrder {index:0;}">
                <Coords points="3830,2958 5086,2870 5790,2941 5979,2853 6135,2924 6413,2895 6418,2705 5533,2773 5347,2688 5056,2798 4627,2739 4424,2827 3835,2731"/>
                <Baseline points="3854,2898 3913,2892 4003,2904 4093,2898 4182,2898 4272,2892 4361,2886 4451,2886 4541,2880 4630,2880 4720,2874 4810,2874 4899,2868 4989,2868 5079,2862 5168,2856 5258,2856 5347,2856 5437,2850 5527,2850 5616,2850 5706,2844 5796,2838 5885,2838 5975,2832 6064,2832 6154,2826 6244,2826 6333,2826 6423,2826"/>
                <TextEquiv>
                    <Unicode>Er ist verloren - Sich unglücksel' ge!</Unicode>
                </TextEquiv>
            </TextLine>
            <TextLine id="tr_3_tl_2" custom="readingOrder {index:1;}">
                <Coords points="3818,3110 5402,3038 6005,3152 6337,3009 7189,3017 7193,2844 3822,2962"/>
                <Baseline points="3842,3071 3877,3065 3967,3071 4057,3071 4146,3071 4236,3071 4326,3065 4415,3059 4505,3059 4595,3053 4684,3053 4774,3053 4863,3047 4953,3041 5043,3035 5132,3035 5222,3029 5312,3029 5401,3029 5491,3023 5580,3023 5670,3017 5760,3017 5849,3011 5939,3011 6029,3011 6118,3005 6208,2999 6297,2999 6387,2993 6477,2993 6566,2993 6656,2993 6746,2987 6835,2981 6925,2975 7015,2975 7104,2975 7194,2975"/>
                <TextEquiv>
                    <Unicode>Hers. Vyorste Vertivius verfolgt ja deinen Carles.</Unicode>
                </TextEquiv>
            </TextLine>
            <TextLine id="tr_3_tl_3" custom="readingOrder {index:2;}">
                <Coords points="3818,3270 6725,3232 6961,3177 6965,3034 6342,3009 5823,3156 5267,3165 5044,3038 3826,3106"/>
                <Baseline points="3842,3262 3919,3256 4009,3244 4099,3244 4188,3244 4278,3244 4367,3244 4457,3244 4547,3238 4636,3232 4726,3232 4816,3226 4905,3226 4995,3226 5084,3220 5174,3214 5264,3220 5353,3208 5443,3202 5533,3202 5622,3196 5712,3202 5802,3202 5891,3196 5981,3190 6070,3184 6160,3178 6250,3184 6339,3172 6429,3166 6519,3160 6608,3160 6698,3154 6787,3154 6877,3148 6967,3154"/>
                <TextEquiv>
                    <Unicode>Val An die Gefahren, unsrer Liebe dach' ich -</Unicode>
                </TextEquiv>
            </TextLine>
            <TextLine id="tr_3_tl_4" custom="readingOrder {index:3;}">
                <Coords points="3797,3476 4226,3548 4930,3396 5031,3497 5351,3405 5482,3510 5912,3384 6186,3481 6304,3375 6717,3367 6721,3202 3801,3316"/>
                <Baseline points="3818,3429 3860,3423 3949,3423 4039,3417 4128,3417 4218,3417 4308,3417 4397,3417 4487,3411 4577,3411 4666,3399 4756,3399 4845,3393 4935,3393 5025,3388 5114,3388 5204,3388 5294,3388 5383,3388 5473,3376 5563,3376 5652,3376 5742,3376 5831,3376 5921,3370 6011,3364 6100,3358 6190,3352 6280,3346 6369,3346 6459,3340 6548,3334 6638,3334 6728,3328"/>
                <TextEquiv>
                    <Unicode>und Nicht an die Gefahren seiner selbst!</Unicode>
                </TextEquiv>
            </TextLine>
            <TextLine id="tr_3_tl_5" custom="readingOrder {index:4;}">
                <Coords points="3818,3615 4732,3683 4913,3582 6249,3607 6396,3531 6607,3611 6666,3434 5853,3400 5065,3510 4917,3392 4740,3523 4627,3455 4087,3548 3826,3459"/>
                <Baseline points="3842,3597 3895,3597 3985,3597 4075,3597 4164,3597 4254,3597 4344,3597 4433,3591 4523,3585 4612,3579 4702,3579 4792,3579 4881,3573 4971,3573 5061,3573 5150,3567 5240,3567 5329,3567 5419,3561 5509,3561 5598,3555 5688,3549 5778,3549 5867,3543 5957,3537 6047,3531 6136,3525 6226,3519 6315,3519 6405,3507 6495,3507 6584,3501 6674,3495"/>
                <TextEquiv>
                    <Unicode>Wehrner vielleicht weilt er im Orkoß schon</Unicode>
                </TextEquiv>
            </TextLine>
            <TextLine id="tr_3_tl_6" custom="readingOrder {index:5;}">
                <Coords points="3843,3805 4222,3894 4736,3754 4842,3818 6308,3733 6439,3691 6443,3540 5592,3636 4913,3582 4698,3712 4521,3620 3851,3636"/>
                <Baseline points="3866,3776 3937,3776 4027,3776 4116,3770 4206,3770 4296,3764 4385,3764 4475,3764 4565,3758 4654,3758 4744,3752 4834,3752 4923,3746 5013,3752 5102,3746 5192,3740 5282,3740 5371,3734 5461,3728 5551,3716 5640,3716 5730,3716 5819,3716 5909,3710 5999,3698 6088,3698 6178,3692 6268,3692 6357,3692 6447,3686"/>
                <TextEquiv>
                    <Unicode>Vielleicht hat ihn schon das Vertivus Nahl</Unicode>
                </TextEquiv>
            </TextLine>
            <TextLine id="tr_3_tl_7" custom="readingOrder {index:6;}">
                <Coords points="5217,3864 5722,3784 6544,3809 6717,3759 6721,3662 6489,3649 6312,3729 5225,3759"/>
                <Baseline points="5246,3818 5288,3812 5377,3812 5467,3812 5557,3800 5646,3788 5736,3782 5825,3776 5915,3776 6005,3776 6094,3770 6184,3770 6274,3764 6363,3758 6453,3758 6542,3746 6632,3746 6722,3740"/>
                <TextEquiv>
                    <Unicode>in das gelebt Herr</Unicode>
                </TextEquiv>
            </TextLine>
            <TextLine id="tr_3_tl_8" custom="readingOrder {index:7;}">
                <Coords points="3868,3982 5440,3906 5571,3999 6080,3889 6245,3990 6409,3881 6586,3915 6590,3801 5221,3877 4740,3750 4222,3894 3877,3797"/>
                <Baseline points="3895,3943 3907,3937 3997,3943 4087,3943 4176,3937 4266,3937 4356,3931 4445,3925 4535,3925 4624,3925 4714,3919 4804,3913 4893,3913 4983,3913 5073,3913 5162,3913 5252,3913 5341,3907 5431,3901 5521,3901 5610,3889 5700,3889 5790,3883 5879,3877 5969,3877 6058,3877 6148,3872 6238,3872 6327,3866 6417,3860 6507,3854 6596,3836"/>
                <TextEquiv>
                    <Unicode>Getroffen in das Herz - Ousglücksel ge¬</Unicode>
                </TextEquiv>
            </TextLine>
            <TextLine id="tr_3_tl_9" custom="readingOrder {index:8;}">
                <Coords points="4146,4083 4269,4041 4328,4087 4521,4016 4563,4058 4635,4020 4749,4020 4812,4070 4930,4011 5073,3999 5073,3952 4829,3915 4745,3969 4593,3923 4504,3961 4210,3944 4151,3982"/>
                <Baseline points="4170,4051 4182,4051 4272,4033 4361,4027 4451,4021 4541,4015 4630,4009 4720,4009 4810,4009 4899,4009 4989,3997 5079,3991"/>
                <TextEquiv>
                    <Unicode>sind verhten. Schweren</Unicode>
                </TextEquiv>
            </TextLine>
            <TextLine id="tr_3_tl_10" custom="readingOrder {index:9;}">
                <Coords points="3877,4167 4745,4129 4896,4226 5124,4087 6801,4100 6974,4066 6978,3931 6249,3982 5941,3894 4323,4087 3881,3969"/>
                <Baseline points="3901,4099 3937,4111 4027,4111 4116,4116 4206,4122 4296,4128 4385,4122 4475,4111 4565,4099 4654,4099 4744,4099 4834,4093 4923,4093 5013,4087 5102,4081 5192,4075 5282,4075 5371,4075 5461,4075 5551,4069 5640,4063 5730,4057 5819,4057 5909,4057 5999,4051 6088,4045 6178,4045 6268,4045 6357,4045 6447,4045 6536,4039 6626,4033 6716,4027 6805,4027 6895,4021 6985,4015"/>
                <TextEquiv>
                    <Unicode>Hers. Wälwia - still - und noch drei kurze Tage</Unicode>
                </TextEquiv>
            </TextLine>
            <TextLine id="tr_3_tl_11" custom="readingOrder {index:10;}">
                <Coords points="3843,4349 4964,4302 5423,4458 5895,4290 6814,4290 6818,4125 6573,4155 6405,4049 5739,4167 5056,4100 4892,4222 4749,4134 3847,4155"/>
                <Baseline points="3866,4296 3955,4296 4045,4296 4134,4302 4224,4296 4314,4296 4403,4284 4493,4284 4583,4278 4672,4266 4762,4272 4851,4266 4941,4266 5031,4260 5120,4260 5210,4260 5300,4260 5389,4254 5479,4254 5568,4248 5658,4248 5748,4236 5837,4230 5927,4224 6017,4218 6106,4212 6196,4218 6286,4212 6375,4212 6465,4206 6554,4206 6644,4200 6734,4200 6823,4188"/>
                <TextEquiv>
                    <Unicode>Val. drei kurje Tage? Euch lange Tage¬</Unicode>
                </TextEquiv>
            </TextLine>
        </TextRegion>
    </Page>
</PcGts>
