7272 4760
1967 169 2210 312 100
126 247 3609 581 da stand er ganz und gar vor mir. Als ich nur gegen
169 446 3544 754 Ende des Dramos gelangte, bemerkte ich, dass sich
152 598 3561 875 zwei Handlungen parallec fortbewegten, ohne
178 784 3457 1079 auch nur einen gemeinsamen Punkt zu haben.
126 901 3483 1213 die des Carles Vibenn und die des Hofius. Ich dachte,
130 1100 3440 1386 es gäte nun keinen Ausweg mehr, da ich mich eine
156 1252 3609 1551 ganz hinein verräumt hätte. Da kam mir der Gedanke
126 1451 3609 1664 des Waldweibes Gedacht gethan, die Ferne mit St. Akt.
139 1599 3574 1902 in Jusulum konnte ohne jede Mühe dazugemacht
186 1724 3613 2023 werden, und ein gemeinsamer Punkt vor,
182 1911 3462 2214 gefunden. Die Könige von Lüstulum. Ich
251 2067 3600 2379 habe an diesem Stück vom 7. December 1875ter
160 2223 3535 2552 22. Feber 18/6 gearbietet. Es umfasst 1590 Verse¬
243 2405 3583 2695 Was die einzelnen Charaktere betrifft, so glaube
260 2556 3587 2855 ich, daß der des Ventidius der schwerste ist. Das Schwan¬
225 2764 3418 3007 ken zwischen Liete und Schwur erfordert einen
247 2894 3423 3249 gevandten Schauspieler: Schglaube, es ist auch die
286 3059 3609 3418 größte Rolle im Stück. Auch das Waldweib muß
234 3236 3626 3518 einertalentirten Schauspielerin Anvertraut werden
212 3427 3522 3748 denn hier ist vom Erhaben zum Lächerlichen
251 3600 1113 3878 ein Schritel
234 3739 2067 4051 Wien, 22. Feber 1816
1326 3938 2885 4363 Oathus, Schrifler
