7528 4856
2015 328 2205 530 48
252 492 2091 905 die einigen Göbliche die Cumanden!
1506 698 2436 964 Corsilia (kommt)
282 900 2853 1245 Vent. Ha - trägt mich alles nicht, - ihr seid Gersiliee¬
261 1149 972 1397 Hers. Ich bin 6 -!
774 1250 2302 1595 Wie kommt ihr her! Aus Rom!
257 1346 513 1506 Vent.
1965 1418 2571 1645 Aus Rom.
286 1485 560 1696 Her.
265 1599 2886 1923 des Burgauptmanns Tochter öffnete mir das Thor.
240 1759 3029 2062 Sent. Und was bringt auch zu solcher Nacht mit her?
252 1956 2600 2293 Hers. O schützet mich von diesem Romulus!
1506 2158 1696 2293 gar
282 2163 2861 2474 Vent. Ihr seid gar ein berei deuswertes Weil
295 2356 2247 2676 Zwei Herrscherheiten auch! Zwei Könige,
269 2529 2104 2781 Sie W', die um eure Liebe Bühlen.
269 2684 3332 3021 Kers. Eleidich - kam kommen - kamen - komme lieben.
307 2870 2588 3198 Vent (schon anspielend.) Ist euer Herz so liebelass?
2348 3021 2966 3265 Vertidius!
282 3135 564 3374 Hert
299 3219 2857 3517 Oliebelaar – Jich - liebe Euch, Ventidius!
265 3370 2924 3677 Ich kann t's nicht verhaften. Wußtet ihres
265 3606 2853 3917 doch selbst! Ich liebe Euch! nur Euchallein
290 3745 3286 4048 Vent. Nurung allein. Ich weiß es wahrlich nicht. -
299 3905 2726 4254 Sollich mich glücklich oder elend nennen?
387 4085 3172 4430 Es aber weiß ich. ihr seid. unglückselig
353 4258 3122 4658 Denn immer noch'r kann auch Kirtickes lieber
5280 185 5449 337 7
3749 379 6387 736 Herr. O, - das hob' ich erwartet! Und gefürchtet
3736 623 6484 972 Und war ich auch gefaßt auf diesen Schmerz
3711 745 6206 1144 Jetzt da ihr selbst mein Todesurtheil sprecht,
3736 930 6261 1304 bohrt sich das Unglück tiefer in den Busen
3766 1098 6496 1431 Vent. Glaubt nicht, Hersiliee, ich sei schaden fort
3766 1283 6555 1649 könnt ich auch lieben, nicht so schnöde sprächjahr¬
3795 1460 6883 1822 Ich kenne selbst die Schmedz verschmähter Liebe.
3795 1637 6446 1927 Hers. Wie glücklich greih' ich jene, die ihr lebt
3783 1826 6135 2142 Vent. Palexia ist glücklich! O sehr glüklich.
5217 1982 6286 2158 nehmen: Esbst wohl
4094 2053 4759 2201 to sum of
3787 1940 6505 2369 Hers. This name of Abschied, & Hantidms, non huiss
3762 2255 6492 2579 Vent. Es regt Mitland sich zu meinem Herzen,
3778 2356 6888 2659 doch könntet ihr die Wunde meines Innern sehe;
3791 2550 6530 2920 Ihr werdet wahrlich Mitleid mit mir fühlen,
3808 2697 6947 3109 doch sträubt mein Stolz sich gegen fremdes Mitleid.
3804 2941 6513 3223 Wir dünkt das Mitleid wie Einiedrigung.
5907 3046 6252 3210 hicksal.
3812 3071 6299 3391 Seht doch den Armen, wie das Geistes ihn
3820 3236 6568 3635 Zu Boden schmetterte. Beweines werther.
3812 3387 6416 3770 das Schicksalmich zu Boden schmettern? Ha!
3825 3631 6412 3951 Ich ringe mit dem Schicksal! Unterwerfung
3862 3757 7250 4081 Dß schimpflich. Zwingen muß man sein Geschick!
3854 3913 7056 4245 Hers. Ihr Jud ein Mann! Ich bin ein armes Weib.
3854 4161 6294 4510 Mich schmettert mein Geschick zu Boden.
