7368 4760
5456 150 5748 352 65
1770 241 1981 477 69
3764 288 7222 696 Vent. (mit dem Schwerl.) Zurück vor meinem Schwerte!
301 400 3544 829 Voleria. The Götter! Kleibt ihr stumm bei solchem Frevel!
3794 601 5009 842 Valeria, mit mir!
228 675 3609 1014 Coeles. (zieht das Schwert.) Wer mich von auch als erstes nicht
4700 730 6238 1010 Nein! Sie ist mein!
3746 782 4167 975 Caeles
2561 821 3252 1100 isttodl.
3798 919 5843 1224 rent. Tort. die Verflüchter!
258 984 3665 1328 Vent. Ist todt? Ihr Ermanöder, denkt an meinen Schwur¬
5465 1065 6895 1371 König, sie ist mein!
3772 1130 4206 1405 Caeles
339 1237 2539 1560 Vol. Olaeles! Mein geliebter (ales!
3768 1242 7201 1551 Mein - durch den heiligsten von allen Schwüren!
2453 1371 2870 1585 Will,
3764 1413 6483 1761 koml. Sie ist abheibe dem! Doch der entfliech.
322 1469 623 1663 Vent
296 1577 2814 1886 Nicht dem ist Carles mehr! Seeles ist mein
3811 1641 6281 1925 Wentidius und Cassius, entfliehet.
331 1736 3248 2062 Ist meines Schwertes, ist des Tartavos
3828 1792 6994 2088 Nicht für Verräterblut ist dieses Schwert.
249 1877 3536 2217 Eveles. Nicht tritt an mich herab! Sonst fleißt dem Blut.
3806 1955 7231 2264 Sant. Ihr Einwenden! Das lässt ihr geschehen!
322 2092 3102 2449 Vent. Suoder ich! Wertidus hat geschworen!
3794 2140 6655 2462 doch - ich entfliehe ich endflieh nachwies
1302 2320 2234 2561 (Sie Ersten.)
3815 2329 6595 2685 diraber, Coeles, auf ichs warmend zu:
1332 2453 3639 2741 Hostilius u. sina Schaar Römer kommen.
3837 2496 7029 2805 Wir sehe uns noch einmal auf dieser Erde,
825 2668 2767 2982 Gleich darauf Romulus u. andre.
3880 2685 6797 2977 Und dir, Vaveria, du wirst noch einmal mein!
339 2788 3648 3123 Host. bei allen Göttern! (Schlägt dem Zeit den¬
3892 2891 6354 3205 Ich trotze allen krdischen Gewalten
374 2999 2677 3355 Schwert zwischen die beiden Fechtenden.
3875 3042 6745 3394 Schtrotze jedes Menschen schwachenen Willen,
2260 3153 3574 3458 Was ist da geschehen.
3914 3205 6685 3501 den Schwur, den ich gethan, ich will ihr halten
382 3257 769 3497 Rom.
357 3338 2926 3652 Coeles. Mein König, dieser ist Ventidius.
3819 3385 6728 3699 Und blutig, Carles, werd' ich ihn erfüllen!
322 3527 2715 3841 Roml. Wentidus, dem Verfolger!
4670 3583 6470 3892 (Scheell fort mit Cassius.)
2397 3682 3325 3927 Ja if bin b!
387 3738 1817 3987 Vert (bitten fürfen.)
352 3867 3566 4215 koml. Du hoht dich ein geschlichen in mein festes Roar
4563 3854 6565 4296 Der Corhang fällt.
335 4069 3136 4365 Als ein Vorfolger in die Zu fluchts stätte!
3914 4185 4352 4438 358
365 4258 1555 4563 das ist dem Tod
