7496 4872
1926 278 2151 507 32
226 490 2819 802 Thas kein Wortdagegen! Siehst du dieser dolchs.
698 698 1076 863 wilden
269 668 2221 967 Tarp. Die Sommer aber tödten nach.
252 846 2910 1197 Tilux. dann du fiehst, daß ich ein König bin,
221 1054 2524 1306 Bedinge der einen Lohn für den Krat¬
243 1214 3127 1540 Sarp. Gib mir - das Gold, daß die sabin'sche Krieger
256 1444 2160 1657 An ihren linken Ärgau tragen.
252 1601 3735 1865 Pitus. Es sei! (da Carpeia noch immer zugert) Ich löffer! Siehst du diesen Actis
815 1748 3166 2069 (Da habin'schen Krieger nahen von ferne.)
273 1948 2212 2290 Tarp. Nun denn - ich bin bereit!
312 2130 3201 2373 Titur (ruft) Sabner? Auf! Die Thore sind geöffnet!
1267 2312 2537 2624 (Alle Jannenler sich)
334 2485 3444 2785 Tarp (öffent das Thor.) Es ist geschehe - Ich bin Schräterin.
321 2659 3635 2997 Mollius (Für sich) Schwer es früher nur an meinem Maren¬
646 2858 3184 3149 Une jetzt bin ichs - an einen ganzen Volk¬
321 3041 3136 3344 Mettins. (erstocht sie) das ist der Lohn für den Verrat!
3058 3114 3344 3305 theil
2624 3192 3526 3492 Was that of 13th
334 3227 633 3418 Fibus.
304 3392 1522 3713 Mettius. Du siechst es!
1414 3552 3201 3860 Bist du wohnfinnig, Metters?
282 3587 685 3804 Folus
317 3748 3314 4043 Wethin. Aus Sorge ist es für den Volk geschehe,
386 3917 2663 4108 Daß kein Sabiner ein Verräter werde.
351 4077 3587 4377 Sicht - gebt ihr denn die goldnen Spangen, - Krieger!
317 4242 2854 4598 doch jetzt - hinein! die Thore sind geöffnet.
5439 108 5647 416 33
3769 351 5400 711 Verrat folgt auf Verrat!
3756 547 6515 846 Fetus (der Andniss togges betrachtet, Vorwärts, Sabiner!
4077 720 5847 998 u. glötzlich einer Entschliebte aufgenachtsamt
4502 716 6571 1076 (Alle steruen über Tarpia fort.)
3769 815 3995 1045 FJ
5040 885 6294 1154 Verhang fallt
3774 1011 4160 1301 310
