7464 4808
5459 152 5637 316 93
3895 217 7114 503 Hestiers Hootileies (kommt.) Verraten wurde Rom — und nur verwalen.
364 303 2677 611 Schlechte, wenn ich meinen Schwur erfüllte
3943 425 6256 659 Stans Verrat die ganze Welt gebildet?
377 472 2976 771 Ich wurde ihrels ich den glücklichsten mich preisen¬
3912 568 6022 871 des Hauptmanns Tochter öffnete das Thor.
373 672 2452 940 Und jetzt - jet zt bin ich glücklich! Ach sehr fückliche.
3934 758 5953 1048 Mit gleicher Münze wurde sie bezahlt!
312 832 2132 1109 der glücklichste, den diese Welt gesehn.
3943 884 7318 1235 Da liegt sie, die Verrätigin! Er trittnähre der Mand reicht sein Straster
316 901 3804 1204 (Plötzlich von diesem bettern hohe in Stutübergehend.) Ja glücklich! V. Hollanden aber im
4883 1001 7318 1313 auf sie Plötzlich nicht er mit einem Aufschrei zurück) Wasseh sich
334 1152 2327 1430 In dieser schmerz zerissnen Brust umher
3947 1230 6884 1499 Täuscht mich der Straht des Mondes - nein - sie ists
225 1339 2370 1555 das ist ein Glück, - ein ungeheures Glücke,
3908 1395 6005 1685 Tarpria ist es, - die ich umstens liebte
338 1482 2500 1716 Wenn die Geliebte endlich ist gemordet -
3943 1555 6286 1833 So hat die Ahnung dennoch nicht getragen;
312 1620 2340 1941 Wie bin ich glücklich. Freudsooll ist mir
3921 1729 6919 1967 der von dem Kerker die ieder Gemüt geheimnisvoll mir aufstieg
312 1802 2461 2093 das Herz, so freudevoll, dass ich vor Wut
3947 1867 6919 2153 Sie ists – so finde ich sie wird Sie: ists! Verräterin - und todt. -
351 1963 2604 2249 Eu diese Fluten für mich stürzen möchte
3943 2067 5901 2348 O dieses fürchterliche Spiel des Schicksals.
347 2136 2561 2396 Cassius. Ventidius! O halte ein! Du rasest.
3960 2197 6317 2500 Ein fürchterliches Spiel um Glück und Unglück
364 2288 2976 2591 Sent. Geht Weich von mir! Dein Herz ist kalt und glutlos
3986 2370 6412 2669 Ein Ziel mit Herzen - wenn sie auch verreißen
381 2474 2660 2708 kein Fünkchen Liebe brannte ja davon
3938 2565 6001 2864 Das Schicksal hat gespielt! - Das Speil ist aus.
368 2638 3423 2933 doch darin (auf sein Herzweisen) hat’s gebrannt und hats – versengt!
3973 2690 6048 3028 Ein Herz ging unter - doch es war gespielt! -
407 2820 2851 3063 Nun f Claus, - sprach - bist du jetzt zufrieden.
3964 2907 5862 3184 Jetzt ist es aus! Zu Ende ist das Spiel!
399 2998 3436 3254 ohne Stimme (ertönt, gemischt mit dem Rauschen der Tibes.) Ich bin zufrieden.
3951 3076 5719 3362 Nun bist du bei Trebanius, Cargnia!
399 3115 3501 3418 sent (jur Tode erschrecken.) Was war das? Cassius, – haßt du's gehört?
3956 3223 6130 3514 O was für elend Spielball ist der Mensch;
425 3288 3098 3583 cassus. Ich hörte nichts! Ihr seid nicht wohl. Vertidius.
3943 3375 6256 3639 Da wirft das Schicksal wird mit ihm herum
407 3457 3050 3730 Sent. Dort fort von diesem grauswollen Orte.
3943 3514 6208 3860 Hinauf - hinunter - von des Himmels Höhe
2946 3592 3128 3704 ort.
433 3622 3154 3899 Tort, fort - du Tiber, rausche fort weiter, wünsche weiter
3969 3691 6018 4008 Hinder in die graufge Nacht der Hölle.
2136 3756 2548 3891 Wogen
1248 3791 1438 3917 einst
412 3813 2535 4055 Vielleicht ruh ich aus in deinen Seiten
3938 3899 6421 4181 Und wir stehe da wir wüten – und wir toben
996 3956 3860 4259 Er ist fort u. Cassaub eilt ihn nacht Pause. Die Über verschlunenheit
