7416 4840
1145 465 2302 692 OClaudies, - was denkst die!
314 497 688 747 Ventidius
278 612 3077 882 Claudius. Vergeßt der Zwietracht, Bürger Tuseilums¬
409 815 2965 1053 Ihr seid im Volk; - ihr bildet einen Staat!
394 958 3232 1224 Nur uns, mich und Vibenna trennt der Zwietracht Feuer, -
386 1137 2914 1379 Und den, der Fällt, - die Ramm hat ihn verzehrt!
298 1328 3355 1582 Caeleserna. Nach dich bereit! Bald wirst dutäs der Fiefere Baron
346 1467 2258 1753 Dich fuhren in das Pläto Schatterreich.
318 1646 3100 1960 Aaudins. dann trinke ich Vergessenaus dem Lethe,
1507 1840 2115 2083 (Gefecht.)
274 2019 2222 2290 Caales. Du bist verwundet, Claudius
1836 2182 2687 2381 Ich verwundet!
282 2214 1177 2453 Claudus
819 2349 3426 2608 Jallaudius, dubist's! O schützt den König, Krieger!
262 2405 680 2568 Ventidius
839 2472 3446 2779 Laßt mich! Schweiß mich noch allein zu retten!
314 2536 739 2814 Caudins
318 2651 3510 2938 es (ersticht ihn.) Jetzt spricht bist es immer nicht verwundet!
278 2894 2158 3164 Claudius (1st gefallen) das hat. getroffen!
1578 3005 3685 3291 Und du wagst, - zu Höhnen (dringt auflaetes.)
270 3104 747 3351 Venlidius
330 3204 3311 3510 Coeles: Willst du der Sterbenden zum König machen?
767 3411 1948 3689 Noch immer höhest du!
302 3442 636 3681 Vent.
306 3550 2957 3844 Vitellius (Krieger des Coeles, zu dems.) Fliehe, Carles, Fläche!
684 3748 3248 4027 Nicht deines Lebens best dahier mehr sicher.
600 3935 3017 4206 der Tod des Claudius hat sie aufgestachelt.
588 4130 2687 4436 Und zweisgegeben bist durchrer Mut.
3808 346 6531 616 Caales. Wie! Fliehen soll ich! Carles fliehn! Was dankst die!
3816 545 5935 795 stell. Ja, fliehnach koma! Fich zu Romulus!
3880 712 5589 962 Für Flüchtlinge ist offen seine Stadt!
3808 890 6280 1173 Coeles. Ich Flüchtling! Nein, - ein König bin ich jetzt!
3804 1045 5732 1328 Ventidius (zu den Kriegern auf seeles Seite.)
3967 1244 6221 1510 Und ihr steht noch bei dem verauchten Mörder,
3812 1439 6030 1658 Caeles. Ich habe ihn im Zweikampf nur getödtet.
3804 1618 6447 1860 Vert. Und ists auch + Zweikampf, du hast ihn getödtet.
3796 1761 6344 1984 Morwarts, ihr Krieger! Vorwärts gegen Carles!
3856 1956 5943 2190 (Vent. Cass, viele andre dringen auf Carles.)
3840 2107 6352 2377 Sitell. Du siehst's, die bist verloren. Der Carles.
3852 2278 6523 2540 doch wenn die fliehst, kann's dir noch einmal glücken,
3868 2464 5338 2719 daß du das Reich von Tusculm beherrscht!
3852 2631 5545 2894 Vent (den Stahl auf Caeles gepäckt.) Jetzt (korb!
3856 2779 6074 3116 Fales (hat plötzlich einen Entschluss gefasst, bericht sich durch die Seinen Bahn)
3939 2989 5756 3252 In Rom bin ich vor deiner Rache höher (Flühte)
3872 3152 7032 3411 (Dekrieger des Carles stehen ein wildem Rampfe mit der andern Partei)
3919 3323 5986 3605 Vitellus fällt; die Königer des Comtes fliehe)
3876 3490 5994 3772 Vent (sieckt an der Leiche des Claudius nieder.)
3915 3697 6674 3975 Oclaudius, o Claus (Erhebt sich wieder) Nein, auf, -
3903 3884 5998 4130 Ventidus. dir zieml das Keinen nicht!
3915 4066 6420 4365 Ihr aber hört, die ihr mit mir gekämpft.
