7352 4744
1376 396 1626 617 sehre
283 425 2418 780 Umschattend xxx wachsen hohe Bauendorf,
300 646 2289 955 Ich bin die erzüge, die die Grotbe kennt?
359 821 2134 1151 Verbergeteuch, bis Er geruhet habt!
363 1042 1138 1301 Ihr sein so aard!
759 1163 2301 1459 Zeig' mir Du Grotte, Mädchen,
317 1226 617 1417 Cael.
288 1334 2360 1597 Bis dahin trägt auch wohl mein Minder Fuhs
367 1517 2151 1818 e- kommt schnell, es ist ganz nahe
1321 1688 1959 1951 (Beide etc.)
4002 350 5761 796 III. Zweite Scha.
5920 509 7187 759 Cures. Palast.
4631 713 6453 955 Tilus Tatius. Mettius leertius.
3719 871 6295 1176 bekün- habt ihr gehört vom König Romulus.
3719 1059 6557 1347 Täns. Mona Kornulus, der jene Stadt gegründet?
3735 1242 6299 1472 Wohl kam die Kunde mir heron zu Ohren.
3735 1376 6349 1680 Doch nichts des sichern wurde mir erzählt.
3785 1580 4406 1847 Weißt das?
3794 1751 6170 2026 Mettius. Ich hab' von allem sicher Kunde¬
3773 1918 6824 2184 Febas. „Wie der Geburt des Kommulus und Raums
3931 2080 5936 2368 Von ihrer erster, jugendlichen Zeit
3864 2247 6441 2564 Weiß ich schon alles. Nur von ihrem Kampf
3802 2443 6416 2664 Und von des Ramus tod weiß ich noch wenig
3789 2572 6316 2860 Uettins. So höret denn – Sie wollten eine Stadt
3931 2772 5903 3093 Auf ihrer Jugendzeiten Orte gründen
3860 2964 6320 3260 Sie thaten es. Die Stadt wuchs schnell heran;
3831 3106 6503 3356 die Brüder lebten immer noch in Freundschaft.
3831 3339 6495 3623 dagtötzlich kam der Zwietracht böser Geist;
3844 3481 7187 3731 dann jeder vollt die Stadt benannt nach seinem Namen.
4056 3643 6357 3806 und sie als könne nun inschränk beherrschaft.
3856 3652 6720 3952 Nachlangen Streit entschiedenste es endlich,
3835 3831 6528 4081 daß der der Stadt, den Namen geben sollte
3981 4019 5832 4181 und der als König in beseersten - mag
3802 4027 6349 4415 deres durch ein Zeichen Kapiters befehlte.
