7352 4920
5541 165 5782 351 33
1792 321 2054 554 32
3736 389 5900 735 Tit. Aus vom Gesandte zu Sohiern.
245 490 2984 866 das zu vergessen, was man göttlich liebt.
4484 600 6940 833 Hastør Andra Römer. Kett.burt.
245 680 2899 1082 Jedoch es selbst der Geist des Claudins mir
3757 782 4873 1040 Tit. Was wollt ihr?
249 833 3220 1259 der mich umschwebt, der mich nicht ruhen lässt,
4552 921 6568 1268 Schaft gesagt ist, was wir wollen.
3711 980 4032 1243 Kost.
270 1052 2840 1399 Biskanley - oder ich im Schaffenweiche!
3706 1120 6200 1374 Wir tragen die ein Heiratsbündnis an
249 1213 3212 1581 Nichts andres Drang sich zwischen mich und ihn¬
723 1285 1150 1420 Eremdes
3761 1310 6424 1572 Mit unseren Volka. Damit weißlich alles!
359 1479 587 1602 Baele
279 1450 2202 1800 Ihr holl sterben:- Carles oder ich
3757 1441 7155 1724 Tit. Und damit weiß ich aussperung. Lebtevohl. (Wendet sich zum
309 1593 2988 1969 doch seis gewagt! Gewag (das Riesenwerk)
3787 1720 4205 1944 Gesen.)
182 1754 3077 2160 115 Schwill verpassen. und ich muß vergessen!
3770 1788 6825 2100 Host. Wien, König, das ist eure ganze Antwort?
3778 2037 7138 2324 dit. Es brauch nicht mehr. Ihr wißt jetzt meine Meinung.
1204 2054 2231 2472 Zweite Verwe¬
3744 2181 5465 2519 Host. Und du verachtest und?
317 2219 571 2485 11
1145 2308 2895 2629 Juris. Im Palast.
4843 2346 7159 2633 cauf veracht auch: (Willgehen.)
3706 2396 4036 2658 Tit.
334 2485 1953 2781 Titus Patius allain
3715 2515 7104 2836 (zieht das Schwert.) Nicht von der Stelle! Was! Wir
418 2663 2688 3001 Tit. Herhilia. Du hoft mir wehgethan.
5659 2692 6906 2954 sind verachtet?
389 2823 2844 3212 de hast mich an, hast niemals mich gelebt.
3757 2882 6082 3182 Tit (ebenfalls) Ihr seid verachtet?
376 3022 2954 3389 doch nun ist's aus. Schwell morg der Letzestrau
5414 3030 7087 3267 Und vorum verachtet.
3770 3136 4197 3377 Post.
363 3153 3081 3495 Mitmeiner Liebe zu das Nichts verrauschen
3821 3258 6808 3508 Til vollich vor einem Volkeachtung hegen,
1171 3373 2489 3626 bett. Curt. kommt.
3871 3444 6965 3723 Das hergestreut ist aus der ganzen Welt,
376 3529 3051 3888 Mett. Aus Röm Gesandte kammerben, König!
3863 3571 7130 3888 Weil es die Hennet selbst, nicht mehr geduldet?
389 3736 2967 4061 Tit. Gesandte - Wie. Aus Rom Gericht?
3791 3812 5976 4095 Host. Nimm dieses Wort zurück!
2684 3867 2941 4083 Ja
5363 3939 6487 4239 Es ist gesprochen.
342 3985 761 4197 Jett
3816 3985 4049 4163 Tit.
418 4074 3022 4421 Tit. Sie mögen kommen (Ich erwarte sie
3804 4154 5887 4442 Vost. Zimm dieses Wort zurück.
401 4315 1145 4624 Mett. (ab.)
