7256 4744
2057 143 2250 374 36
240 341 3546 808 Tit. (springt wetend auf x) Und das dem König Tetus
1775 576 2873 888 Rache! Rache!
198 728 3516 1081 50 (Reiß/d. Metturs des Schwert aus der Hand u.
332 925 2822 1321 stürzt fort. Ihm nach die Sabiner.)
1439 1338 2259 1548 Erritte Scaux
1481 1510 1947 1737 zu Rom
1153 1640 3159 1918 Romulus Talassius, Carles Vibenna
534 1720 833 2011 9
753 1868 2776 2128 Hostilius kommt schnell mit andern.
349 2057 1691 2414 Roml. da seid ihr endlich.
1384 2221 2932 2520 Da wir sind’s, wie sind 6.
383 2301 723 2520 Host.
383 2419 1910 2772 Und wir sind abgewiesen
1632 2557 2477 2848 Abgewiesen
336 2642 732 2928 Roml
353 2742 3142 3087 Host. Lohs der's erzählen, König, wie sichs zutrug.
366 2919 3718 3243 Kmel. Last hören. Ich kam nach Curat, und inkurzen Worten
387 3100 2898 3432 trug ich dem König unsre Bitte vor.
366 3306 3155 3567 Doch kürzer noch als ich war titus Tatius.
379 3458 3142 3819 Er sagte Lebwohl und dreht den Rücken
379 3659 3142 3958 Er wollte gehn. - doch ich stelt ihn zurück.
387 3786 3588 4101 Und um sein letztes Wort fragt ich ihn schnell.
336 3983 3050 4307 Und er verachtet uns - sprachtetungs¬
433 4147 3155 4505 Verachtet ins das Volk der Römer. Doch 1
1876 4358 2149 4547 Votre
5523 122 5784 315 3 x
3781 273 6743 669 und immer schmähnder wurden seine Worte,
3760 538 6293 841 Nicht mich allein beschimpfker, nein Rom.
3765 723 6818 1047 Ganz Rom hat er beschimpft in stolzen Worten.
3765 904 6865 1203 da wars zu viel. Ich zog mein spitzes Schwert
3794 1073 6166 1317 Da trat des Königs Fehldherr eben ein
3777 1241 6385 1518 Mit andern edeln Rittern der Sabiner¬
3781 1443 7050 1725 Schnell aus den Scheiden flogen alle Schwerten
3773 1586 6780 1918 Es droht ein Kampf im Seele zu entstehen
3781 1800 6343 2095 Ich drang auch Tites Tatiu fechtend ein,
3773 1964 6894 2259 Da stellte sich der Feldhier von den König,
3777 2187 6827 2385 Nicht ihn, so räft er, tödtet, tädtet mich!
3832 2326 7109 2637 Wort folgt auf Wort - Zum Kampf, ruft Eatius!
3819 2507 6932 2713 Da flog durch meine Seele ein Gedanke
3811 2684 7024 2965 Nur unklar war er; doch ich sorgt es laut,
3819 2915 6532 3150 Nicht gegen solche kann, ist Hopilius,
3811 3033 7193 3336 Und dröhnend lag die Waffe auf dem Boden
3823 3226 6011 3504 Dasagte Eites datuis, ich sei Eug,
4219 3378 4778 3542 gährte.
3815 3382 6806 3680 Dabeamte wieder alle meine Wildheit
5939 3554 7054 3781 ung das Schwert
5376 3567 5817 3676 and
3895 3571 6288 3853 Ich hat die Waffe aufwarf sie forte
3874 3744 6330 4030 In der Sommes Achtgedrängte Menge,
3861 3908 7184 4210 Rieß einen andern aus der Hand das Schwert
3823 4080 7058 4379 Schlug aus der Hand dem Römg Etwa?
5312 4244 6499 4475 aus d. Hand.
