7368 4808
5181 310 6014 601 Vorspiel
3899 453 4219 829 1879
4883 538 6172 796 Corfer Aufzug.
4083 733 4311 943 2/12
5200 711 5988 969 Ersten kunde
4879 895 5808 1142 Zu Zusculum.
4411 1083 6677 1308 Claudius, Ventidius, Cassius. - Cales Videnna
4374 1257 5715 1518 krieger beider Parteien.
3858 1430 6814 1636 Claudius. Wie lang noch währen soll der blutige Kreit¬
4311 1577 6629 1861 der diesem Volk, das wir beherrschen wollen.
4278 1750 6452 2041 Nur unheilvoll verderbenbringend ist?
3888 1971 6456 2145 Evelestitenna: Sa, Cloudus, Iusculum, will of beherrsche
4580 2093 6556 2218 Ich will und werde tusculum beherrschen
3858 2123 6471 2362 Claudius Haft du mehr Recht dazu als ich, aberinne?
4090 2299 6548 2580 Hat mich des Volkes, Stimme nicht gewählt?
3829 2454 5513 2716 Codeslib. Auch mich hat sie gewählt!
5288 2609 6545 2889 theil laele? Wibenna!
3810 2664 4422 2889 Kräger des Caales
3858 2797 5609 3084 Reieger des Plaudus. Heil Claudius!
3862 3007 6541 3217 Caeles. So mög' es denn der blöt'ge Kampf entscheiden.
3925 3180 6139 3405 Wer tusculum von uns beherrschen soll.
3873 3416 6699 3582 Claudius. Halt' ein. Zuviel des Blats ist schon vergossen.
3958 3523 6147 3784 Die Schwerter in die Scheide! Du mir liebes!
3917 3703 6574 3950 Du sollst mir stehe und mich allein bekämpfen!
3906 3880 6416 4175 Coales. Du hast das Unglück dir heraufbeschworen.
3983 4083 4835 4367 So seies denn 1
