7336 4696
3834 295 6816 631 Und treibt mich zu der Nache schwarzen That!
235 341 2867 650 Se dieser Stadt muss er zur Stunde weilen:
4434 530 5890 774 Hersilia (stürz. Eherein.)
244 571 3083 880 Sperrt eure Thore! Er darf nicht entfliehen!
3756 677 6429 995 Was für Gerücht durchgebt die Burg. Was soll
226 770 1917 1060 Tit. Wie claudius erschlagen!
3710 871 5268 1166 Bedeuten die sers Lärm.
1917 908 2664 1184 Ja ud ja!
212 940 493 1171 Ket.
5024 1051 5678 1318 Geliebte!
3715 1060 4097 1323 Titns
203 1106 2590 1401 Rein Augenblick ist zu verlieren, König!
3802 1198 6028 1415 nichts Schlicnes drohet dem Sabnervolk.
207 1290 1982 1576 Fil. Es sei! Die Bitte ist gewährt.
3779 1387 6360 1659 Aus Theilum ein Flüchtling wird verfolgt.
1636 1438 2281 1678 V Cassäus!
217 1484 429 1687 Votre
3733 1581 6374 1820 Hers (sicht kathidus. Sie zittert das droh) zu sieben =)
272 1507 2323 1917 Schult Eile, zu verkünden den Befehl.
3752 1701 6614 1973 Titus. Was ist dir, sprich, - geliebte Leibut. "Was ist?
212 1797 2609 2083 die Thore zu! Um achtsam ihre Wächter.
3728 1917 5554 2212 Hers (s.) Wie wird nur götter!
862 1973 1701 2258 (cassins) ab)
5286 2069 5867 2327 hat. sie.
3756 2120 3991 2341 Vent.
267 2134 2761 2424 Vent. Vergebt, o könig; doch ich konnt nicht anders.
3733 2258 6830 2539 Files (fängt sie in den Armen auf) Was u. Zufällst, Gersilia!
277 2318 2535 2599 Ich hab' geschworen, xxx zu machen,
3779 2424 6388 2641 Du sprächst nichts! Was ist dir geschehen, Versilie?
230 2475 2650 2770 An seiner Leiche habe ichts geschworen
3779 2613 6093 2876 Wie bleich! geschlossen ihre schönen Augen!
207 2645 2636 2954 Geschworen allein Volk von Fisculum
3825 2747 6756 3056 ha todt! Nein noch nicht! Dieses Herz schlägt noch!
217 2825 2728 3143 die hohen Götter rief ich an zu Zeugen; -
3811 2940 6277 3185 Hersilia! Wach auf! In meinen Armen!
304 2996 3134 3314 Iil habe einen sil'gen Schöner geschworen
3816 3111 6097 3397 Hers. (erwacht. Vie flieht aus EitesArmen).
304 3157 3300 3457 Und nun vergebens sein soll dieser Schwur
3834 3291 6429 3604 Weg. Weg! Ein dolch sind deine Blüte mir
230 3337 2894 3609 Tit. Das Feuer ehre ich, das in auch lodert¬
3761 3493 5544 3816 Tilus. Weh! Sie spricht irre!
230 3521 3443 3798 Vent. Ich brege vor Rachdurst. Schmuchs mich rägen
2461 3701 2687 3830 liefer
4964 3632 6701 3959 dar Est du Braut nicht nennen?
456 3705 1231 3867 Bevor tod
290 3705 3996 4028 Wenn er nicht sich selbst zu meinen Fußen Herr
3752 3811 6498 4106 weg! Weg! Ich bin nicht dem Braut! Ein! Mein!
313 3908 2802 4180 kann ich nicht Ruhe haben m. der Brust
3811 4023 6779 4360 Titus: Was war das? Trägt mich mein Geßr! Was war da?
396 4111 3420 4411 der Geist des Auslus verfolgt mich immer
