7432 4760
5560 133 5784 362 29
2023 245 2225 430 28
3723 370 4704 611 Cass. Wir sind's.
202 465 1932 706 koml. Alles lehrt die Zeit
4433 504 6757 809 Euch meinen Dank, ihr Einwenden!
3740 564 4084 813 Vent
275 603 3383 874 Tetzt kann ihg nicht bestimmen, was dann sein wird
4880 658 6395 921 Ventidius verkleidet.
258 813 3043 1037 Die Sache wird erst durch die Zeit entschieden
3787 856 6430 1166 Wir sind in Rom! Ja dies ist kam – ist Rom!
5672 1003 5969 1136 von
250 968 2724 1248 Post. Wann soll nach Eures die Gesandschaft?
3826 1067 6210 1351 So bin ich weil - so bin ick fern lei res¬
2173 1119 3026 1416 Haut noch!
224 1153 620 1364 Rosl
3843 1218 6580 1498 Ja weil - ja fern! so ruft's mirspottend nach.
263 1308 3004 1618 Es sei so früh als möglich schon erledigt.
3813 1412 6477 1683 Ja du bist weit von Cures, - fern von ihr -:
297 1493 1937 1696 Jetzt kommt und rüstet undt
3830 1545 6615 1838 Wie reißt und zieht es mich in meinem Herzen.
310 1644 2350 1945 H1876 (Mit den andern ab.)
3800 1752 6667 2031 Da schallt der Schwur, der heil'ge Racheschwur¬
310 1868 1235 2100 Caëtes (allain.)
3809 1868 6215 2178 Und da da nicht so sanft und mild die Liebe
387 2023 2729 2311 bin ich gerettet? – bin ich sicher hier?!
3817 2083 6860 2363 We- Sanftund wild? Hain! Sanft und mildt nicht!
456 2186 2836 2462 Ja ich bin sicher! Sicher! Unglücksel'ger!
3800 2264 7209 2544 Siezerrt mich mächtig,- reißt mich wird von dannen,
224 2277 400 2518 2/1
1975 2328 2445 2500 von ihr
383 2358 2690 2638 La Dich im Gerichtet - und getraut!
3736 2389 6047 2733 Sie heißt mich in unbekanntes Land
370 2526 2939 2806 Jetzt erst begreif ichs u ohne Er zu leben!
3848 2556 6847 2909 Es ist ihr Reich - es ist das Reich die Liebe
344 2673 3168 2970 Ö hatt' ich doch den Todeskoss erharrt.
3757 2716 6374 3099 ist wies in mir, in meinem Busen tobt
344 2858 2711 3176 Ich war gestorben doch in ihren Armen.
3813 2905 7269 3215 Und in der Liebe Wohin - wohin – Soll ich dahin soll ich doothin
383 3030 2664 3318 An ihrem weihen, liebevollen Fusen
3878 3094 6550 3452 Soll ich nach Läres liebetausmalen eden¬
336 3215 2896 3520 hätt' ich den letzten Uthem ausgehaucht!
3848 3288 6146 3611 Sollsie in der Gefühle tollstem Nausch
357 3378 3198 3706 Und jetzt! Dies, Leben- Ist's ein Leben noch?
3817 3443 6494 3744 Au mich, - an meinen glöhnden Busen reißen
323 3555 3615 3891 Wm Raht wie leer! Valeria - Valeria! (Stürz't fort.)
4562 3641 6800 3968 da schreitet mahnend das Gespenst
3878 3727 4575 3951 Und da
4200 3843 4571 4011 todten.
1093 3744 2987 4015 Ventidius, verkleidet.
3869 3813 6120 4145 des xxx mit bleicher Miene
267 3951 1902 4218 Cassius. Da wären wir:
3817 4037 6585 4360 Und ruft nir zu. Du schwürest mich zu rächen
1373 4114 3125 4416 xx die Königsburg?
280 4179 628 4429 Fent.
