7541 4798
1843 265 2121 530 56
5194 253 5492 484 57
1700 438 1932 627 zug
3767 316 6221 745 Wenn meinen Wünschen es im Wege liegt,
354 526 2479 808 Schonnahrt der Sabiner xxx, o kommt
3792 661 6822 930 Fol Usum zum Opfer dieses ist mein Grundsatz
307 690 2744 1006 bei jener Schlucht dort übersicht nur alles. +
3805 833 5955 1132 21/1 Ein Römer (kommt) Sie kommen!
282 875 3165 1187 Coeles. Wie die Sabiner - nahen sie heran? Sie nahe?
4259 985 6595 1267 (die Bühne fällt sich mit Römern
379 1069 1077 1359 gescholg' auch!
3981 1166 7159 1444 aus der Ferne hört man den sabinischen
303 1242 2668 1553 Tass. (f.) Unbegreiflich! Und so schwell!
3939 1376 7130 1633 zug kommen, u. man sieht die ersten des zuges¬
1380 1431 2075 1671 (Beide ob
3868 1532 6902 1839 Rosel. Nun also sind bereit. Die Stunde kommt
1077 1481 3519 1852 Romulas, Aostius, Talassius, Ventidius
3994 1717 6439 1991 Von der Roms Sein für nöge Zeiten abhängt.
652 1768 1978 2016 Viele andre Römer.
3956 1860 7041 2197 Schnut nicht zurück vor Kampf und nicht vor Mord;
358 1953 3211 2222 Romulus. Nun aber merket auf das Zeichen wohl!
3918 2058 6957 2391 Bedenkt! des Kriegspottshofe ist euer König
404 2117 2529 2428 Wie ich gesagt, so wird es ausgeführt,
4335 2235 6696 2508 (die Sabner kommen. Fides Tatus,
425 2315 2950 2609 Wenn ich hervor aus einen Neihen trete
3956 2433 6953 2694 Mettius Cartius, Hersilia, Valeria, Sabimoman.)
446 2513 3666 2799 Und also spreche: „Wer will mit mir kämpfen?“ Romulus
3830 2605 5808 2938 Tit (tritt zu konl.) Heil Römlus!
484 2656 2715 2950 So stimmt ihr in der Sabiner Reihe,
5181 2774 6991 3093 Heil dir auch, eder Gast!
3822 2854 4183 3009 Roml.
417 2841 3072 3140 Und raubt die Jungfrau, die auch wohlgefällt.
3830 2980 5126 3287 Vorgessen sei die Unbillig
400 3009 2694 3325 Wer von den Männern sich zu wehren wagt,
4710 3144 6225 3405 Arich davon nicht
3838 3228 4129 3405 A.
429 3203 2984 3472 dem stoßt ihr in den Bösen unern Dolch,
3805 3304 6271 3632 zeit mögen nicht 6 aufrohe Friedensworte
404 3380 3178 3670 Schut nicht den Mord! Es ist gerechte Nache.
3813 3489 6326 3742 Von unserm Lippen quielen – und das Spiel
370 3527 3148 3868 Sie haben unser ganzes Volk beschimpft,
5720 3653 5981 3788 höttes.
3796 3666 7184 3977 Ein KampEspiel sei das Fuß des Consuls! (Sie sprachen weiter)
358 3729 3047 4040 Und rächen mußt ihr diese schwere Schande.
4343 3817 7058 4120 Alles ordent sich! es bleibt im Freier
383 3893 3485 4205 ausführes ganzen Staates Dauer gilt es
3889 4011 5459 4314 Platz für die Spiele.
370 4074 3742 4348 Schrut nicht den Morden Mehr als ein Menschenleben gilt der Staats
3910 4183 6195 4508 Gersiliee. Ihr Götter mein Vertidius!
3464 4230 3725 4449 Sta
341 4234 3371 4566 schweißt, ichschlage nicht mit winschonleben.
