7512 4872
2100 329 2350 528 76
191 520 3198 840 Nun wißt ihr das Geheimnis meines Lebens¬
220 753 2541 1060 Schnell zieht nach Kom! Hoftius Hoftilius
216 911 2620 1227 Ists, der des Königthumes würdig ist.
283 1081 2682 1397 Und ihm gehört die Krone Tusculums!
250 1273 2757 1584 Nachjetzt entfliehe ich in meine Grotte,
274 1418 2965 1784 Wo ich so lange gelebt, will ich auch sterben
291 1572 3003 1921 Und in der letzten Stunde meines Lebens
295 1784 2811 2113 Sag' ich auch Dank, ihr hohen hohen Götter
927 1967 1950 2142 las gelassen auch bey
283 1942 2911 2221 Vahrkleine Fiele, frei von Walasinesfesseln
370 2133 2487 2333 sich bekam xx gekos fierkele Tagei xxx
324 2196 2878 2516 Hinunterzieht ins dunke Reich der Schütter.
258 2354 2350 2632 doch dir, Trebomus, in der letzten Stunde
299 2524 3123 2865 Die wir die Götter noch zu leben gönnen
320 2720 2429 3003 Auf einer grausenvollen Fluch, ich zu¬
316 2878 3003 3202 du hast aus meiner Anschuld mich gerissen,
358 3053 2354 3389 du trägst die große fürchterliche Schuld,
295 3215 2990 3577 daß eine Kette nur von Wahn und Unglück
324 3448 2662 3714 Mein ganzes unglücksel' ges Leben war. x
1996 3572 2416 3701 Ahrend
320 3614 2662 3918 Euch, Ausculer, ruf' ich es wären zu,
366 3743 2978 4046 dort, wo das Sufs des Hoftius jetzt wandelt
383 3909 3177 4229 Wird einstem großes Größes Reich erstehen.
395 4071 2861 4450 Erst un Beginnen ist es jetzt; doch nicht,
337 4267 2533 4625 Wird alle diese Städte überflugeln
6629 324 6791 591 '
3814 391 6359 703 Und beugen wird sich ihm die ganzen Welt¬
3809 574 5860 894 Und jetzt bevor ich von der Erde scheide
3818 790 5926 1069 Zum letzten Male Dank, ihr hohen Götter,
3772 957 6005 1219 Dass meine Seele, Frei von jedem Wahr,
3735 1090 7007 1377 xx Hausberzicht ins dunkle Reich der Schatten. (Sie geht.)
3855 1439 4184 1718 11/2
4999 1456 6467 1763 Vierte Scane.
4949 1597 7020 1950 Diese Nacht. Das Lager der Sabiner.
3855 1867 5469 2138 Die Burg von Rom. Pause.-
3863 1967 7211 2341 Ventidius (kommt langsam.) O warum sind die Mauern doch so fest;
3859 2200 6467 2512 Warum fiebt nicht das Thor bei einem Wort!
3847 2354 6608 2716 Mein größter Feind - er ist von mir geliebt,
3897 2578 5743 2874 Und das erduld' ich! Ein Vertivius
3880 2736 6255 3040 Erduldet! Mögen andre schweigend dulden
3863 2936 6363 3215 Und sich der Gökter Willen unterwerfen
3855 3077 6384 3369 Ventickus thut es nicht. Und wieder Gott
3839 3260 6172 3597 Und Schicksal habe er keine Faust ich stürzt
3847 3427 6255 3776 Wenn mich das Schicksal also Höhniß führt
3859 3606 6604 3930 Und wenn es Unglück auf das Haupt mir schleudert,
3872 3814 6454 4088 So will ich es zu meinem Dienste zwingen!
3863 3934 6309 4267 Die letzten Tage machten auch so wild!
3905 4113 6355 4487 Der Gott der Liebe ist mein einiger Gott
