7512 4760
3848 202 4097 333 22/2
3861 143 5850 502 Sent.  Woran  gemahnst du mich?  Ou claudius tod!
295 236 2242 586 Von dieser Erde hab' ich dich gerissen,
3878 375 5981 666 Casius. Vergiß nicht Deinen Schwur! Auch Geisten leben.
316 426 2698 695 Von dieser Erde – und aus diesen Armse¬
3874 544 5783 864 Vent. Niin, ich vergeß ihr nicht! Komm. Cassius,
312 624 2078 889 du bist für diese Welt verloren! Und
3886 721 6070 957 dem Mörder Claus und - Valena’s Räuber
257 767 2723 1054 Hier mich! Walena! Auch für mich verloren?
3907 809 7233 1155 Zu tödten! Cassius!- Valina's Räuber! Er will noch der selben Seite abgehen
287 957 2403 1176 Verloren! Owas that' ich! O Valuria!
5686 1020 6824 1243 von welcher ergekommen.
3890 1163 7284 1463 Coeles (kommt ihm entgegen mit gezuktem Schwerte.) Halt da! Nicht weiter!
287 1113 1909 1336 Verloren! verloren. Verloren
282 1214 3115 1517 Und verloren hallts mir schaudernd nach! (langsam ab.).
5779 1281 7073 1564 Stehe meinem Schwarte¬
287 1429 3069 1732 Hersilia (ruft ihm nach.) Ventidius? (Sie siekt nieder.)
3890 1526 6660 1817 Sent. So eben ging'icht, dich vor meines zu fordern:
944 1648 1753 1867 Was war das!
316 1619 662 1812 Titas
3924 1732 4902 2019 Ich räche Clauders.
1522 1753 3102 2048 Sie auft ihn „Wentidius ruft sie.“
299 1783 771 1985 Romulus
4767 1859 5635 2116 Und ich Valeria!
3924 1901 4232 2103 Coeles
375 1930 2816 2217 Titus. Sie liebt Ventidens? Sie liebst ihn! liebt ihn.
3920 1998 6141 2318 Cassius. (f. h.) Und welche Rache soll da edler sein!
341 2099 1661 2369 Schadulus. Sie wacht nicht auf!
2133 2183 2365 2369 ruhig
4000 2230 4717 2449 (Sie fechten.)
1538 2259 2613 2529 O lässt mußsten bein!
358 2268 835 2466 Hersilia
3903 2318 6382 2655 Carles (fällt.) Weh mir! Ich bin getroffen! - Lebewohl,
3907 2453 7182 2790 du schöne Welt!  Lebwohl, du füße Liebe! (Plötzlich in Verzückung geraten
1281 2521 2356 2811 Dritte Steene.
3966 2702 6112 2984 Bald seh'ich dich, Valeria, deine arme
4034 2702 4308 2816 Bfon
780 2744 3789 3047 Dicoration wie in der letzten Sone des corigen Aktes nach immer Nacht
3954 2862 6124 3106 Sie breiten schattenhaft sich mir entgegen
493 2896 1859 3208 Tarpeia liegt noch wie zuvor.
3954 2997 6162 3334 Schon sinke ich hinein! An dein Leb wohl, o Welt's
455 3094 1273 3330 Ventidius Cassius
3949 3149 6765 3461 doch du Valeria, sei mir gegrüßt! (Siebt todt nieder.)
316 3254 2782 3545 Vent. Geh! Sprich nichts weiter! Alles is gemordet
3962 3347 6006 3638 Rent. Wie oft er ihre Namen liebend rief
371 3414 2369 3663 Valuria - mein Glück und meine Welt.
4076 3515 6078 3802 Nun hab' ich meinen Schwur erfüllt. Nun ist
329 3591 1867 3853 Cass. Bedenke deinen Schwur¬
4051 3650 6478 3907 Vibruna todt! Der Mörder Cloudius todt:
1505 3747 2651 4021 Wie! Meinen Schwur!
346 3802 556 3945 Vent
4017 3815 6542 4139 das k Voreinem Moed hielt ich's fürs größte Quil
270 3912 2997 4245 lass. Den du au Claudius Laich hast passieren
2984 3916 3751 4164 F.TrubyKing.
