7496 4696
2080 120 2277 312 36
282 360 2769 702 Romaleskapfte kämpft tagfer, könne, gegege die Sabmer,
325 561 2491 877 Ihr wißt, es gilt zu zeigen diesem Volk,
308 728 2337 1057 daß unsre Warke größer ist als ihre,
304 937 2705 1228 daßucher Reich nicht untergehen wird.
312 1079 3634 1408 Könne. Gegen die dahier! Gegendin Sibiner! Gegereden Seiteurs!
916 1271 2898 1584 Die Weiber kommen plötzlich und stürzen
869 1455 2743 1721 sich zu die kämpfender Reihen.)
317 1652 2315 1973 Mehrere. O haltet ein! Ohaltet eine!
342 1832 1588 2119 Romules - Wasseh'ich
1459 1986 3167 2268 Wieber! (Allgemeines) Erstaunen.)
411 2080 788 2264 Titus
1785 2174 2855 2474 Tout mit ihnen! Fort!
312 2243 788 2465 Römer
351 2358 3124 2679 Komulus. Zu Kämpfenden gehören keine Weiber!
377 2547 3206 2842 Titus: Kämpft weiter; - keine Rücksicht nahmt auf sie
407 2718 2641 3035 Sie sollen sich nicht zu den Männern mischen.
385 2880 2422 3171 Ventad. Valuria! Jetzt wird sie mein!
394 3073 2371 3394 Röch auch xxx an diesem Coeles:
407 3231 2893 3552 Coleria. O haltet ein! Was fruchtet dieser Kampf?
368 3428 2756 3771 Ihr sagt, er ist für uns. Onein! Er ist's nicht.
372 3608 2816 3946 Da Kämpfer unsre Gatten gegen unsre Vater¬
338 3792 2701 4015 Und einer unserer Theuern muß uns sollen!
330 3955 2611 4267 An euch, ihr Könige, nicht ich die Bitte.
364 4134 1438 4366 O schließ xxx Frieden.
1374 4271 2448 4520 Schließet Frieden.
372 4319 1010 4494 die Weiber.
3813 141 6099 377 Idus. Wir wollen für den Raub die schuldige Kühne?
3796 248 5902 514 Hier ist nicht uner Heil allein im Spiel.
3818 394 6095 706 Es ist die Rache eines ganzen Volkes,
3822 565 6039 873 das solche Missethat nicht dulden will,
5521 702 6031 839 Stamme
3796 723 6146 1010 dem es nicht gut dünkt, daß nach solch ein Geschlacht.
3835 873 6283 1109 Wie diese Römer frechen Muts heranwässt,
3801 1044 6381 1352 Und wilden Unkraut gleich das Gute überwuchert.
3813 1203 6416 1511 der Kämpft weiter. Lasst die Pfeile Pausen! Streitet!
3848 1361 6540 1678 kleria. Wir aber weichen nicht. Auf uns die Pfeile!
3852 1532 6523 1810 Auf uns die Lanzen und auf ins die Schwärter.
3895 1673 6925 1990 Varrus (wird von einem Pfeilgetroffen und finkt nieder.)
3856 1725 7306 2268 Laelia. O Himmel! Warres! (In stürzt auf ihn zu und kommt bei Freunde
3869 2059 5183 2320 Varaus 21/2 Du bist’ 6, Landia, du?
3938 2208 5988 2474 Und bin ich sicher nun, daß du mich liebst?
4396 2350 5513 2491 sind, alle ihr, lebtwahl
3929 2333 6052 2654 Lebwohl! und traure nicht, geliebte! (Stirbt:)
3861 2521 6745 2838 Valeria. Und rührt auch das nicht. Felsenherz’ge Krieges?
3873 2696 6065 3000 dies Schauspiel, das die Steine rühren kann?
3878 2863 6262 3103 Sind wir, & titus, nicht ein Theil des Staates,
3873 2992 6578 3253 Von dem du willst, daß do ihn glücklich mach st?
3886 3210 6540 3505 Ist das das Glück, das du uns geben willž?
3843 3390 6407 3625 du schweigst. Verbirg nicht deine Rührung, Rang,
3891 3514 6103 3809 Ich schönes an denen Thöurnvollen bleika,
3848 3664 6163 4027 das Auf dem unglücksal'gen Paare ruht,
