7384 4808
5548 153 5760 395 61
1896 281 2138 565 60
3796 332 6228 727 Auf ihr Sabiner, auch gehört die Rache.
2160 404 3456 795 Du sei meine Feute
204 523 1956 914 Talassius (stürzt auf Versilia.)
4324 531 6245 859 (Gefecht, die Sabiner Fluhn)
298 646 3265 1020 Mit. Odes Betruges! Konten wir ihn ohnen!
3813 689 7214 1054 Fitus (zu Kont) Wir sehe uns heute nicht das letzte Mal¬
323 846 2789 1186 Ein ungeheurer schrecklicher Betrug!
3830 872 7193 1220 Raub (zud. Romern.) Evist geglückt! Vor frühem Unterganz
298 1029 3516 1424 (zu Sal.) Wie wagst des! Wirb (sich hab sie einst geliebt,
3886 1063 6211 1411 Ist unsere Stadt, ist unser Rom gerettet
281 1182 3631 1615 Korel. (raubt Heisilia) Sie war einst dem? Sie ist es gewesen
3881 1288 6521 1552 Caleria. Min Carles! Ewig! wie ihm verloren
3852 1403 6815 1777 Cent. Was zuckt verrät' Tisch über Deine Lippen¬
1182 1450 1700 1692 Röwig!
455 1552 3448 1913 Warum hast der Wegfrauen deines Lands
3822 1590 6823 1960 Was für ein Name? - Doch! Du sollst ihn sehr
463 1747 3571 2036 Auch unsere Bitten uns nicht ausgeliefert?
3835 1790 6521 2113 Noch einmal sollst du deinen Carles sehen,
493 1909 3512 2296 das ist des Stolzes frühgereifte Früchte!
3835 1964 6828 2283 du sollst ihn - sterben sehe durch diesen solch!
332 2100 3350 2389 Tit. Herhilia -! Verrichter Romulus!
3869 2164 5259 2525 Val. Gerechte Götter!
374 2296 3686 2678 der Gottes Blitz vom Himmel oder Gotte der auf Wolken
4851 2325 6483 2653 Kufe nicht die Götter.
3176 2423 3626 2589 therset.
3881 2419 4175 2585 Verl
395 2466 3469 2853 Mögdich zur Unterwelt hieabverdammen &
3822 2534 6802 2823 Ich hab. dem Bluto einen Schwuur gethan
353 2653 3682 2972 Hers. Weh' mir Geraubt von einem fremden Manne¬
3835 2666 6683 3023 theile fort, den Schwur nun zu erfüllen.
366 2853 3448 3125 Komb. Beweine nicht dem Los, Versilia
3847 2844 6645 3201 Zu Deinem Carles - und dann fort mit dir!
544 3035 3537 3371 du bist des Nommerkönigs Weib Mein Weib!
3852 3052 7134 3333 dann bist du mein! Kein Gott soll dich entreißen
344 3176 3694 3529 Ein Sabiner. Du wagst mein Weib mir zu entreißenen über¬
3860 3252 4948 3575 Sal. Verruchter!
293 3384 3711 3733 27. Tit. (hitter höfnend.) Was schrift du eine Klage in die Luft?
4625 3422 6653 3694 Art! Die Zeit ist kokbar! Fort!
3860 3478 4141 3656 Fent.
3873 3584 6717 3835 Schon steh ich an der Pforte meines Glücks!
400 3537 2993 3920 die Schwerten aus den Scheiden? Gegen Rom!
387 3758 3507 4085 Metz. Gört ihr? Ihr Götter! Welche Frevelthat!
3877 3745 7180 4043 kal. Dein Glück ist Mord!
421 3932 2789 4162 Tit. O Süxiter! Dein ist der rote Blitz
3881 3924 7270 4247 Vent (reifeltal. mit sich) bereit zu lankes Tod ist dieses dolich¬
425 4039 3414 4392 Und noch nicht sein, er singend hin zur Erde!
3890 4111 6577 4447 Bald, Laudres, erst du noch nur ruhelos
425 4238 2972 4596 Für die Säbner sind die Götter taub
