7320 4744
1968 226 2223 434 58
1985 388 2755 643 Ventidius!
336 417 630 643 Val.
324 609 2589 937 Doch Carles finden meine Augen nicht
315 805 1870 1094 Hersilia – wie wird mir.
1571 971 2355 1269 Ha, sie ist's
328 1001 673 1184 Vert.
328 1141 2951 1410 mir zuckt es in den Armen, in den Händen
336 1205 3169 1623 Wolleißges Feuer flammt in meiner Seele
336 1503 2755 1776 Süchtes - ists! Nur eine kurze Zeit
635 1674 937 1823 sie ist.
315 1686 3109 1904 Undtmein: mein, mein. Mein Busenbrennt,
349 1848 3160 2193 Mit Zittern dacht ich, - wird sie kommen wohl?
345 2070 3177 2364 Und sie ist da! Vor meinen Augen steht sie,
328 2227 3279 2560 Und ich - ich kann sie sehe! Nein - nicht nun sehn -
358 2393 3054 2726 Schon harret meiner hußras als nur sehn¬
375 2585 3122 2909 Hera Er ist's! Es sind die Feuerspruhnden Augen
388 2755 2632 3083 die meiner Seele neuerstes Getroffen!
353 2926 2968 3245 Host da stehe die Jünglinge mitglöhnder Blicken.
383 3117 2521 3416 Undschauen auf die Jungfrau strahled hin
383 3309 2858 3620 Mich lüstet nicht nach solchen Fußen beute.
358 3479 2666 3786 Ich liebte einmal - und ich liebe noch -
405 3645 2909 3927 Und keine andre werd ich leiben
413 3820 2692 4105 Als sie; die mich so grenzenlos betragen:
405 3999 2892 4263 Gott Senior hat vergiftet seinen Pfeil
400 4148 3322 4489 Ist auch der Pfeil fort, - Gift bleibt doch im Herzen,
3778 349 5323 669 Roml (mit lauter Stimme)
3961 383 6895 852 Nacht noch bereit, ihr Römer und Sabiner!
3956 711 7057 1031 Das April beginnt! Wer kämpft alswacker Ringer?
4178 869 7014 1103 (Ein Römer und Sabriere treten vor. Der Salmer trägt)
3760 1001 7172 1410 Tit Pjetzt hat Rom gesiegt! Nun spracht! Wer kämpft mitmir.
3837 1261 5383 1584 Portidius. Ich, Königkeitus?
5115 1418 6018 1712 O Montidius!
3833 1503 4118 1746 Hert
4157 1635 5903 1933 (Unentschiedener Kampf.)
3824 1772 7129 2121 Korel. (tritt zwischen sie) Genug! Die Götter sind auch
5617 1985 6584 2249 beiden günstig!
3786 2134 4042 2338 22/1
4071 2168 7006 2474 Dasjetzt, ihr Römer und Sabiner, hört!
4046 2338 6120 2666 Wer kämpft mit Romulus?
4574 2504 7095 2802 Bewegung unter der Römern. Sie
3824 2704 5967 3028 stürzen auf die Sabinerinen.
3854 2909 7248 3190 Titus. Was ist das! Ha was soll das fin? Verrals
3837 3024 7074 3309 Mett. Ihr Hinterlistigen. Omeine Tochter.
3829 3241 7257 3548 Vent. Nun endlich! Glücklichster der Augenblicke
4033 3381 6516 3692 In meinem Leben! O Gdiebteste!
3837 3552 7185 3892 al. Ihr Götter! Rettet mich vor diesem Räuber!
4029 3718 7253 4071 Er reißt mich fort in seinen wilden Händen
3854 3927 7278 4267 Hers. Die allen Gottere des Olynigs, Vertidius.
3875 4114 6013 4438 Komb. Die dort soll mein sein.
