7368 4936
5342 175 5591 391 43
1989 244 2209 420 42
3020 289 3517 554 fürder
375 456 3631 746 Denn dieses Schwert kann mir nichts entzogen.
4503 489 5990 905 Dritter Aufzug.
350 632 3619 1002 doch auch nicht liefer ichs aus + das, Romulus.
2376 803 2722 925 Aurs
379 811 3399 1141 Wenn ich noch je zurück von Roma kochen¬
3867 734 4189 1133 91
4853 848 5925 1247 Erste Herrn.
408 1015 3668 1337 So gibst du mir ein anderes Schwert, okönig¬
4931 1157 5856 1369 Gefängnis.
371 1235 2050 1557 Sorg. Gebt nur die Tesseln
4507 1300 6096 1597 Hostus Kostilius (allem.)
970 1357 2804 1683 Einige Sabiner thunes.)
3753 1459 6997 1736 Und nun – was weiter - Ist das Leben nütze?
1569 1544 3431 1773 Tort mit diesen Rotten:
371 1593 807 1793 ¬lost.
3810 1654 7066 1976 Wenn ich nicht frei mich machen kann, so sterb ich.
367 1691 2897 2050 bevor ich angelangt in Ewrs bin
3851 1854 6830 2156 Mir hat das Leben gutes nicht gebracht
363 1891 3443 2233 Oos schwöre ich will ich auch nicht entfliehe
3835 2005 7025 2339 Mir hat des Glückes Sonne nicht gelachelt,
375 2070 3586 2425 Doch fort nicht diesen Banden. - Erbet wohl,
3826 2192 6764 2522 daß ich zurück vom Tode schrecken müßte.
432 2262 3284 2571 Ihr Römer" -- - - Nun bin ich hebt wohl
3879 2396 6247 2669 Verloren hab' ich, was ich je geliebte
1357 2433 3545 2751 Mit bedeutung) Auf Wiedersehn
3916 2555 6703 2889 Vergessen kann ich das Verlorin nicht
1112 2641 1569 2767 Aan
460 2628 3032 2946 Sabmarsum - Hoß-Aus ist war.
3892 2759 7033 3020 Der Tod ists, der allein mich kann erlösen.
689 2812 2698 3044 Vot Rrg und Sabinar ab.
3936 2897 7050 3231 Und doch - ufweiss nicht, ist es eine Ahnung
375 2958 3639 3317 Komb. Bald spreche ich auch wieder. Jetzt
3936 3056 6887 3378 Ist's eines Zufallés wunderbares Spiel
974 3166 2592 3492 genug' (Alle ab.)
3924 3248 7209 3541 In meinem Innern nichts: darauf nicht sterben.
3941 3423 7143 3765 Wie - soll ich sie vielleicht noch einmal schon
1337 3496 3712 3741 Ventidins Cassus kommen schaall
3945 3594 7209 3908 Sie - noch einmal in diesem wüsten Leben -
371 3720 1699 3949 Cads sub wohl!
3875 3765 6789 4075 Noch einmal sie, die mich unglücklichmachte
884 3778 3688 4226 Leb’vohl die Rachstag ist noch.
346 3908 799 4108 Mnt.
3879 3867 6899 4271 die mich mit einem Herzen voll von Leb
1654 4026 2710 4295 (Beide abt.)
363 4136 632 4271 10S
3888 4116 7135 4495 Vinausstieß an die wilde, weite Welt
1512 4193 3423 4544 Verhang fällt.
493 4303 884 4564 27
