7416 4888
3794 379 6224 667 Hest. das bläde Schicksal, das die Menschen leitet.
292 479 3018 805 Kost. O Frage nach dem Land nicht meiner Heimat.
3777 550 6374 850 Rom. Zum' über dich! Der Mensch beherrscht sein Schicksal.
438 654 2722 942 Sie zu vergessen ihn flieh' ich herzudir¬
3794 721 6524 1013 Host. Wenn andere Menschen wie sein Glück entreißen,
1701 805 2026 950 Schaft
342 775 3694 1138 Rom. du scheinst gar: du bist verbittert und bist gar wilden Sinns.
4673 905 5044 1042 un et ma
3823 896 5920 1209 die größer sind als mächtiger als er¬
292 984 3102 1234 Host. Mich hat ein bittres, sturmbewegtes Schicksal
4882 1117 5365 1313 (kaufe.)
363 1184 2468 1488 Herumgeworfen auf der weiten Welt
3814 1238 6366 1526 Rom. In deinem Wesen ist ein seltsam etwas
409 1351 2776 1613 Bald hat es da, - bald dorthin mich geschleudert,
3835 1430 6161 1684 das mich an dich zieht zu dir, in deine Nähe ziehst!
409 1509 2643 1818 doch niemals auf ein blumig Wiesenland,
3823 1605 6016 1909 Welch Götter kennst duurd verehrest du?
404 1663 2851 1918 Nur grauer Felsen waren meine Wohnung
3844 1772 6078 2051 lost. die selben Götter kenne ich als du:
404 1855 2826 2180 Gar schlimm und düster war mir das Geschick:
3860 1930 6403 2239 doch sie verehren kann ich nimmermehr! (Rause.)
442 2064 3081 2309 Nur wie im Traume steigt's mir manthmal auf
3848 2130 6228 2414 Rom. Wie ich auch denke, - ich versteh’ dich mit¬
425 2209 2126 2460 Von einem wunderbaren schönen Lande,
2593 2251 3602 2489 Mit dußerm Blick
3910 2268 6178 2572 Du hast die Brust so tief und unergrundlich
425 2414 2468 2676 Wo ich vor längs Dafirgeschwunder Zeit
2655 2401 3723 2697 und mehr zu sich selbst)
3898 2485 5945 2726 Und über alles, was ihr Ineres binzt,
396 2568 2401 2860 Garglücklich lebte und gar glückich liebte.
3898 2643 6220 2918 Hat sich ein Schatten dunkel ausgebreitet
438 2743 3056 3027 Doch bald vergeht der Traum und siekt zurück
3906 2801 6311 3089 der Schatten des verlorenen Lebensglücks.
467 2931 2168 3193 In maine finster, leere, öde Seele.-
3952 2993 6066 3252 Und du, der du das Leben also hasst,
446 3093 2430 3356 Owies in diesem Herzer einst geglüht.
3898 3147 6412 3443 du lebst noch, - du hast nicht den Tod gefunden?
1851 3231 2026 3356 thell,
404 3252 2480 3543 doch jetzt die I. verloschen ist die wilde Flamme
3881 3322 6403 3581 Post. Ich weis nicht, was mich noch am Leben hält,
817 3443 1105 3573 regigung
404 3452 2064 3719 Zum selten ein Funke keisterend sich,
3869 3498 5920 3802 Es Abtürner noch wie ein Strafloor Hoffnung
392 3610 2418 3927 Ger bald verlöscht von dieses Lebens Stürmen
3860 3748 6103 3989 Und ewig glimmt es unterschwerem Unglück.
342 3819 1422 4085 Rom. Du bist nicht alte.
3806 3889 5795 4190 Am Und gammt's auch nur, auch glömmen leuchtet noch.
992 3944 2547 4244 Schon welk ist mein Gemüt.
4040 4081 4256 4185 8/12
317 4031 629 4219 Wst
3869 4073 6311 4415 Host! doch dieses Licht verleiht gar schwachen Schwemer
384 4152 3172 4498 Rom. Und was hat dieß denn gar so sehr verlittert?
