7480 4840
1844 332 2073 532 79
216 507 2629 835 So kommt wohl die Gesandtschaft noch zu recht,
228 752 2405 1018 die Oeles zünfte Königskraue g bringt.
220 868 2933 1200 Luacw. Wer hält ihn dann zurück von seiner Recht?
233 1105 2480 1313 Denn Claubins war Vertidnis freues Freund,
228 1263 2363 1574 Gär enge Herzensbaude hilten sie zusammen.
282 1466 2177 1670 Sie waren nicht im Staate Freunde nur.
341 1612 2139 1894 Darge, Iusudam Salziner kommen.
536 1790 1080 1931 Rudeler
278 1790 1865 2098 Ein Kleiner. Ganz unbegreiflich!
1500 1961 3078 2251 Sagt, was soll das deuten?
594 1981 818 2135 Tebr
262 2035 623 2206 2. Febr.
623 2110 839 2293 f.c.
312 2164 2604 2438 1.eb. Seit zwanzig Jahren wars das erste Mal¬
461 2322 2899 2646 daß am Wort aus ihrem Mund gedrungen.
278 2488 3011 2854 Gaius. Was spracht da, was treibet mich zusammen 2
403 2721 727 2862 7/4
345 2646 3178 3024 S. Tabner. Ihr kennt das Moldweib, das in seiner Höhla
295 2874 3144 3194 Gahr aus Jahr ein ehr grausig Leber fristet,
316 3020 3630 3327 Das Weib, dem jeder aus der Nähe kennt geht;
324 3215 3344 3522 Aus Furcht, es sei ein geabentstiegnes Wesen
295 3414 2600 3705 Hervorgestragen aus des Todes Nacht
295 3576 3352 3892 dem Menschen nun zum Einhüf und Verderben
324 3743 2887 4071 das Weib das aus der düsteren Höhle kannf
324 3913 3244 4191 Wenn Sohn zurückten und wenne Donniwollten
312 4087 3182 4374 Sich die Gewändung von den Brüchten reißt
295 4249 3406 4636 Zu Himmelsicht und schaurige Worte unermell
3755 403 6035 760 Als wollte sie Gespenster herbeschwören?
5462 565 6044 760 in Seicler,
3709 602 5832 910 Bei Hellam Schwerlicht ihr
3730 789 6089 1113 Kam sie hervor aus ihrer drinkeler Grotte
3693 943 6505 1300 Und sprach manch schweres, wunderhaums Werk.
4860 1117 5961 1354 Neue Ausunter.
3730 1317 5425 1666 Einer von ihnen. Sie kommt! Sie kömmt!
4926 1450 6650 1740 Zurück! Sie bringt uns Unheil!
3743 1516 4087 1790 Andere.
4341 1637 6467 1952 (Tiefe Stille. Das Waldweib kommt)
3747 1819 7086 2139 Das Waldweib. Dank! Dankl Ihr hohen, hoher Götter dankt.
3801 1994 6712 2363 daß ihr an meinem letzten Lebenstage
3813 2143 6596 2559 Wir weder schenket meines Geistes Licht!
3759 2322 6804 2700 Und Inzweite, weite Ferien schweifl mein Blick
5670 2513 5965 2683 sonse
4116 2588 4532 2766 Maschen
3780 2542 6675 2887 kein Rüge sonst vermag sie nur zuahren:
3809 2754 5819 3095 Todt ist Frebenins, der alte König
3797 2899 6571 3240 An seinem Sorg anstand in wilder Königl.
3817 3070 6754 3381 Ein neues König sollt gewählet werden!
3813 3236 6588 3581 Wergabens war das viele Blutvergießen;
3842 3452 6202 3693 Kabonius hat einen Sohn! und ich
3801 3647 6517 3929 Bei dieses Sohnes unglückselbige Mutter.
3801 3821 5940 4116 Die Anschuld raubte mir Erbarnis
3817 3954 6567 4258 Und mit der Unschuld auch des Geistes Licht¬
3851 4104 6355 4449 In Rau aveilt dieser Sohn - Postus Wostilus.
