7352 4776
2234 182 2430 420 90
3791 250 7110 691 Roml. Und Frage drängl auf Frage sich heran¬
356 386 3697 772 Host. Vört meinen Plan! Hört, weg ihmis er dachte
3731 547 7038 844 Wird wohl dem Kamer der Sabmer traum
369 649 2133 1001 Romb Hoftilius, spruch!
3803 750 6377 1077 Wird er die Listnicht bald erkennen
1887 750 3400 1073 Ich sann auf eine Licht¬
335 848 856 1115 Hast.
5940 916 6555 1200 Möglich.
3778 950 4164 1145 Host.
314 950 3566 1302 Wenn ihr die Weiber jemals haben wollt,
3829 1102 7212 1344 doch nein – Wählt einen aus, genandt in Reden
369 1200 1904 1518 Mußt ihr sie rauben.
3816 1268 7060 1556 Wählt den Talassius aus, — das ist der beste
1692 1336 2400 1577 Rauben
399 1370 789 1662 RorC
3858 1442 7055 1760 Und wenn nach dann die Zeit gelegen dunkl,
1810 1488 3078 1806 Doch durch List.
394 1594 954 1806 Most
3863 1620 7157 1895 Schickl ihn nach Eures - thut was ich gesagt.
326 1662 3583 2018 Raß Verkündige in der Hauptkaldt der Sabiner
3808 1789 7216 2099 koml. Und der willst selbst dem Tod sich übergebene
382 1832 3400 2196 Ein Fest des Consus, des verborgnen Gottes
3816 1989 6385 2315 tost. Auf meine Kraft vertraue ich.
326 2048 3367 2349 das hier in Rome abgehalten wird.
6034 2184 7098 2425 Nun dem I
3833 2192 4384 2408 Korl.O
348 2213 3214 2569 da laß sie ein zur welchen Festesseier
3892 2391 6869 2688 Schwilles thun "Reschätz" dich Jupiter
399 2408 3430 2726 Sie werden kommen, - Mann und Weib und Kön¬
3863 2434 7212 2849 Doch will ich auch beim Raube furchtbar rächtig
348 2612 3184 2947 Ihr raubt die Jungfrauen, - sie sind eure Beute
3871 2722 7187 2993 Hort, Komar I Wer von der Sabnner Männern
454 2777 2943 3095 Thefturst Herrn ins festliche Gebümmel
3863 2896 7157 3116 Sich wieder setzlich zeigt bei jenem Feste,
403 2960 3426 3299 Ihr raubt die Jungfrauen sind sie sind einer.
5118 3070 5338 3176 ter
4511 3061 5007 3197 unterst
3858 3070 6262 3384 Fällt unseren Kahl; um Opfer!
390 3108 3307 3443 Roml. Hoftilus! Dein Plan ist Kühe, istwild,
4842 3244 6046 3540 Sirg. Sabiner.
407 3282 3409 3596 Man sieht, aus welcher Seele er gekommen.
3922 3426 5902 3748 Sieg. Seid ihr entschieden?
420 3477 3506 3769 Und deiner selbst gedenkst du nicht?
5321 3591 7153 3914 Jawir sind entschaden.
3871 3625 4371 3833 Host.
449 3659 3413 3956 Sind ein frer Antwort jetzt gewärtig, und:
3947 3799 5007 4020 And üb im euer.
466 3841 3718 4079 Du willst dem Totins das übergeben sich
4723 3875 6648 4223 Wird dein Schwert von dir
3871 3969 4185 4176 Krs
479 3969 3774 4257 Kost. Ich übergeb mich ihm und mach für
4876 4104 7233 4439 ein mein Schwert-jedeses Schwer¬
3922 4138 4702 4388 Gloss. Wm.
454 4138 3774 4550 Glaubt nicht, daß meine Arme nenne künftig
6436 4304 7195 4482 für wohl
