7496 4840
288 511 1749 838 Doch lebet wohl, Kentidius. Es ist
185 679 2389 1001 kein schöner Anblick, Sterbende zu hoffe,
211 851 2612 1164 Und siecht auch nicht mein Körper schon dahin
404 1078 889 1220 Kranke
245 1061 2805 1345 die nele wird mir niemehr seilen. (Sie geht.)
258 1216 2264 1525 Vent. Herstlia! Hersilia! - Mir ists,
172 1409 2445 1718 Als wurde hie zum Styp hinunterschwanken,
245 1585 2191 1916 Sie ist bedauernswert! Doch alles ist
176 1766 2677 2101 & Bedauereswerth auf diesem Erdenrunde.
1375 1916 3617 2148 Flas Patias u. Mettius Curtius kommen
378 2071 649 2268 16/2
262 2135 3080 2457 Titus- Schon gestern Abend wurde sie bemerkt;
249 2290 3330 2646 Und darauf baut sich dem mein ganzer Plau.
249 2466 3463 2823 Mettius, die Kriegar sollen jetzt sich wüsten (Wettius &.)
288 2668 2234 2982 Verrat wird mit Verrat gesuchet.
305 2887 1792 3175 Hier ist die Stelle einsam!
292 3025 2406 3347 sentidius (tritt vor.) Was, o König,
309 3244 1332 3523 Ost euer Plan?
975 3338 2728 3656 Ihr sollt ihn höre, Sentidius!
301 3467 756 3660 Petus
279 3544 2307 3841 die Tochter des Burghauptmanns
275 3746 2526 4034 Geht jeden Abend hier allein vorüber
271 3910 2651 4163 Mit einem King um Wasser für die Burg.
292 4051 2694 4386 Heut laure ich ihr auf, - und dieser dolch
288 4154 2943 4657 Dienst in den besten ihr, wenn sie mir nicht
3721 361 6358 748 Die Ersten Thore der Stadt Koma aufschließt
3712 520 5907 907 Sonst liebe ich das Hinterlist ge nicht
3721 778 6208 1104 Jedoch so tückisch wie die Römer gegen uns x
3721 945 6230 1297 Gewesen will ich gegen sie auch sein.
3764 1117 7218 1422 Mikkeister Graf Schau wandelt der Befehl durchs ganze Lager
3759 1259 6938 1624 Titus. Schon seh ich sie. Nun will ich mich verbergen E
4773 1392 6552 1749 Elle ziehen sich zurück.
3776 1564 7080 1920 Tarpeia (kommt mit einem Königl u. gesteinige Zeit
3832 1779 7183 2135 Dabehindert über die Seren Plötzlich stürzt Titus mit solcher
3794 2058 4391 2281 über sie.
3897 2195 5946 2509 Stadt Nüft einen Schrittmehrweiter!
5027 2337 6685 2569 Wehr mir! Was ist das?
3845 2406 4309 2625 Farpeca
3871 2492 6986 2853 Folus. Das ist das König Statins und sein dolch.
3867 2750 5619 3080 Farpeca. Erbarmin: Gnade!
5314 2866 6737 3171 Mehr nicht Erbarmen.
3854 2999 4266 3158 Titers
4417 3016 4666 3196 die
3837 3046 6169 3390 Nur wenn ich willig thuß, was ich befehle
3824 3231 6393 3501 Fleibst du am Leben? Siehst du diesen dolch?
3832 3411 6496 3751 Er blitzt und Olinkt; er schindert und er Endekelt¬
3832 3587 6290 3914 Willf du auf alles hören, was ich sage.
5860 3738 6178 3867 seiches
3798 3755 6810 4086 Mein Sinn, mein Nichtsam steht in meiner Macht¬
3871 3914 6513 4301 Tilus. Fürffenst uns das Thor von Rom. I.
6083 4069 6857 4326 Von Rom?!
3875 4167 4142 4455 Tafs
