7384 4856
1989 256 2176 491 46
401 448 3179 751 kommst die nachbares, um mir das zu sagen,
320 649 3060 930 Was jeder meiner Unterthanen weiss.
371 871 3316 1135 Tol. Du wirst, o König! Das nicht führt nach her¬
333 1011 3448 1327 Schbringe dir des Römerkungs Freundschaft.
346 1203 2765 1506 Tit. der Freundschaft eines Königs.
2083 1349 3115 1639 Meines Königs
346 1361 683 1566 Cal.
341 1536 2987 1822 Um sich dir zu versähnen und das Unrecht
316 1754 2893 2019 das der Hoftilius zugefügt zu führen,
303 1903 2838 2219 Dir zu bezeigen seine hohe Achtung
303 2074 2633 2373 die er die, Taten's, abgegenbringt,
358 2270 2834 2582 Bin ich hiehergesandt von Rounclus,
286 2445 3128 2744 der heute Hand zum Bündniße der reicht.
294 2629 2684 2936 Fit. Zum Bündniß - Gegen wen?
2176 2727 3371 3090 Cp kein Fried
337 2838 632 3051 Tal.
273 2987 3555 3290 darunser Leid bedrängt. Brauchts einen Feind,
303 3149 3491 3452 Dass Röme und Sabner Freundschaft schließen
312 3316 3495 3632 Daß sich zwei Völker treu und fest verbunden
329 3508 2744 3807 Zusammenhalten in Gefahr und Not
350 3687 3277 3956 daß sich zwei Fürsten, die des Volkes Glück
371 3854 3405 4152 das sie behorschen, in dem Herzen tragen,
418 4029 3209 4323 Zusammenthile, gemeinschaftlich zu herrschen
405 4199 3162 4502 Gemeinschaftlich zu schät an ihre Volkau.
5505 188 5740 393 47.
3747 329 6947 696 Sil. Halt'ein -Lass mich dich eines fragen, Römer,
3760 529 6704 888 Ligteicht - geborgen - durch die schönen Wörte
3807 747 6324 1003 Noch ein Gedanke in dem Hinterhalt
3777 939 6559 1255 Gilüstet auch nach der Sabiner Weiber
3768 1110 7127 1374 Sal. des Unmuts Wolk' undostert meine Stiöne,
3768 1323 6717 1592 Glaubst &, ich brauche diese Wort als Eingang,
3760 1451 6837 1737 Zu jener Bitte, - - Was die Römmer wollen
3751 1643 6299 1925 das thum sie allein. - Ich bitte nicht
3747 1805 7088 2074 Um eine Weiber. nur um deine Freundschaft
4844 2019 5573 2253 (Pause)
3764 2014 4690 2309 das schwer ich dir
4408 2117 7186 2514 Gib mir das Schwert her, Climus! (Geschieht.)
3726 2219 4037 2450 Tit
3760 2330 6738 2693 Hastilus du bist frei. (Zu Fol.) Du aber melde
6828 2505 7041 2701 ..
3811 2514 6696 2817 dem König Komulus - ich sei sein Freund
6841 2680 7037 2851 :
3841 2684 6674 3064 durch diese Worte bin ich ihm verbunden
3794 2838 7229 3205 Tal. Noch nicht vollendet, König, ist mein Außmann
3794 3038 6307 3380 Zur Feier Dieses schönen Bündnißes
3824 3256 6499 3521 Soll, Tatus, dem ganzes Volk nach Rom
3854 3435 6815 3696 Zu einmatt Fakofes Gottes Consus kommen!
4063 3580 6222 3824 Schon in 3 Tagen wird dies daß gefrie¬
3794 3649 4511 3905 Tit. Es sei:
4344 3734 6508 4041 Nun hab ich alles auch gesagt.
3828 3832 4093 3994 Tal.
3849 3879 7186 4212 Und wahrlich - frohern Mutes, zieh' ich heimwärts
3849 4097 6662 4455 Als daß ich zog in der Sabines Land!
