7352 4808
5300 136 5482 339 19
4266 318 5634 631 IV. dritte Senne.
3694 419 4054 682 23/14
1279 428 2796 771 (Lange, schreckensvolle Pause.)
4774 568 5236 796 Wäld.
191 648 3304 970 Ha! Es warst, der das Herzess rührte, Fremdling!
4588 716 6736 962 Exeles Wenna. Valeria kommt schnell
203 847 1944 1127 dent. Was sprecht ist, König!
3847 902 5325 1212 Sal. Geliebter, fliehe!
1021 983 2999 1258 (zu Versil.) Das war deine Liebe!
4812 1055 6376 1326 Ich — soll fliehe! Warum?
186 1055 436 1330 sit.
3804 1152 4113 1347 Caeles
216 1161 2830 1487 Antworte! Ob ich dichgerecht beschuldigt.
3791 1241 6071 1555 Sal. Du bist verfolgt' bist eingeholt!
5842 1385 6524 1601 Wehmer!
1093 1364 2046 1618 Lange Plause.
3800 1462 4156 1686 taeles.
233 1538 2821 1839 O Götter, so bin ich betropen. - Fliehe!
3783 1572 6541 1855 Val. Sie weilen in den Mauern dieser Stadt
225 1682 2940 2008 So meinem Hause will ich dich nicht sehn.
3804 1767 6337 2093 die tausendfach verrüchten, die dich hoffen
250 1847 3520 2131 Fort, fort von hier! — Jadich licht sich entidius!
3910 1944 6346 2262 Schon waren sie bei Titus, unserm König
233 2046 2792 2385 Entflieh, Herfila, du hast mich betrogen¬
3893 2110 6346 2427 die Thore werden schon gesperrt. Die bist
263 2216 3389 2482 du fast mein herz gemordet' Mörderin! (Stürzt ab.)
3872 2292 6304 2546 Gefangen! Stettungslos verloren
216 2381 2910 2724 Vent (ihm nach.) Was man auch König? (Ab!
3825 2444 6926 2779 Wenn 14 nicht Flügel schnell von dann eilß
1097 2567 2864 2796 Hersilia Mettius Curtius
3796 2618 6723 2906 Roeles. Von Damden! Fort von der. Valera?!
3745 2626 3944 2804 23/4
3770 2728 7007 3097 Sal. Du mußt! Wie mir als Herz auch liebend blutet
263 2787 2745 2991 Uettius. Verstoßen hat der König Dich, Hersilie
6227 2859 7134 3042 scheiden muß.
5355 2944 6121 3071 Relköter
301 2923 2804 3181 Raum in mein Haus; ich nehre dich gestlich auf!
3800 2987 7091 3232 daß es von dir, ein liebstücke xx hat
322 3080 3287 3355 Hersilia (zittwend, aufgeregt.) Schmuhr ich muss - ich folge!
3897 3105 6918 3491 du mußt! O Flüche! Hier bist du nicht sicher
712 3228 2648 3550 (Mankand mit Curläub ab.)
3876 3292 6659 3635 Noch einen Augenblick, und deine Feinde
220 3338 432 3529 106
3893 3453 7206 3825 Entreißen meinen Armen bis auf ewig
3813 3643 7223 4020 Coeles. Auf ewig! Getrennt von der auf nach
3461 3804 3652 4003 J
3851 3838 6625 4185 Ich bleibe! Ieder Augenblick bei der
2796 3969 3164 4185 I am
3880 4037 7032 4397 Ist mehr als Eren von dir das ganze Leben
2233 4147 3122 4406 &c.
