7384 4776
273 460 2941 810 Roml. die Thüre bleiben Erst geschlossen. Von
315 661 3240 929 den Mauern aus soll man den Trad bedrängen
205 852 3644 1198 3. Römer (kommt) Schon ist der Hauptmann unserer Fürge gefal¬
264 1032 2903 1330 Ein Pfeil des Friedes drang ihm in das Herz¬
264 1245 1854 1539 koml. Begaur die Schlacht?
1202 1381 3001 1688 Sr Jahach nicht begonnene.
294 1475 908 1679 3 Romer
315 1564 3116 1905 Nur einzeln fliegen theile sie und wieder¬
1078 1748 1939 2080 Aurius Far
281 1786 746 2029 Kol.
328 1939 3623 2238 Roml. Gostilius, auch sind ich mit diesen Römern
401 2123 2698 2468 die Mauer zubeschutzen und die Thore.
1044 2297 2656 2536 Hastilius u. andre ab.
1321 2451 3440 2762 Caurius Torpeius u. Sompeca
303 2656 3615 2975 Spurnis. O König, helft uns 1raßet uns freundlich auf.
328 2818 3615 3137 Röml. Schnehm dich auf; - dübist in Rom, o Fremdling.
341 3005 3180 3291 Spurius. Ichzog aus meiner Vaterstadt hieher,
550 3163 3474 3423 die vielen Wirren haben mich vertrieben.
575 3372 3252 3687 Ich hab in vielen Schlachten mitgekämpft.
311 3559 1684 3862 Rorel. Wieheißest du?
1159 3730 2788 4020 Lehtin Sparius Tarpius
324 3764 584 4002 Sp.
337 3922 3517 4237 konnte Ich hab von der gehört, du heiß gar tager.
622 4062 2937 4361 Ich übergebe dir die Burg von Rom
550 4237 2702 4548 kann nun mit mir. (Alle ab)
4710 307 5729 691 tarpeia (allein)
3811 584 5874 882 Mir steigen heut so dußen Bilder auf,
3802 742 6483 1070 Und es mir ist der Geist so wild so war, so wirblig.
3781 933 6291 1240 Was ich gelebt, es steigt mir wieder auf,
3823 1121 5968 1449 Ich sehe meiner Liebe Todtenasche.
3849 1300 6185 1607 den einen Fehler, den ich einst begangen,
3862 1454 6147 1743 Ich hab ihn ungeheuer schwergebußt.
3849 1620 6594 1944 Ich schwier ohne Treue - und ichhielt sie nicht!
3866 1829 6279 2144 Ich habe einem andern michergeben
3900 1991 6790 2361 Und ich verlor sie beide! Beide 1 Beide! (Ab.)
4825 2182 6006 2434 Laelia(komh)
3849 2366 6667 2690 & warum betr. ich noch! Schlägt noch mein Herz?
3875 2536 6556 2898 Es schlägt! - Vorüber diese grause nacht!
3904 2702 6650 3069 Osicht’ ich es, daß nicht unwilder Römer
3892 2903 6436 3150 An meinem Lufen wollust trunken Auge!
3887 3052 6679 3410 Ich bin geschändet! Spries aus Geschänder!
3887 3244 6637 3580 So ist ein Wohl für meine arme Brust?
3913 3406 6679 3772 Ihr Jünglinger von Cures! Omsin Varaus!
3930 3623 6547 3909 jetzt fühl ichserst, wie sehr ich dich doch liebe!
3934 3777 6713 4058 Und jetzt - stehst zu wohl dort in jenen Reife,
3973 3960 6637 4254 Und ziehe ich gegen Raua? Milder sei Mars,
3977 4126 6692 4484 Der Gott der Schlachten möge dich beschützen
