7464 4904
348 624 1600 932 Carlet. Wich aufs Flüße!
328 798 2130 1049 die Dauer eines jeder Augenbicks
360 907 2564 1251 Ist mir so köstlich, wie den andern Jahre.
389 1183 1183 1418 Valeria Mesin
915 1272 2851 1604 nach Rom! Zum König Romulus!
397 1389 765 1608 Caeles
409 1369 3560 1725 Leb wohl ich bin nicht sicher - ich Aufs fort? (Will fort.)
381 1701 1247 1936 Valeréa. O blaibe
1033 1798 2726 2098 Welches Engels Stimme hält mich?
393 1916 709 2102 Cacles.
401 1956 2965 2268 Oder verleitet mich noch länge hier zu weilen.
409 2134 2734 2434 Salaria. Dein Unglück scheidet in eine fühlend Herz
502 2308 2746 2645 Verbergen will ich dich, - & Unglück sel per¬
413 2552 1689 2815 Caales Verbringen (Mich?
1272 2637 2726 2944 O’Fremdling, - fliehe nicht!
1045 2794 1211 2900 "
385 2774 729 2965 Valeria
401 2823 2665 3167 Cales, Dubist ein Engel. Weilen muß ich her¬
385 3042 2527 3297 dem deiner Stimme wunderbarer Klang
360 3143 2871 3548 Hält mich zurück und nimmer kann ich flehe
612 3694 3775 3933 Man bittet denjenigen, des dieses Manneriset in die Hände
616 3758 3799 4054 bekömmt, die durch gestrichene Coeno als gar nicht siehengehörig
587 3880 3852 4281 zu betrachten, sondern diejenige die dieser Flättern eingeschoben
599 4208 2033 4414 ist dat. vom 23 März 1876.
551 4370 1085 4581 Mart. E. J.
4937 385 7160 668 Zweite Scaun (I. ukt.) saul d. Gabmerinl
4196 429 4807 680 23 März 1876.
4982 612 5743 822 Cailes Vikenna.
4058 632 4613 863 Nase Cüres.
4107 721 6723 1053 Schön verloren, ich kann nicht mehr weiter!
3868 915 6764 1227 (Er siebt nieder) Ich soll mein Tusluben nicht wiederschu!
3993 1110 6132 1409 Mein Tes ausum, das ich in kurzer Zeit
4030 1256 6184 1580 Ols stolzer König zu begrüßenhoffte!
3997 1422 6670 1693 Die Gottheit will es anders als der Mensch¬
4042 1547 7083 1895 Was will sie jetzt? – Jetzt will sic meinen Tod
4058 1746 6901 2122 Ich kann nicht weiter Fließe! Spier muß ich ruhe.
4390 1916 7124 2236 Ja, - was war das - 3- Schon wieder glaubte ich,
4082 2138 6593 2438 die Racheschwerter letzten uns entgegen
4135 2304 6998 2556 Es war nur Täuschung. - doch im lange noch
4127 2462 6990 2722 Wird Täuschung bleiben? Jeden Augentlick
4090 2637 6715 2973 Kann mich die blütige Kächersand erüben:
4127 2811 6840 3151 die Nächersand? Kann's eine Sache sein?
4115 2944 7144 3309 Im Frei kam sie ich Claudius erschlagen
4143 3143 6500 3455 In ehrlichem, in angesagtem Kampf,
4151 3337 7092 3641 Und doch bin ich verfolgt von seinen Freunden!
4167 3491 6962 3815 Auf meiner Seite ist das Recht, und jetzt,
4188 3657 6630 4034 Wo ich durch ferne Lande fließendeile
4176 3856 6626 4172 Sollt' eine Krone zieren dieses Haupt
4188 4058 6913 4366 Kind diademe. Diese Sterne schmucken.
