7304 4664
1905 172 2161 352 54
4574 218 5892 575 Vierte Sem¬
1355 319 2279 625 Ventid. Cassius.
3890 378 4142 646 1911
4494 512 6576 814 Großer Ereier Platz bei Rom
273 546 3647 848 Sent. Er wird dich nicht erkennen! Ganz gewiss nicht!
3982 667 6492 1024 Alles schon für die Kampfspielen gerüstet.
323 785 3273 1045 lass. Es bleibtes. Vonkleidet tock ich vieles
4809 852 5841 1120 Cassius. Coeles.
285 927 3244 1204 In jene Schlucht, und ich versäum die Spiele.
3756 927 6034 1330 Cassius: Verles Wijbeaus, kommt mit mir!
243 1120 3189 1418 Vent. die künft den Plau des Königs Römulus
5472 1225 5913 1506 Wohin!
306 1271 2782 1569 Die Hoffnung lebt in mir, daß ich die Schöne
3781 1267 4158 1473 Caeles
3789 1406 5589 1716 Cassius. In jenen Schluße, dort
290 1452 2891 1754 Die mir in jenem Wald erschien verblickte
4838 1569 6055 1813 Caeles Vibenna (allien)
340 1662 2853 1905 Und sein sie trag als wunderbare Beute!
3890 1746 6336 2077 Die Stunde der Entscheidung nicht heran.
319 1817 2866 2132 Sobald sie sicher ist in meinen Händen
3932 1939 6395 2253 Vielleicht erwartet mich das höchste Glück
369 2010 2694 2270 Eil ich dir nach in jene enge Schlucht
3890 2144 6177 2442 Das höchste Glück, das ich mit Glut ersehne!
407 2199 3470 2463 Und mein Folch. Denn geschworen hab' ichs heilig
1313 2337 1762 2476 Carl S
3932 2342 6546 2564 Owrem Valeria kommt – nach Roma kommet,
352 2358 3609 2656 Wird ist von das Schreiben Blube Taucht sich in des Wohnung
2757 2488 3495 2644 Freolerherz.
3936 2467 6064 2799 dienfestlich frohen Spielen beizuwohnen,
285 2526 3571 2849 cass. Jetzt drängt die Zeit! Komm, lassers gehen, Venbidies!
3932 2673 6080 2975 Und wenn die Junglinge auf ihren Raub
1368 2736 2086 3005 (Beide ab.)
3982 2824 6445 3109 Auf ihren Pußen, sich mit Wollust stürzen.
3991 3009 6240 3302 te ihre Arme Weißen die erwählte,
3991 3185 6311 3483 dann will auch ich Valena erfassen,
4007 3374 6131 3659 An ihrem Däsen verantränken liegen
4007 3537 6378 3852 Und sie ist mein! Auf ewig, wegenein!
4033 3697 6643 4028 O Götter, seid mir zu dem Plaar günstig.
4792 3861 5749 4150 Cassius koml.
3944 4028 7083 4381 Cassius. O folgt nun, lautes, wenn ihr sie wollt sehe,
