7400 4712
512 434 2899 731 doch meiner Feinde unbedachter gern.
559 590 3294 926 Sieß aus den Händen nur den Königssprofe!
594 750 3310 1114 Und jetzt bin ich vertrieben aus der Heimat
594 985 3200 1274 Ich irr alleut herum in fremden Landen
672 1114 3376 1407 Och bin vertreiben, und ich bin verfolgt?
672 1282 3415 1606 Oedoch - soll ich verzweifeln? Zweites sch
723 1426 3689 1739 für einen Mau an seiner Kraft zu zweifeln u.
676 1649 3614 1876 Nun noch bis Königl. das ist mein letzte hiel!
731 1801 3470 2079 Und doch - mein letztes nicht! Mein leztes Heil
746 1973 3482 2325 Das so die Königskram Tod zu linns.
688 2145 3782 2462 drum, Canles - auf: Frisch auf - und nicht verpagt!
590 2352 3732 2653 (Will fort, ist aber zu (straf) Ich kann nicht - wenigstens
1457 2524 3040 2774 bis dorthin will ich
664 2618 3200 2985 Auf gutes Glück will ich zu jenem Haus
668 2872 3763 3181 Vielleicht starkt auf sein Trunk! - Machtauf, maß auf
625 3216 3286 3552 Valeria (kauf) Wer seid ihr. Freundläng, was ist nur Wunsch?
692 3435 2884 3677 Cades. Nur einen Trunk von Wasser reich nur
641 3564 2251 3884 Noch eine weite, weite Manderung
676 3767 2692 4044 Stehtmir bevor; dann reich mir einen Trunk!
641 3950 1157 4216 Valeria (ab 1)
613 4087 2770 4392 Codes. Wie schon sie ist! Ein Engel rettet mich!
3825 250 6670 613 Kleria (komm) zurück) hier habt ihr Wasser; es ist frisch und hell
3825 508 6076 817 Ganznah in Wald fließt eine klare Quellen,
3884 719 5009 985 Ausfrist es geschöpft!
4849 860 5596 1055 Jch danke dir.
3861 887 4568 1137 Caeles (binkl)
3837 1008 6776 1317 Nun lebe wohl! (Er will weiter, seine Fisse versagen ihm den dienst)
4513 1219 5404 1457 Tit kam unge:
4912 1352 6303 1657 Seid ihr würde? Kommt hinein
3861 1450 4228 1629 Valeria
3849 1575 4783 1797 Nun ruft auch an s!
3825 1715 6572 1985 Caales Ich-ruhn? (titter) Fluhu oder Sterben ist mein Loos:
3868 1915 5048 2196 Valeria. Fliese! Sterben
4806 2087 5951 2348 Mädchen, anb wohl!
3888 2141 4177 2348 Caaler
5642 2235 6057 2481 Ihr könnt
3876 2329 4267 2544 Klerin
3900 2458 4677 2755 Nicht weiter!
3915 2634 5959 2899 Coeles. Mein, ich kann nicht weiter!
3962 2813 5396 3071 Valeria. Und ihr seid Flüchtling?
5158 2923 5986 3232 Ich - bin Flüchtling!
3970 2989 4314 3185 Coeles.
3950 3142 5166 3400 Val. Ihr seid verfolgt?
4873 3278 6154 3556 Ich bin verfolgt von teinden!
3935 3368 4251 3579 Caeles
3974 3435 6256 3747 Vol. Und wenn sie euch einlen! auf erreichen!
3904 3626 6131 3939 Coeles. Dann starb ich vor dieses Hauses Thor.
3939 3837 6232 4107 Valeria. Im Walz mehr ich eine dunkle Grotte,
3966 3978 6299 4330 Ganz nach dem Quell, von dem ich eben sprach
