4264 5416
2038 597 2387 773 17 -
1410 937 3736 1128 guter Witz, einen kleinen Buben den "Herrn Bruder"
1422 1113 3785 1280 zu nennen, und das junge Mädchen hätte sicher auch
1428 1240 3742 1447 gelacht. Da war sie ja noch - zehn Schritte weit;
1401 1398 3733 1610 Aber er wagte es doch nicht. Jetzt kam eine ziem-
1443 1534 3757 1807 lich dicke Frau, die Noten in der Hand hielt. Die
1443 1710 3882 1889 hätte er fragen können, ob er die Noten tragen dürf-
3433 1792 3830 1895 I am
1459 1877 3848 2053 te. Aber die gefiel ihm eigentlich nicht. Jetzt ka-
1453 1980 3700 2211 men zwei ganz junge Dinger, die Eine hatte eine
1471 2189 3882 2332 Schachtel in der Hand, die Andere mit einem Sonnen-
1510 2271 3930 2496 schirm redete sehr geschwind und wich tig. Der hätte
1474 2478 3788 2669 er sagen können: "Erzählen Sie mir doch auch was,
1498 2617 3888 2799 Fräulein!" Aber das war doch zu frech. Nun kam eine
1483 2784 3815 2960 junge Person, die sehr langsam gieng und den Kopf
1498 2932 3854 3111 hin und herwiegte, ganz für sich, als interessirte
1501 3069 3912 3281 sieK die ganze Welt nicht im geringsten. Wie sie an
1971 3072 2253 3208 übrige
1510 3254 3906 3415 Gustav vorübergieng, schaute sie ihn an, hörte auf,
1477 3360 3882 3606 mit dem Kopf zu miegen und lächelte ganz deutlich,
1525 3566 3769 3760 als käme er ihr bekannt vor. Er stand auf, aber
2841 3645 3269 3775 sinder
1528 3675 3830 3894 nicht, will sie gelächelt - nein, weil sie in der
1534 3876 3733 4088 Gestalt und insbesondere jetzt, wie er sie von
1550 4015 3939 4252 rückwärts sah, eine so ausserordentliche Aehnlich-
1544 4173 3721 4379 keit mit seiner verstorbenen Frau hatte, dass
3136 4233 3818 4355 wardugleich
2132 4291 2599 4415 ocken war
1550 4288 3860 4515 beinah erschrak. Ja, selbst die Frisur -  auch
1556 4443 3954 4676 solch einen Hut musste seine Frau irgend einmal ge-
1568 4628 3876 4834 tragen haben: Und je weiter sie sich von ihm ent-
