<?xml version="1.0" encoding="UTF-8" standalone="yes"?>
<PcGts xmlns="http://schema.primaresearch.org/PAGE/gts/pagecontent/2013-07-15" xmlns:xsi="http://www.w3.org/2001/XMLSchema-instance" xsi:schemaLocation="http://schema.primaresearch.org/PAGE/gts/pagecontent/2013-07-15 http://schema.primaresearch.org/PAGE/gts/pagecontent/2013-07-15/pagecontent.xsd">
    <Metadata>
        <Creator>prov=READ-COOP:name=TrHtr:version=2.1.0:model_id=51170:date=14_08_2023_19:58</Creator>
        <Created>2023-05-10T14:45:55.543+02:00</Created>
        <LastChange>2023-08-14T19:58:34.442+02:00</LastChange>
        <TranskribusMetadata docId="1428673" pageId="55424788" pageNr="18" tsid="132823891" status="IN_PROGRESS" userId="64420" imgUrl="https://files.transkribus.eu/Get?id=LXWPZIFIHYUMKQIIZLEUHYHE&amp;fileType=view" xmlUrl="https://files.transkribus.eu/Get?id=QUEUNQXVFSHICACAXJPTRXMX" imageId="44698865"/>
    </Metadata>
    <Page imageFilename="1428673_0018.jpg" imageWidth="4168" imageHeight="5416">
        <ReadingOrder>
            <OrderedGroup id="ro_1711813853546" caption="Regions reading order">
                <RegionRefIndexed index="0" regionRef="tr_3"/>
                <RegionRefIndexed index="1" regionRef="tr_1"/>
                <RegionRefIndexed index="2" regionRef="tr_2"/>
            </OrderedGroup>
        </ReadingOrder>
        <TextRegion id="tr_3" custom="readingOrder {index:0;}">
            <Coords points="1313,236 3785,236 3785,1711 1313,1711"/>
            <TextLine id="tr_3_tl_1" custom="readingOrder {index:0;}">
                <Coords points="1913,337 1999,328 2082,346 2109,328 2250,358 2437,321 2434,230 2296,181 2235,196 2186,181 2134,217 2072,202 2020,227 1910,236"/>
                <Baseline points="1928,298 2018,298 2107,286 2197,298 2227,298 2251,298 2340,298 2430,304 2442,304"/>
                <TextEquiv>
                    <Unicode>1; ̃   =</Unicode>
                </TextEquiv>
            </TextLine>
            <TextLine id="tr_3_tl_2" custom="readingOrder {index:1;}">
                <Coords points="1852,707 1895,732 1953,716 1975,738 1999,716 2048,726 2066,713 2125,735 2232,729 2238,566 2094,585 2011,563 1996,545 1959,569 1861,536"/>
                <Baseline points="1869,698 1880,698 1970,698 2060,692 2149,686 2239,686"/>
                <TextEquiv>
                    <Unicode>- 26 -</Unicode>
                </TextEquiv>
            </TextLine>
            <TextLine id="tr_3_tl_3" custom="readingOrder {index:2;}">
                <Coords points="1295,1111 3612,1074 3618,934 3153,866 2801,995 2327,915 1534,1035 1301,973"/>
                <Baseline points="1313,1098 1385,1098 1474,1092 1564,1092 1654,1086 1743,1086 1833,1080 1922,1080 2012,1074 2101,1068 2191,1068 2281,1062 2370,1056 2460,1056 2549,1050 2639,1050 2728,1044 2818,1039 2908,1033 2997,1033 3087,1027 3176,1021 3266,1021 3355,1015 3445,1015 3535,1009 3624,1003"/>
                <TextEquiv>
                    <Unicode>darangehen, Pläne zu fassen. Er hatte die Empfin-</Unicode>
                </TextEquiv>
            </TextLine>
            <TextLine id="tr_3_tl_4" custom="readingOrder {index:3;}">
                <Coords points="1304,1304 3667,1228 3673,1096 1310,1169"/>
                <Baseline points="1325,1248 1349,1248 1439,1248 1528,1248 1618,1248 1707,1242 1797,1236 1886,1230 1976,1224 2066,1224 2155,1218 2245,1218 2334,1212 2424,1206 2513,1206 2603,1200 2693,1200 2782,1194 2872,1194 2961,1188 3051,1182 3140,1176 3230,1176 3320,1176 3409,1170 3499,1164 3588,1158 3678,1158"/>
                <TextEquiv>
                    <Unicode>dung, als wäre heute Nachmittag um sechs Uhr seine</Unicode>
                </TextEquiv>
            </TextLine>
            <TextLine id="tr_3_tl_5" custom="readingOrder {index:4;}">
                <Coords points="1313,1430 3471,1384 3704,1335 3710,1231 1316,1326"/>
                <Baseline points="1331,1391 1385,1397 1474,1397 1564,1397 1654,1391 1743,1391 1833,1385 1922,1379 2012,1379 2101,1379 2191,1373 2281,1367 2370,1367 2460,1361 2549,1355 2639,1355 2728,1349 2818,1343 2908,1343 2997,1337 3087,1331 3176,1331 3266,1325 3355,1319 3445,1319 3535,1319 3624,1313 3714,1307"/>
                <TextEquiv>
                    <Unicode>Trauerzeit zu Ende gewesen und er hatte nun auch an-</Unicode>
                </TextEquiv>
            </TextLine>
            <TextLine id="tr_3_tl_6" custom="readingOrder {index:5;}">
                <Coords points="1316,1601 3649,1531 3698,1375 1322,1466"/>
                <Baseline points="1337,1552 1373,1552 1462,1552 1552,1546 1642,1540 1731,1540 1821,1540 1910,1534 2000,1534 2089,1528 2179,1528 2269,1522 2358,1516 2448,1516 2537,1510 2627,1510 2716,1504 2806,1498 2896,1492 2985,1492 3075,1492 3164,1486 3254,1480 3343,1474 3433,1468 3523,1468 3612,1462 3702,1457"/>
                <TextEquiv>
                    <Unicode>dere Pflichten, andere Rechte als ein paar Stunden</Unicode>
                </TextEquiv>
            </TextLine>
            <TextLine id="tr_3_tl_7" custom="readingOrder {index:6;}">
                <Coords points="1316,1742 3318,1705 3775,1641 3781,1528 1322,1641"/>
                <Baseline points="1337,1701 1367,1701 1457,1701 1546,1701 1636,1701 1725,1695 1815,1695 1904,1689 1994,1683 2083,1683 2173,1677 2263,1671 2352,1666 2442,1666 2531,1660 2621,1660 2710,1660 2800,1654 2890,1654 2979,1648 3069,1642 3158,1642 3248,1630 3337,1630 3427,1624 3517,1618 3606,1618 3696,1612 3785,1606"/>
                <TextEquiv>
                    <Unicode>vorher. Dabei war er ganz ruhig, er hatte kaum einen</Unicode>
                </TextEquiv>
            </TextLine>
        </TextRegion>
        <TextRegion id="tr_1" custom="readingOrder {index:1;}">
            <Coords points="483,1717 3839,1717 3839,3562 483,3562"/>
            <TextLine id="tr_1_tl_1" custom="readingOrder {index:0;}">
                <Coords points="1332,1880 2951,1873 3606,1821 3612,1708 1886,1800 1705,1730 1335,1806"/>
                <Baseline points="1349,1863 1379,1863 1468,1863 1558,1857 1648,1851 1737,1851 1827,1845 1916,1839 2006,1839 2095,1833 2185,1833 2275,1827 2364,1821 2454,1821 2543,1815 2633,1815 2722,1809 2812,1809 2902,1803 2991,1797 3081,1797 3170,1791 3260,1785 3349,1785 3439,1779 3529,1773 3618,1767"/>
                <TextEquiv>
                    <Unicode>Wunsch, nur das Gefühl der Beruhigung, dass sein</Unicode>
                </TextEquiv>
            </TextLine>
            <TextLine id="tr_1_tl_2" custom="readingOrder {index:1;}">
                <Coords points="1338,2112 2614,1975 3557,1990 3612,1858 1347,1953"/>
                <Baseline points="1361,2006 1379,2012 1468,2012 1558,2012 1648,2006 1737,2006 1827,1994 1916,1994 2006,1988 2095,1988 2185,1988 2275,1982 2364,1976 2454,1976 2543,1970 2633,1964 2722,1964 2812,1958 2902,1958 2991,1952 3081,1946 3170,1946 3260,1940 3349,1940 3439,1934 3529,1928 3618,1916"/>
                <TextEquiv>
                    <Unicode>Wunsch kein Verbrechen mehr und die Erfüllung so</Unicode>
                </TextEquiv>
            </TextLine>
            <TextLine id="tr_1_tl_3" custom="readingOrder {index:2;}">
                <Coords points="1322,2210 1463,2183 1509,2226 1567,2241 1616,2213 1662,2222 1714,2177 1877,2186 1880,2106 1776,2079 1665,2128 1589,2085 1457,2125 1402,2103 1326,2115"/>
                <Baseline points="1343,2173 1349,2173 1439,2167 1528,2167 1618,2161 1707,2161 1797,2155 1886,2161"/>
                <TextEquiv>
                    <Unicode>leicht sei.</Unicode>
                </TextEquiv>
            </TextLine>
            <TextLine id="tr_1_tl_4" custom="readingOrder {index:3;}">
                <Coords points="1656,2357 3533,2287 3680,2256 3683,2161 1662,2216"/>
                <Baseline points="1677,2310 1713,2310 1803,2310 1892,2304 1982,2298 2072,2292 2161,2292 2251,2287 2340,2287 2430,2281 2519,2281 2609,2275 2699,2275 2788,2269 2878,2263 2967,2257 3057,2251 3146,2251 3236,2251 3326,2245 3415,2239 3505,2239 3594,2233 3684,2233"/>
                <TextEquiv>
                    <Unicode>Er sass schon lange Zeit auf der Bank, als</Unicode>
                </TextEquiv>
            </TextLine>
            <TextLine id="tr_1_tl_5" custom="readingOrder {index:4;}">
                <Coords points="1341,2522 3147,2412 3254,2473 3692,2418 3698,2308 1347,2418"/>
                <Baseline points="1361,2472 1373,2472 1462,2478 1552,2478 1642,2472 1731,2466 1821,2466 1910,2460 2000,2454 2089,2448 2179,2442 2269,2442 2358,2436 2448,2436 2537,2430 2627,2424 2716,2424 2806,2418 2896,2418 2985,2412 3075,2406 3164,2406 3254,2400 3343,2394 3433,2394 3523,2388 3612,2388 3702,2382"/>
                <TextEquiv>
                    <Unicode>er ein junges Paar neben sich erblickte, das eben</Unicode>
                </TextEquiv>
            </TextLine>
            <TextLine id="tr_1_tl_6" custom="readingOrder {index:5;}">
                <Coords points="1356,2639 3747,2581 3750,2467 1359,2547"/>
                <Baseline points="1373,2627 1427,2633 1516,2627 1606,2621 1695,2621 1785,2615 1874,2609 1964,2609 2054,2603 2143,2603 2233,2597 2322,2591 2412,2591 2501,2585 2591,2585 2681,2579 2770,2573 2860,2573 2949,2567 3039,2567 3128,2561 3218,2561 3308,2555 3397,2549 3487,2543 3576,2543 3666,2537 3755,2531"/>
                <TextEquiv>
                    <Unicode>erst gekommen sein musste. Die Beiden sprachen lei-</Unicode>
                </TextEquiv>
            </TextLine>
            <TextLine id="tr_1_tl_7" custom="readingOrder {index:6;}">
                <Coords points="759,2721 799,2725 817,2715 836,2725 860,2712 866,2725 921,2697 955,2703 980,2559 949,2559 924,2541 842,2578 827,2553 790,2538"/>
                <Baseline points="782,2681 794,2681 883,2657 973,2651"/>
                <TextEquiv>
                    <Unicode>deur</Unicode>
                </TextEquiv>
            </TextLine>
            <TextLine id="tr_1_tl_8" custom="readingOrder {index:7;}">
                <Coords points="1368,2813 3695,2777 3701,2636 1371,2728"/>
                <Baseline points="1385,2776 1462,2782 1552,2776 1642,2776 1731,2770 1821,2758 1910,2758 2000,2758 2089,2752 2179,2746 2269,2740 2358,2740 2448,2740 2537,2740 2627,2734 2716,2728 2806,2722 2896,2716 2985,2716 3075,2716 3164,2710 3254,2705 3343,2705 3433,2699 3523,2693 3612,2693 3702,2693"/>
                <TextEquiv>
                    <Unicode>se, aber er konnte doch mancherlei verstehen; es</Unicode>
                </TextEquiv>
            </TextLine>
            <TextLine id="tr_1_tl_9" custom="readingOrder {index:8;}">
                <Coords points="456,2911 487,2917 505,2905 527,2927 548,2920 566,2942 591,2948 646,2728 624,2725 606,2737 600,2728 582,2734 560,2728 530,2743 502,2737"/>
                <Baseline points="483,2878 537,2860 626,2842"/>
                <TextEquiv>
                    <Unicode>Cere</Unicode>
                </TextEquiv>
            </TextLine>
            <TextLine id="tr_1_tl_10" custom="readingOrder {index:9;}">
                <Coords points="1371,2960 3759,2871 3787,2758 1375,2875"/>
                <Baseline points="1391,2931 1462,2931 1552,2931 1642,2925 1731,2919 1821,2919 1910,2919 2000,2914 2089,2908 2179,2902 2269,2896 2358,2890 2448,2890 2537,2884 2627,2878 2716,2878 2806,2872 2896,2872 2985,2866 3075,2866 3164,2860 3254,2860 3343,2854 3433,2848 3523,2848 3612,2842 3702,2842 3791,2842"/>
                <TextEquiv>
                    <Unicode>schien sich um ein Wiedersehen für den nächsten Tag</Unicode>
                </TextEquiv>
            </TextLine>
            <TextLine id="tr_1_tl_11" custom="readingOrder {index:10;}">
                <Coords points="2327,2994 2369,3009 2489,2972 2627,2982 2663,2963 2694,2982 2832,2948 2868,2976 3003,2951 3009,2875 2832,2914 2770,2893 2590,2917 2559,2896 2431,2914 2391,2945 2333,2917"/>
                <Baseline points="2346,2973 2382,2973 2472,2973 2561,2961 2651,2955 2740,2949 2830,2943 2919,2937 3009,2925"/>
                <TextEquiv>
                    <Unicode>besaun et sût</Unicode>
                </TextEquiv>
            </TextLine>
            <TextLine id="tr_1_tl_12" custom="readingOrder {index:11;}">
                <Coords points="1384,3119 3092,3073 3732,3018 3765,2933 2186,3012 1880,2927 1748,3021 1387,3037"/>
                <Baseline points="1403,3087 1439,3087 1528,3087 1618,3081 1707,3081 1797,3075 1886,3069 1976,3063 2066,3057 2155,3051 2245,3045 2334,3045 2424,3045 2513,3039 2603,3039 2693,3039 2782,3033 2872,3027 2961,3027 3051,3021 3140,3015 3230,3009 3320,3003 3409,3003 3499,2997 3588,2991 3678,2991 3767,2991"/>
                <TextEquiv>
                    <Unicode>zu handeln. Jetzt fiel ihm ein, dass es auch noth-</Unicode>
                </TextEquiv>
            </TextLine>
            <TextLine id="tr_1_tl_13" custom="readingOrder {index:12;}">
                <Coords points="1371,3282 3759,3181 3814,3070 1378,3175"/>
                <Baseline points="1391,3242 1397,3242 1486,3242 1576,3242 1666,3236 1755,3236 1845,3230 1934,3224 2024,3218 2113,3212 2203,3212 2292,3206 2382,3200 2472,3200 2561,3194 2651,3194 2740,3188 2830,3182 2919,3182 3009,3176 3099,3170 3188,3170 3278,3164 3367,3158 3457,3158 3546,3158 3636,3152 3726,3146 3815,3146"/>
                <TextEquiv>
                    <Unicode>wendig sein werde, an das Wesen, dem er sich nähern</Unicode>
                </TextEquiv>
            </TextLine>
            <TextLine id="tr_1_tl_14" custom="readingOrder {index:13;}">
                <Coords points="1393,3429 3833,3343 3836,3242 1396,3334"/>
                <Baseline points="1409,3397 1421,3397 1510,3397 1600,3397 1689,3391 1779,3385 1869,3379 1958,3373 2048,3373 2137,3367 2227,3361 2316,3361 2406,3355 2496,3349 2585,3349 2675,3349 2764,3343 2854,3337 2943,3332 3033,3332 3123,3326 3212,3326 3302,3320 3391,3314 3481,3314 3570,3308 3660,3302 3749,3296 3839,3284"/>
                <TextEquiv>
                    <Unicode>wollte, Worte zu richten, und das schien ihm in die-</Unicode>
                </TextEquiv>
            </TextLine>
            <TextLine id="tr_1_tl_15" custom="readingOrder {index:14;}">
                <Coords points="1390,3615 3328,3539 3732,3468 3735,3380 1396,3481"/>
                <Baseline points="1409,3552 1498,3552 1588,3552 1677,3546 1767,3541 1857,3535 1946,3529 2036,3523 2125,3523 2215,3511 2304,3517 2394,3511 2484,3505 2573,3505 2663,3499 2752,3499 2842,3493 2931,3487 3021,3481 3111,3481 3200,3475 3290,3469 3379,3469 3469,3469 3558,3463 3648,3457 3738,3451"/>
                <TextEquiv>
                    <Unicode>sem Augenblick so schwer, dass ihm eine Röthe der</Unicode>
                </TextEquiv>
            </TextLine>
        </TextRegion>
        <TextRegion id="tr_2" custom="readingOrder {index:2;}">
            <Coords points="1409,3556 3851,3556 3851,4954 1409,4954"/>
            <TextLine id="tr_2_tl_1" custom="readingOrder {index:0;}">
                <Coords points="1393,3716 3389,3677 3735,3631 3741,3527 1396,3631"/>
                <Baseline points="1409,3714 1415,3714 1504,3708 1594,3702 1683,3696 1773,3696 1863,3684 1952,3684 2042,3678 2131,3678 2221,3672 2310,3666 2400,3666 2490,3660 2579,3660 2669,3660 2758,3654 2848,3648 2937,3642 3027,3636 3117,3636 3206,3630 3296,3630 3385,3624 3475,3624 3564,3618 3654,3612 3744,3606"/>
                <TextEquiv>
                    <Unicode>Angst ins Gesicht stieg. Er überlegte, wie er mit</Unicode>
                </TextEquiv>
            </TextLine>
            <TextLine id="tr_2_tl_2" custom="readingOrder {index:1;}">
                <Coords points="1396,3882 3716,3827 3836,3808 3842,3695 2963,3655 2440,3771 1402,3781"/>
                <Baseline points="1415,3863 1427,3869 1516,3863 1606,3857 1695,3857 1785,3851 1874,3845 1964,3839 2054,3833 2143,3827 2233,3827 2322,3827 2412,3821 2501,3815 2591,3809 2681,3809 2770,3803 2860,3803 2949,3803 3039,3797 3128,3791 3218,3785 3308,3779 3397,3779 3487,3779 3576,3773 3666,3767 3755,3767 3845,3767"/>
                <TextEquiv>
                    <Unicode>irgend einer Frau ein Gespräch beginnen sollte, und</Unicode>
                </TextEquiv>
            </TextLine>
            <TextLine id="tr_2_tl_3" custom="readingOrder {index:2;}">
                <Coords points="1402,4038 3533,4004 3655,3955 3661,3851 1408,3940"/>
                <Baseline points="1421,4018 1427,4018 1516,4012 1606,4012 1695,4012 1785,4006 1874,4000 1964,3994 2054,3994 2143,3988 2233,3982 2322,3976 2412,3976 2501,3970 2591,3970 2681,3964 2770,3958 2860,3953 2949,3953 3039,3947 3128,3947 3218,3947 3308,3941 3397,3935 3487,3929 3576,3923 3666,3923"/>
                <TextEquiv>
                    <Unicode>es fiel ihm durchaus nichts ein. Er betrachtete</Unicode>
                </TextEquiv>
            </TextLine>
            <TextLine id="tr_2_tl_4" custom="readingOrder {index:3;}">
                <Coords points="1433,4191 1632,4261 2311,4154 3701,4169 3741,4016 1436,4117"/>
                <Baseline points="1451,4173 1504,4173 1594,4167 1683,4167 1773,4162 1863,4162 1952,4156 2042,4150 2131,4138 2221,4138 2310,4138 2400,4138 2490,4126 2579,4126 2669,4120 2758,4114 2848,4114 2937,4114 3027,4108 3117,4102 3206,4096 3296,4090 3385,4090 3475,4090 3564,4090 3654,4078 3744,4072"/>
                <TextEquiv>
                    <Unicode>vorübergehende Frauen und dachte sich aus, was er</Unicode>
                </TextEquiv>
            </TextLine>
            <TextLine id="tr_2_tl_5" custom="readingOrder {index:4;}">
                <Coords points="1420,4381 3738,4270 3744,4163 1427,4261"/>
                <Baseline points="1439,4335 1510,4329 1600,4323 1689,4323 1779,4317 1869,4311 1958,4311 2048,4305 2137,4305 2227,4293 2316,4293 2406,4287 2496,4287 2585,4281 2675,4275 2764,4269 2854,4269 2943,4263 3033,4263 3123,4257 3212,4257 3302,4251 3391,4245 3481,4245 3570,4239 3660,4233 3749,4233"/>
                <TextEquiv>
                    <Unicode>zu jeder einzelnen sagen würde. Es kam ein junges</Unicode>
                </TextEquiv>
            </TextLine>
            <TextLine id="tr_2_tl_6" custom="readingOrder {index:5;}">
                <Coords points="1414,4528 3490,4466 3799,4405 3805,4295 2376,4408 1420,4381"/>
                <Baseline points="1433,4484 1480,4484 1570,4478 1660,4478 1749,4472 1839,4466 1928,4466 2018,4460 2107,4454 2197,4454 2287,4448 2376,4448 2466,4442 2555,4436 2645,4436 2734,4424 2824,4424 2914,4424 3003,4418 3093,4418 3182,4412 3272,4406 3361,4400 3451,4400 3541,4394 3630,4388 3720,4382 3809,4382"/>
                <TextEquiv>
                    <Unicode>Mädchen vorüber mit einem kleinen Jungen. Da würde</Unicode>
                </TextEquiv>
            </TextLine>
            <TextLine id="tr_2_tl_7" custom="readingOrder {index:6;}">
                <Coords points="1433,4653 3254,4574 3404,4635 3796,4577 3827,4485 1436,4586"/>
                <Baseline points="1451,4633 1498,4639 1588,4639 1677,4633 1767,4627 1857,4627 1946,4621 2036,4615 2125,4615 2215,4609 2304,4603 2394,4597 2484,4597 2573,4591 2663,4591 2752,4585 2842,4580 2931,4580 3021,4574 3111,4568 3200,4562 3290,4562 3379,4556 3469,4556 3558,4550 3648,4544 3738,4544 3827,4538"/>
                <TextEquiv>
                    <Unicode>er sagen: "Guten Abend, Fräulein. Das ist aber ein</Unicode>
                </TextEquiv>
            </TextLine>
            <TextLine id="tr_2_tl_8" custom="readingOrder {index:7;}">
                <Coords points="1442,4843 3401,4788 3842,4724 3845,4629 3037,4604 2388,4699 2155,4632 1448,4745"/>
                <Baseline points="1462,4794 1522,4794 1612,4789 1701,4789 1791,4783 1880,4783 1970,4771 2060,4771 2149,4765 2239,4759 2328,4759 2418,4753 2507,4753 2597,4747 2687,4741 2776,4735 2866,4729 2955,4729 3045,4723 3134,4723 3224,4711 3314,4711 3403,4711 3493,4711 3582,4705 3672,4699 3761,4693 3851,4687"/>
                <TextEquiv>
                    <Unicode>reizender Bub! Gewiss der Herr Bruder?“ Dabei muss-</Unicode>
                </TextEquiv>
            </TextLine>
            <TextLine id="tr_2_tl_9" custom="readingOrder {index:8;}">
                <Coords points="1442,5039 2302,4913 3606,4889 3732,4782 1451,4846"/>
                <Baseline points="1462,4944 1498,4938 1588,4938 1677,4932 1767,4932 1857,4926 1946,4926 2036,4920 2125,4920 2215,4914 2304,4908 2394,4902 2484,4902 2573,4896 2663,4890 2752,4890 2842,4884 2931,4878 3021,4872 3111,4866 3200,4866 3290,4860 3379,4854 3469,4854 3558,4848 3648,4842 3738,4836"/>
                <TextEquiv>
                    <Unicode>te er selbst lachen, denn das war zweifellos ein</Unicode>
                </TextEquiv>
            </TextLine>
        </TextRegion>
    </Page>
</PcGts>
