4264 5368
2084 414 2396 686 28 -
1827 646 1997 841 V
1301 801 3679 1020 Recht gab und von der er sich befreien müsste. Wer
1317 909 3747 1199 war denn diese Person? - Eine Frau vie viele andere,
1326 1119 3716 1326 die ihn gar nichts angieng; die Geliebte eines jun-
1329 1271 3737 1484 gen Manns, der jetzt mit seinen Eltern auf dem Land
1345 1385 3737 1635 war, und vorher wol die Geliebte von zehn oder hun-
1917 1533 3082 1685 And that - Is half with
1345 1552 3697 1784 dert Andern. Aber durch ihr Kleid strömte dieselbe
1351 1709 3833 1917 Wärme zu ihm herüber wie von seiner gestorbenen Frau.
1363 1898 3641 2105 Sie hatte den gleichen Gang, dein gleichen Nacken
1366 2009 3728 2266 und ein sonderbares Zucken um die Lippen, ganz wie
1369 2198 3778 2417 sie Er drängte sich näher an sie. Von ihren Haaren
1369 2356 3691 2547 kam ein Duft, den er begierig einathmete. Es ver-
1388 2510 3691 2696 langte ihn, ihren Hals zu küssen, er that es, sie
1391 2628 3703 2853 liess es geschehen. Jetzt sagte sie irgend etwas,
1410 2791 3614 3014 so leise, dass er es nicht verstand. Er fregte,
1413 2909 3577 3172 die Lippen noch an ihrem Hals: "Was, Therese?“
1722 3128 3648 3329 "Ich muss nach Hause gehen, es wird spät."
1725 3301 3073 3481 "Was haben Sie denn zu thun?"
1734 3403 3638 3641 "Ah, nicht deswegen", antwortete sie und
1428 3533 3787 3793 stand plötzlich auf. Jetzt war sie wieder vollkom-
1431 3747 3778 3957 man eine Andere. Er bekam eine wahre Lust, ihr zu
1447 3836 3815 4108 drohen, wie Jemandem, der sich etwas anmaasst, das
1462 4006 3740 4269 ihm nicht zukommt. Es war ihm, als hätte er Eine
1475 4164 3873 4411 zu vertheidigen, die selbst nicht mehr dazu imstan-
1478 4294 3923 4594 de wäre. Er stand auf, griff nach ihrer Hand, drück-
507 4461 1274 4702 + wollte ihr noch
1481 4488 3880 4764 te ihr Handgelenkt Aber da schand sein Zorn wieder,
594 4625 989 4807 Ain
