4312 5416
2169 600 2433 757 18 -
1501 935 3959 1200 fernte, umso eher hätte er sich einbilden können.
2009 1074 2652 1218 die Geslorten
1507 1132 3861 1369 dass es war. Er fürchtete sich davor, dass sie
1532 1240 3827 1489 sich wieder umwenden könnte, denn die Züge selbst
468 1277 824 1550 wollte
1520 1418 3858 1652 hatten keine Spur von Aehnlichkeit; nur der Gang.
914 1301 1274 1640 H. Zsch.
1332 1363 1492 1618 Dein
246 1489 831 1670 nach erwehren
1547 1581 3399 1793 die Gestalt die Haartrachte des Haten X
449 1606 751 1778 francs
234 1587 1418 1975 Ihr hoffen sich sie sel
2486 1732 2658 1815 o
1849 1726 3938 1926 Er folgte ihr. Was konnte sie sein? Er hatte
1541 1867 3839 2110 nicht genug Erfahrung, um das genau abzuschätzen.
1067 1901 1326 2086 fer pieds
674 1797 944 2150 2/2
3307 1969 3725 2101 geligen
203 1923 480 2101 diret
1538 2033 3919 2267 In ihrem Lächeln war nichts Gemeines gewesen, kaum
677 2040 1424 2347 sonders erscheiden
286 2080 517 2390 at
1554 2175 3956 2350 dass es sehr ermuthigend gewesen wäre. Sie war etwa
1566 2341 3882 2587 zehn Schritte vor ihm; er hielt sich immer in der
255 2264 597 2603 König
1544 2501 3996 2722 gleichen Entfernung. Immer wenn sie an einer Laterne
1578 2639 3888 2864 vorübergieng, konnte er die Umrisse ihrer Gestalt
1560 2790 3925 3018 am deutlichsten wahrnehmen, immer wieder von neuem
1578 2922 3959 3132 glaubte er ###den Gang seiner verstorbenen Frau vor
1572 3076 4042 3295 sich hinschweben zu sehen, und wie mit einer Lust am
1572 3267 4021 3455 Wahnsinn versuchte er sich zu überreden, dass sie es
1587 3418 3996 3655 wirklich wäre. Er sagte sich: jetzt, in dieser Ent-
1581 3605 3910 3802 fernung, wenn ich diese Gestalt... diesen Gang...
1593 3682 3978 3962 diese Haartracht sehe - ist sie es; wenn es Wunder
1603 3898 3876 4131 gäbe und ich bekäme irgend etwas von ihr wieder,
1603 4018 3808 4282 nur ihre Gestalt, nur iuren Gang - wäre ich da
1597 4168 4021 4384 nicht glücklich?.. Sie schien nicht zu ahnen, dass
1609 4338 3922 4590 ihr irgendwer folgte, schritt unbekümmert weiter.
1609 4510 3931 4722 Der Weg führte sie am Stadtpark vorbei, sie hielt
1618 4648 4027 4857 sich ganz nah am Gitter und glitt mit ihren Fingern
1643 4771 4033 5027 über die Stäbe hin. Gustav zuckte zusammen. Er er¬
