4296 5432
2135 542 2427 695 33 -
1713 707 3103 958 Er wachte gah auf:
1631 841 3734 1085 Es war ihm nachher, als wenn er erwachte. Er
1320 1025 3661 1250 hatte die Arme unter seinen Kpf gekreuzt, wie oft
1332 1142 3823 1386 des Nachts, aber er sah eine andere Decke über sich.
1332 1323 3848 1596 Und hier, ober ihm, die Madame mit dem Jesukind, und
1345 1472 3880 1742 neben ihm lag eine fremde Frau mit schwergeschlossenen
1345 1659 3813 1865 Augen und einem Lächeln um den Mund, und vor wanigen
1361 1808 3807 2024 Augenblicken hatte er Therese in den Armen gehalten,
1351 1973 3658 2192 seine verstorbene Frau. Er hatte jetzt nur einen
1364 2116 3785 2344 Wunsch: die da möge ruhig liegen bleiben, die Augen
1364 2278 3820 2522 nicht öffnen, ihre Lippen nicht bewegen, bis er auf-
1364 2436 3915 2681 gestanden war und sich entfernt hätte. Er wusste, wenn
1377 2582 3829 2801 sie von Neuem begänne, so zu blicken, so Zu lächeln,
1402 2741 3804 2950 so zu seufzen und insbesondere so mit den Lippen zu
1390 2887 3845 3100 zucken, wie die, welche jetzt tot war - er konnte es
1396 3065 3848 3268 nicht ertragen, er durfte es nicht dulden. Es war zu
1405 3198 3810 3404 infam, was dieses Weib gewagt hatte. Er betrachtete
1415 3363 3772 3541 sie mit einem wüthenden Blick. War es nur möglich,
1412 3490 3820 3731 dass dieses erbärmliche Weib, das hundert Liebhaber
1424 3645 3782 3918 gehabt Mit jeder Miene, mit jeder Bewegung,
1437 3797 3921 4032 während sie ihm die höchste Wonne gab, die arme Tote,
2954 3915 3280 4048 geath
1440 3943 3940 4191 die jetzt verweste, geradezu nachaffte? Und er lag da
1440 4131 3797 4334 neben ihr.... Er schüttelte sich. Er erhob sich
1456 4245 3788 4483 rasch, aber geräuschlos. Sie regte sich nicht. Er
2132 4432 2398 4537 eche
1456 4388 3924 4654 kleidete sich r###h an Dann stand er vor ihr, neben
1463 4591 3959 4787 dem Bett. Sein Blick verfolgte die Lienien ihres Hal-
1466 4749 3855 5032 ses. Es war ihm jetzt, als hätte dieses Weib einen
