4232 5384
1710 191 1892 376 V. P.
2110 194 2322 376 1/11 „ 1
2149 506 2334 667 21
1488 846 3874 1049 te Berührung erfüllte ihn mit einem so hohen Glück,
1488 1052 3856 1222 wie er es nie in der leidenschaftlichsten Umarmung
1494 1209 3801 1337 empfunden. Plötzlich war sie fort, und er sah sie
1488 1325 3801 1485 am Ende der Wiese längs des Waldrandes hinlaufen,
1491 1488 3844 1719 die Arme in die Luft gestreckt, so wie er in einer
1494 1664 3832 1807 illustrirten Zeitung Tagsvorher ein Balletmädchen
1494 1798 3922 1964 gesehen, das sich vor den Flammen retten wollte. In
1494 1952 3922 2104 diesem Augenblick empfand er mit einer Deutlichkeit
1507 2113 3750 2261 wie nur der Traum sie giebt, dass es vollkommen
1504 2255 3835 2434 unmöglich für ihn wäre, den Verlust zu überleben,
1513 2398 3868 2570 und doch blieb er im Grase liegen und that nichts,
1513 2586 3871 2743 als dass er fürchterlich schrie. Darüber wachte er
1519 2698 3935 2880 auf und hörte sich selbst jammern. Durch das offnen
1516 2868 3935 3031 Fenster klangen die ersten unentwirrbaren Laute der
1522 3016 3956 3171 Frühe, den 11 ich hörte er nur das Gezwitscher der er¬
1528 3168 3868 3328 wachenden Vögel aus dem Stadtpark. Niemals früher
1531 3346 3953 3519 hatte ihn seine Einsamkeit mit einem solchen Grauen
1534 3492 3950 3665 erfüllt wie heute. Was er für die Frau empfand, die
1546 3619 3944 3804 eben im Gras neben ihm geruht und deren lebenswarme
1549 3786 3916 3962 Wange er an der seinen ruhen gefühlt, erfüllte ihn
1546 3944 3919 4144 mit einer Sehnsucht nach ihr, die so ungeheuer und
1552 4107 3844 4283 schmerzensvoll war, dass er lieber daran sterben
1537 4259 3835 4456 wollte, als sie weiter erdulden. Er liebte diese
1546 4429 3928 4608 Tote, wie man nur Lebendige lieben darf, mit einer
1558 4580 3968 4756 verzehrenden Sehnsucht nach ihrem Besitz, er fühlte
1564 4692 3995 4962 sich wieder von dem Duft ihres Leibs umhüllt, er be-
