4248 5416
2158 167 2520 365 Votre très de l'imprèsse.
2003 474 2310 657 is -
167 693 1094 1037 Als wären sie alle
1353 742 3624 1061 an ihm vorüberschwebte, flossen ihm langsam, als
1362 942 3551 1183 schämten sie sich ihrer Spärlichkeit und Ihrer
182 945 772 1262 für ihn Sver
1362 1094 3630 1341 Verspätung, die Thränen über die Vengen. Gleich
1362 1271 3718 1505 war ihm, als hätte er eine Schuld getilgt;
1386 1414 3776 1629 er gieng rascher und spürte etwas von Fröhlichkeit,
1377 1553 3785 1821 daer so dahinschritt. Mit einer plötzlichen Klar-
1386 1696 3809 1940 heit wusste er heute, dass er wieder glücklich sein
1404 1882 3630 2098 wollte,und xxxx, dass er es sein durfte.
3028 1994 3906 2122 leesez le onné
1404 2082 3712 2274 Ja, es überfloss ihn mit einen Schauer von Glück,
1423 2189 3636 2429 dass ihm so viel zur Verfügung stehe; er dachte
1417 2335 3751 2578 an die Hunderte von schönen Weibern, die sich ihm
1426 2481 3794 2718 nicht verweigern würden, wenn er wollte; jedes Lä-
1444 2614 3836 2891 cheln, das ihm zu gelten schien, jede zufällige Be-
1447 2833 3891 3076 rührung trieb ihm fliegende Schauer durch den ganzen
1438 3016 3782 3195 Leib. Er freute sich auf irgend etwas, das ihm in
1447 3174 3803 3377 der nächsten Zeit bevorstand, das er haben konnte,
1462 3304 3821 3475 wann er wollte - in einer Woche, oder morgen oder
1462 3387 3867 3648 heut, in einer Viertelstunde, wenn es ihm beliebte,
1477 3548 3797 3815 und das Ungewisse innerhalb dieser Gewissheit war
1493 3715 3846 3955 ein Reiz mehr. Er setzte sich auf eine Bank in der
1484 3888 3840 4147 Nähe des Volksgartens, Aus dem Garten tönte Musik,
1508 3995 3940 4274 und in ihrem Klang schienen die Leute, die an Gustav
1508 4195 3870 4435 vorübergiengen, sich zu wiegen. Er nahm den Hut ab
1523 4317 3882 4587 und legte ihn auf die Kniee, und ihm war, als wenn
1508 4438 3925 4739 er damit einen schweren Eisenring von seiner Stirne
1532 4606 3934 4973 entfernt hätte. Und jetzt schien ihm, als dürfte er
