4296 5416
1954 255 2137 463 G.C.H.F.
3047 224 3572 450 1 1 7 7 4 7
3715 242 3945 426 1 ̃
2106 547 2367 792 20
3696 764 3867 985 Votre
1441 975 3805 1124 unten. Er eilte davon, er wollte nicht von ihr be-
1438 1090 3842 1305 merkt sein. Und wie er sich, durch die Strassen ei-
1451 1289 3681 1438 lend, ihrer erinnerte, war es nicht irgend eine
1469 1451 3842 1594 Fremde, die er heut zum ersten Male gesehen - nein,
1957 1541 2842 1674 séme lodle à
1460 1581 3765 1805 es war seine Frau die in jener Strasse, die Ell-
1460 1746 3867 1920 bogen auf das Fensterbrett gestützt, herunterschau-
1488 1879 3917 2056 te. Er vermochte es gar nicht, sich dort eine Andere
1494 2053 3712 2221 zu denken, und wieder war ihm, als wüsste diese
1488 2193 3858 2355 Fremde selbst davon, was in ihm vorgienge. Er ver-
1500 2348 3951 2544 wandte grosse Mühe darauf, das Alles aus seinen
1485 2448 3889 2674 Sinnen zu jagen, xxxer es war ganz vergeblich. End-
1497 2650 3948 2895 lich xxx er sich in ein Wirthshaus, aas und trank
1516 2814 3765 2976 Die Schwüle war ausserordentlich. Nachdem Gustav
1528 2929 3827 3209 mehr getrunken hatte verloren jene Vorstellungen
1525 3081 3855 3299 ihr Quälendes, ja sie traten beinahe tröstend her-
1544 3206 3830 3507 vor. Es war plötzlich xxxn wesen da, in ganz be¬
1538 3349 3936 3603 stimmtes Wesen, das für ihn Irgend etwas bedeutete,
1609 3504 3898 3811 es war aina Frau, es war beinah seine Frau.
1550 3687 3923 3951 sie dachte an ihn, oder ihm war, als dächte sie an
3209 3886 3914 4069 der Todter.
1544 3933 1805 4159 ihm.
1885 4023 3995 4193 Er träumte diese Nacht von seiner toten Frau,
1553 4169 3889 4430 Er sah sich mit ihr in der Waldgegend, wo sie den
2665 4293 3025 4411 hatten
1575 4330 3936 4551 letzten Sommer verbrachten; sie lagen zusammen auf
1590 4513 3982 4675 einer sehr weiten, lichtgrünen Wiese, nur ihre Wan-
1578 4672 4069 4855 gen lehnten und glühten aneinander; aber diese leich-
