4280 5416
2221 199 3252 426 1. ̃    «   =  v:
1941 199 2159 382 " " "
2066 506 2398 652 14 —
1420 789 3805 1059 Blicke vorübergehender Mädchen dem seinen begegne-
1448 997 3762 1202 ten. Manche sah ihn auch länger an, wandte selbst
1444 1177 3805 1376 leicht den Kopf nach ihm um, und ihm schien in al-
270 1152 1044 1479 wanche to
1454 1289 3790 1510 len diesen Blicken eine Wärme, die er lange nicht
1003 1261 1264 1575 City.
3535 1354 3889 1550 gehabt
1463 1429 3901 1665 gefühlt und nach der er eine grosse Sehnsucht hatte.
317 1475 550 1746 pe
1466 1618 3880 1814 Weiter giengen seine Wünsche nicht. Er dachte nicht
1475 1752 3765 1966 daran, eine Bekanntschaft anzuknüpfen oder eines
1482 1938 3805 2156 dieser Wesen in die Arme zu schliessen: er freute
255 2000 481 2218 des
1497 2106 3386 2299 sich nur ihres Daseins und ihrer Blicke.
1823 2215 3846 2445 Noch mehrere Tage vergiengen in dieser bei-
261 2289 475 2516 the
1500 2417 3911 2572 nah traumhaften Weise, dass er vormittags im Bureau
1503 2516 3901 2706 von Wäldern und Wiesen und hübschen Frauen träumte,
1510 2706 3864 2879 nachmittags halbschlummernd auf seinem Bett lag,
1503 2848 3867 3032 abends spazieren gieng, und ziemlich früh in einem
1525 3032 3883 3193 Wirthshaus, meist im Freien, an einem Tisch hinter
1516 3184 2808 3355 einem Stacket zu Abend ass.
1848 3280 3929 3488 Als er wieder einmal von seinem Nachmittags-
1531 3420 3905 3650 schlummer erwachte und mitten im Zimmer stand, er-
1538 3634 3768 3811 schien ihn mit einem Mal das ganze Leben dieser
1544 3752 3796 3979 letzten Tage unverständlich. Am seltsamsten von
1547 3929 3979 4125 Allem erschien ihm, dass er nun ganze Tage kum sei-
1979 4063 2544 4206 nicht mehr
1544 4060 3883 4349 ner Frau gedacht, gewes nicht mit vahrem Schmerz
264 4026 1441 4355 sind er hafte ein druckendes
1569 4224 3861 4426 sich ihrer erinnert, und er bekam plötzlich eine
273 4218 1541 4635 Gefühl der Schuld, und er hat
1578 4383 3814 4603 grosse Sohnsucht zu weinen, als Könnte er damit
345 4482 1416 4746 hier ungebener
1553 4538 4023 4728 sein Unrecht wieder gut machen; Aber er hatte keine
2187 4712 2342 4805 auch
1566 4669 4060 4992 Ihren ###at auf der Strasse, als der Zug der Frauen
311 4672 1444 5035 mit heißen Gränen in Dank
357 4927 705 5175 August
