4312 5416
1476 779 3833 1031 sie schwand dahin. Er begriff es gar nicht recht.
1498 985 3830 1261 Erst in den letzten Tagen begann er zu verstehen,
1504 1178 3876 1350 was ihm bevorstand; da blieb er zuhause und rührte
1510 1301 3833 1537 sich von ihrem Bett nicht mehr weg. Eine unge-
1519 1458 3805 1676 heure Angst kam über ihn. Er liess zwei berühmte
1531 1614 3946 1817 Aerzte rufen; sie konnten nichts thun, als ihn vor-
1252 1583 1479 1804 Nrot
1537 1749 3784 1976 bereiten, dass es bald zu Ende sein werde. Erst
1534 1933 3999 2099 in der letzten Nacht fühlte Therese selbst, dass sie
1553 2090 4011 2256 verloren sei, und nahm Abschied von ihm. Diese Nacht
1553 2222 3971 2421 vergieng, dann kam noch ein endloser Tag, an dem es
2667 2345 3038 2458 Reisend
1553 2403 3999 2578 regnete, Gustav sass an ihrem Bett und sah sie ster-
1565 2550 4002 2734 ben. Es war um die Stunde, da die Nacht hereinbrach.-
3492 2630 3965 2768 gekommen.
2170 2679 2391 2774 war
1890 2697 3910 2869 Dann kam der fürchterliche Winter, der ihm
267 2799 1485 3060 & bein wehuder erster
1559 2860 3882 3020 jetzt noch in der Erinnerung erschien wine lange,
350 2928 1221 3142 Frühlingesiedl
1577 2964 3928 3176 schwere, dumpfe Nacht. Auch seine Berufspflichten
1574 3149 4045 3360 hatte er wie in einem Halbschlaf erfüllt, aus dem er
2618 3287 2857 3382 Aber
1583 3305 4032 3486 nun allmälig erwachte. Mit jedem dieser Frühlingsta-
1580 3501 4011 3679 ge schien er sich selbst mehr zur Besinnung zu kom-
1590 3587 3980 3827 men. Sein Schmerz, der ihn wie ein grimmiger Feind
1596 3738 4023 3953 umfangen gehalten, liess ihn allmälig los und gieng
1596 3919 4008 4140 nur mehr an seiner Seite einher. Gustav atmete wie.
1580 4042 3943 4290 auf; er fühlte, dass er wieder im Leben war.
1611 4210 4057 4434 Abends gieng er spazieren. Er machte lange Wege, wie
1608 4379 3949 4576 er sie vor Jahren gern zurückzulegen pflegte, an-
1608 4548 3999 4744 fangs nur in den Strassen der Stadt, dann, als die
