4216 5368
3324 177 3641 397 1: 1 f
2970 684 3204 898 bei.
1362 844 3675 985 Abend im Kreise der Bursaukollegen, wo er selten
1362 961 3758 1141 fehlte. In seinem dreiundzwanzigsten Jahre verwirr-
1365 1125 3761 1295 te sich die Ruhe seines Lebens auf kurze Zeit [Eine
1365 1302 3705 1492 junge Frau, die er auf einem Vergnügungsabend des
544 1272 1165 1585 Cahant &
1375 1455 3771 1592 Gesangvereins kennen gelernt, wurde seine Geliebte,
1435 1585 1839 1695 i durch
304 1509 1151 1979 Gefertigt; -49
1385 1632 4065 1812 Ar erhebte manche Leiden der Eifersucht und einen heftigen
541 1746 1191 2023 Clerure, ny
1362 1796 3738 1916 tiefen Schmerz, als sie mit ihrem Gatten Wien ver-
1118 1816 3701 2196 Dort liess. Bald aber war er froh, dass jene Zeit der
144 1952 464 2163 noch
1385 2069 3731 2256 Aufregung vorüber war, und aufatmend kehrte er zu
3361 2159 3781 2266 weilen
1392 2179 3845 2423 seiner früheren Lebensweise zurück. Nach vier Jahren
1395 2366 3718 2550 lernte er ein Mädchen kennen, das mit ihrem Vater
2436 2486 2820 2600 beinehte
1916 2500 2113 2623 dre
1392 2560 3815 2710 zuweilen zu der Familie kam, bei der er damals wohn-
1402 2720 3838 2854 te. Er wusste bald, dass er nie einem Wesen begegnen
1395 2854 3872 3010 würde, das besser zu seiner Gattin taugte als dieses.
1402 3004 3705 3191 Von seinen Hausleuten erfuhr er/ soviel über sie,
1402 3101 3811 3287 als er wissen wollte. Sie war durch ein ganzes Jahr
1415 3311 3725 3494 verlobt gewesen, ihr Bräutigam war gestorben, und
1395 3444 3715 3618 seither schien eine stille Trauer über ihr ganzes
1388 3638 3681 3768 Wesen gebreitet. Sie hatte die schlichte Bildung
1402 3758 3781 3928 Junger Mädchen aus den mittleren Bürgerkreisen und
1402 3928 3761 4085 überdies ein ausgesprochenes musikalisches Talent.
1402 4072 3775 4272 Man erzälte ihm, dass sie schöner singe als manche
1415 4202 3808 4385 berühmte Sängerin. Es wurde ein Ehrgeiz für Gustav,
1405 4365 3841 4536 die Lippen dieses jungen Mädchens wieder lächeln zu
2303 4496 2693 4606 dachte
1398 4492 3601 4703 machen, und er erinnerte sich jetzt gern jenes
