4312 5416
3392 127 3596 336 "  "
2441 218 2655 455 Ligine, jusqu'a l'aime
955 214 1209 414 [illegible]
3305 682 3910 859 indieser
1423 823 3792 1027 Abenteuer aus seiner ersten Jugend, um daraus die
1418 973 2510 1114 Aumanns zu fühlen
1432 937 3669 1168 Ueberzeugung zu gewinnen, dass er doch auch die
1450 1073 3796 1328 Fähigkeit besässe, edlen Frauen etwas zu bedeuten.
1441 1273 3719 1500 Er war sehr glücklich, als Therese das erste Mal
1437 1400 3878 1650 lächelte, während sie zu ihm sprach; an jenem Abend
2732 1555 3169 1678 Ransch
1450 1578 3701 1796 empfand er eine Art von kauschen Glück, das ihn
1468 1714 3746 1955 stolz machte, ohne dass er wusste, warum. Venige
1464 1882 3742 2141 Monate darauf wurde sie seine Frau, und ihm war,
1473 2009 3837 2291 als begänne erst jetzt das Dasein für ihn. Das Be-
1473 2196 3878 2428 wusstsein, ein junges Wesen in den Armen zu halten,
1491 2305 3773 2573 das noch Keinem vor ihm gehört, erfüllte ihn mit
1496 2482 3819 2750 Wonne. Anfangs fürchtete er, dieses reine Geschöpf
1496 2632 3778 2873 durch die Glut seiner Zärtlichkeit zu entweihen.
1500 2800 3951 3064 aber da sie sich ihm bald mit der gleichen Rückhalt-
1705 2837 1959 2941 als
1505 2969 3878 3160 losigkeit entgegenbrachte, gab er sich seinem Glü-
1528 3082 3928 3364 cke völlig hin. Da ihre Ehe kinderlos blieb, änder-
1528 3264 3851 3487 ten sich die Beziehungen zwi schen ihn durch viele
1514 3428 3951 3678 Jahre gar nicht: ein Haus war für ihn zugleich die
1546 3564 3942 3805 Stätte des Friedens und der Freuden kon seinen frü-
1528 3732 3987 3951 heren Bekmnten zog er sich zurück. Nur wenige Leute
296 3878 3951 4173 besuchten des junge Tagennen zu ihnen, und diese nur selten; Theresens Va-
1550 3996 3832 4260 ter und eine ihrer Freundinnen, ein verblühendes
1564 4205 3837 4419 Mädchen, das für Gustav nur dadurch eine gewisse
1550 4319 3983 4569 Bedeutung hatte, dass sie Therese zuweilen zum Sin-
1564 4510 4069 4737 gen begleitete. Häufig aber sang Therese ganz allein,
1564 4664 4042 4951 und das war ihm das Liebste. In ihrer Stimme erklang
