4136 5432
1726 492 2065 749 35 —
956 912 2936 1193 aus der Wunde zu ziehen, und sank zurück.
1264 1024 3315 1346 Gustav stand neben ihr, sah sie zucken, die
1007 1136 3471 1461 Augen verdrehen, nochmals den Kopf heben, wieder zu-
1017 1309 3519 1698 rücksinken... sterben.... Dann erst zog er die Nadel
1034 1468 3536 1770 aus der Wunde... es war gar kein Blut daran. Er ver-
1044 1641 3546 1956 stand eigentlich gar nicht, was geschehen war. Plötz-
1041 1770 3600 2098 lich aber wusste er es. Er lief zum Fenster ins Neben-
1061 1936 3560 2227 zimmer, hielt den Vorhang hoch, steckte den Kopf hin-
1071 2075 3546 2390 aus und schrie hinunter, so laut er konnte: "Mörder!
1075 2265 3512 2556 Mörder!“ Er sah noch, wie die Leute zusammenliefen,
1092 2390 3787 2739 sah, wie man heraufdeutete, dann entfernte er sich vom
1105 2522 3682 2844 Fenster, setzte sich ruhig auf den Sessel und wartete.
1129 2698 3705 3010 Ihm war, als wäre das sehr gut, was er gethan. Er dach-
1146 2766 3885 3156 te an seine Frau, die schon lang im Sarge lägt und der
1146 2987 3715 3322 Würmer in die Augenhöhlen krgechen, und zum ersten Mal
1159 3143 3661 3451 seit ihrem Tod fühlte er irgend etwas wie Frieden in
1454 3410 3841 3787 Jetzt wurde heftig geklingelt, Gustav stand rasch.
1190 3458 1837 3658 seiner Seele.
1197 3743 2231 3960 auf und öffnete.-
3129 4346 3600 4638 Casse
220 4838 532 5088 975
