4264 5416
3142 184 3612 381 G.C.R.S. monere.
1359 810 3747 1089 Bäume waren gründicht belaubt, die Wiesen glänzten
1387 961 3833 1188 in hellen Farben, alle Wege waren von Spaziergängern
1399 1111 3781 1353 belebt, Kinder spielten und liefen, junge Leute la-
1393 1255 3802 1537 gerten am Waldesrand da verstand er das erste Mal
844 1175 1353 1541 des Truthins
1396 1421 3689 1682 ganz, wie einsam und wie unglücklich erwar, und
1105 1452 1344 1765 Satzain
743 1482 1037 1722 afligons
1412 1580 3851 1811 wusste nicht, wie er sein Leid weiter tragen sollte.
331 1596 666 1835 kurzen
1415 1697 3821 1939 Er hatte das Bedürfniss, laut aufzuschreien, fühlte
1433 1896 3888 2127 selbst, wie er mit weitauf erissenen Augen und einem
178 1857 672 2117 Er bemer
1433 2019 3811 2268 absonderlich raschen Gang unter allen den Menschen
307 2133 801 2400 Rüge Nach
1430 2154 3719 2437 seinen Weg fortsetzte, und merkte auch, dass ihn
2587 2320 3136 2455 betrachteter
1442 2338 3735 2578 Manche mit Verwunderung ###chauten. Er wolte den
193 2292 712 2587 Erinnerung.
1464 2495 3833 2750 Leuten entfliehen, suchte stillere Wege auf, stieg
1461 2639 3851 2882 zwischen den hohen Birken und Tannen die Sofienalpe
1470 2820 3864 3044 hinan und kam oben an, als die Sonne untergieng. Er
1473 2946 3888 3219 sah die Thäler und Hügel in röthlich-weissem Glanze
1479 3109 3867 3345 liegen, und als er sich umwandte, sah er die Stadt
1488 3253 3787 3492 wie in blass-silbernen Dunst versinken. Er stand
1485 3385 3864 3682 lange da und wurde ruhiger. Ueber der Landstrasse,
1507 3584 3907 3821 die er bis tief ins Thal hinunter verfolgen konnte,
1507 3735 3762 3971 flogen leichte, niedre Staubwölkchen hin, dumpf
1519 3842 3854 4149 hörte er das Rollen von Wagen und laute Menschen-
1534 4029 3959 4256 stimmen, helles Lachen klang herauf. Langsam schlug
1553 4192 3977 4428 er den Rückweg ein, nicht durch den Wald, wie er ge-
3081 4302 3265 4419 to the
1534 4333 4002 4566 kommen, sondern auf der breiten Strasse epesierte er
1559 4493 3821 4738 zunück. Er blieb manchmal stehen und atmete auf,
1553 4652 3836 4873 als wäre ihm von irgendwoher ein Trost gekommen.
