4264 5400
2179 445 2496 692 26
1432 894 3793 1076 dabei freundlich.... "da kommt nie eine Sonne hin.
1429 1073 3918 1237 Wirklich, ich muss schon sag'n: wenn ich so zu Mittag
1432 1208 3886 1397 auf'n Ring hinausgeh', das is grad', wie wenn man in
3518 1355 3979 1538 spreche
1445 1384 2441 1557 einen Gluthofen käm'.
1708 1515 3921 1676 Dies gab ihm Anlass, von der Hitze zu erzählen,
2973 1644 3204 1727 und
1445 1640 3889 1877 die in seinem Bureau herrschte, von seinen Kollegen,
1471 1839 3941 1999 die manchmal über der Arbeit einschliefen. Sie lachte
1451 1980 4018 2130 darüber, das ermuthigte ihn, und mit einer wahren Freu-
1451 2105 3957 2326 de an seinen eigenen Worten und an ihrem Zuhören, kam
1451 2259 3992 2483 er immer mehr ins Erzählen: wie er seine Tage verbrin-
1471 2428 3844 2614 ge, dass er seit einiger Zeit verwitwet sei.... er
1480 2621 3889 2765 sprach das Wort aus, als sei es etwas ganz Gewöhnli-
1477 2768 3828 2906 ches, und doch wusste er, dass er es bis heute, auf
1483 2906 3883 3092 sich bezüglich, noch nie ausgesprochen. Es that ihm
1480 3037 3969 3287 wohl, dass seine Begleiterin ihn darauf mit einem be-
1483 3252 2566 3402 dauernden Blicke ansah.
1749 3370 3902 3527 Dann berichtete sie von sich. Er erfuhr, dass
1487 3511 4062 3707 sie die Geliebte eines sehr jungen Manns sei, der jetzt
1506 3649 4008 3841 eben mit seinen Eltern für einige Wochen auf dem Land
1493 3819 3793 4011 lebe und erst in drei Wochen zurückkommen sollte.
1791 3973 4008 4136 "Sonst is er immer um sieben Uhr abends bei mir
1506 4136 3950 4354 und das bin ich schon so gewohnt, dass ich gar nicht
1506 4283 3912 4517 weiss, was ich mit der Zeit anfangen soll, wenn er
1506 4476 3976 4620 nicht da is. Sonst is natürlich er mit mir spazieren
1519 4578 3998 4844 gegangen, jetzt muss ich allein herumlaufen; er weiss
