4216 5368
974 150 1143 296 Aufgenommen, ettämät juhannaa-
2087 356 2290 645 I
461 461 933 682 + Lieber
1203 532 1818 817 Eins gros
510 566 1218 783 keine Teunde
487 738 1124 941 per kind
1435 727 3710 989 auf der Erde zurücklassen könnte, war ihm nie in
1447 941 3781 1121 den Sinn gekommen. In den ersten Wochen nach ihrem
1435 1109 3725 1267 Tod war ihr Vater noch manchmal aus der Vorstadt,
2706 1184 3065 1308 Cesass.
1447 1252 3770 1435 wo er ein kleines Geschäft hatte, zu ihm hereinge-
1435 1417 3755 1578 fahren, aber die Beziehungen zwischen ihm und dem
1450 1533 3871 1754 alten Mann, die immer ganz lose gewesen, hörten all-
476 1600 753 1825 H.V.
772 1683 3785 1922 bald ganz mältig auf. Seine eigenen Eltern waren früh gestor-
1454 1855 3613 1975 ben; Sie hatten in einem kleinen Ort, fern der
1443 2039 3748 2121 Hauptstadt gewohnt, den er noch als Knabe verlas-
240 2024 1184 2263 Sie, wenn ich
1447 2151 3777 2323 sen, um das Gymnasium in Wien zu besuchen. So kam
382 2230 944 2428 e. Denn die
1465 2331 3849 2440 es, dass er beinah seine ganze Jugend unter fremden
1458 2462 3762 2586 Leuten verbringen musste. Nach dem Tod seiner El-
187 2417 1368 2597 einen seinen feuntrauent¬
1473 2575 3856 2803 tern besuchte er nur noch einmal die Vaterstadt, um
457 2586 1289 2826 der mittelmäßigen
187 2642 371 2792 in
1458 2777 3762 2998 die kleine Erbschaft zu übernahmen. Nach dem Tode
1023 2747 1360 3017 Logando
1979 2886 2634 2983 Notar war und
1458 2949 3733 3137 seines f Vaters, der es gern gasshan hätte, wenn
1001 2949 1432 3137 de l'affaire
1473 3099 3894 3253 auch der Sohn sich dem Rechtsstudium gawidmet hätte,
1477 3242 3792 3414 gab Gustav seine Gymnasialstudien auf, die er mit
986 3354 1173 3478 lui
1477 3369 3916 3515 Fleiss, aber ohne Begabung bis zu seinem siebzehnten
1473 3485 3822 3770 Jahr betrieben hatte und trat in ein Eisenbahnamt
2987 3628 3541 3744 bescheures
1473 3665 3834 3882 ein, welches ihm von Anbeginn ein sicheres Einkom-
2878 3785 3541 3901 Aber wichres
1473 3856 3927 4029 men und die Hoffnung auf ein langsames Fortschreiten
229 3852 1390 4107 bricht nun müsstig ein gan¬
1488 3939 3961 4223 bot. Seine Jünglingszeit gieng still dahin im Bureau
2511 4107 2736 4231 uns
903 4081 1304 4257 verh. lebt
600 4119 813 4235 V.1.41
187 4133 461 4246 Auguste
1503 4126 3957 4355 that er seine Pflicht, seine Vergnügungen waren spär-
191 4235 408 4445 is it
1484 4302 3864 4441 lich, und auch in Ihnen liess er eine Art von Regel-
922 4238 1274 4433 Der von
1488 4430 3811 4621 mässigkeit walten: Er gieng in jedem Monat einmal
184 4471 566 4707 Mr S.
2826 4561 3451 4699 wohnte et un
1484 4658 3871 4857 ins Theater, und jeden Samstag war ein geselligen.
