4264 5400
1814 178 2361 404 : 1/2 1/4: p:s 1:5 1:4
2218 466 2493 731 23
1426 876 3984 1057 Diese Vorstellung trat so entschieden auf, dass er sie
362 880 1064 1219 Hier diess
1423 1070 3858 1251 mit Aufgebot seines Willens verscheuchen musste. Er
893 1045 1174 1251 den
1436 1239 3961 1400 wartete und hoffte zugleich, dass die Erwartete nicht
352 1151 893 1458 cune hope
1439 1336 3903 1565 kommen würde. Er war verwirrt und müde und hatte das
2299 1481 2855 1594 wehilos ei.
1452 1517 4045 1733 Gefühl, irgendwie preisgegeben zu sein und einem Schick
1458 1688 4010 1882 sal entgegenzugehen, das ihm bestimmt war. Viele Leute
1452 1811 3838 2002 kamen vorüber, auch Frauen und Mädchen; sie hatten
259 1859 462 2070 N.
1452 1992 3858 2199 nicht mehr Bedeutung für ihn als Bilder, die er zu-
1455 2154 3868 2332 fällig im Durchblättern eines Buchs gefunden hätte,
188 2108 453 2332 N.O
1468 2286 3974 2445 während er ein ganz bestimmtes suchte. Plötzlich fiel
1475 2458 3939 2629 ihm ein: wenn sie nicht vorüberkommt? Nun, wenn auch
1465 2610 3868 2771 nicht, er wusste ja, wo sie wohnte, könnte vor dem
1475 2739 4016 2943 Thore warten, in das Haus treten, die Stiege hinaufge-
301 2720 469 2904 )
1475 2917 3948 3111 hen nain, das würde or keineswegs.
1488 3062 4081 3289 sie allein wohnte... Aber keinesfalls kann ei ihm ent-
1475 3263 1814 3447 gehen
1753 3302 4062 3567 Es wurde spät; die Dunkelheit schritt vor. Plötz-
2238 3489 2933 3593 die Einartete.
1475 3534 3942 3709 lich erblickte er sie. Aber sie war an ihm vorbeige-
246 3635 417 3819 sur
1491 3677 3984 3887 schritten, ohne dass er sie erkannt hatte. Wieder war
1504 3809 4049 4032 es erst der Gang, durch den sie ihm auffiel. Sein Herz
265 3864 433 4068 to
1488 4010 3897 4168 klopfte heftig. Er erhob sich rasch und folgte ihr.
1497 4155 3877 4330 Es war ihm, als müsste er sie mit dem Namen seiner
1504 4307 3968 4485 toten Gattin anrufen; doch fühlte er gleich, dass er
1507 4453 4003 4657 das nicht durfte. Er gieng so rasch, dass er ganz un-
1526 4595 4020 4844 versehens nahe neben sie gekommen war. Sie wandte den
