4264 5400
750 117 977 292 1)
602 326 867 534 27.
375 424 1511 682 Boreashing Bsab.
2170 583 3109 818 Die Nachste.
1855 1189 3919 1302 Der fürchterliche Winter war vorbei. Als er
1549 1390 3885 1454 das erste Mal wieder in seinem Zimmer das Fenster
1545 1530 3949 1624 offen lassen konnte, die ersten Lüfte des Frühlings
1545 1677 3907 1761 hereindrangen, der dumpfe Lärm der Strasse herauf-
1560 1829 3923 1916 tönte, begann er zu fühlen, dass das Leben für ihn
1537 1980 3919 2071 noch nicht zu Ende war. Von jetzt an verbrachte er
1545 2132 3949 2241 nachmittags, wenn er aus dem Bureau nach Hause kam,
1545 2291 3835 2389 ganze Stunden am offenen Fenster. Er rückte sich
1549 2461 3862 2537 einen Sessel hin, nahm ein Buch zur Hand und ver-
1545 2601 3907 2692 suchte zu lesen. Aber immer liess er das Buch bald
1556 2753 3786 2851 auf den Schooss sinken und sah ins Freie. Seine
1533 2859 3896 3014 Wohnung lag im höchsten Stockwerk; wenn er insass,
1545 3014 3919 3264 war nur der blasse Himmel ihm gegenüber; In diesen
1533 3222 3782 3313 letzten Märztagen wehte beinah immer ein leiser
1533 3377 3938 3480 Wind, der ihm vom Stadtpark den kühlen Duft der er-
1533 3533 2635 3646 sten Blüten herauftrug.
3218 3544 3461 3695 sche
2787 3570 3154 3707 Castell
1859 3695 3809 3801 Seine Einsamkeit war gross. Die Menschen,
568 3726 1030 3991 Cort
1537 3866 3862 3957 mit denen ihn sein Beruf zusammenführte, bedeute-
1549 3930 3949 4104 ten nichts für ihn, Er hatte keine Freunde und kein
1533 4097 3782 4313 Kind, und am letzten Oktobertag des vergangenen
1537 4324 3813 4434 Jahrs war seine Frau gestorben. Seitdem hatte er
1518 4472 3862 4578 hingelebt wie ein Betäubter. Dass seine Frau jung
825 4570 3870 4790 dahingete, dass sie ihn noch als jungen Mann allein
375 4998 988 5157 P.S.
