4264 5416
3206 176 3598 362 V.J.
2077 498 2281 736 2
1400 958 3790 1134 Die Dämmerung brach rasch herein. An hübschen Land-
1400 1116 3666 1326 häusern vorbei, vom Strom der Leute mitgerissen,
1413 1264 3762 1428 kam er bald zu einem grossen Wirtsgarten, der sehr
1419 1397 3728 1592 besucht war: Die Gartenlaternen waren angezündet,
1425 1577 3858 1759 an einem Tisch in der Tiefe des Gartens sassen Musi-
1431 1734 3833 1917 kanten, die auf Ziehharmonika, Geige und Flöte Wie-
1441 1864 3756 2040 ner Lieder spielten, währen Einer mit einer hohen
1428 2022 3805 2195 und süsslichen Stimme dazu sang. Ziemlich weit von
1456 2182 3876 2343 Diesen, gleich neben dem Eingang, nahm Gustav Platz.
1447 2325 3793 2513 Er betrachtete die Leute in seiner Nähe; am Tisch
1437 2479 3691 2668 daneben sassen zwei junge Mädchen, die ihm sehr
1215 2492 1743 2640 neben ihm
1747 2624 2216 2736 erschienen
1465 2621 3805 2835 hübsch vorkomen, die er sehr lange ansah. Er erin-
1481 2807 3740 2986 nert###reich seiner Junggesellenseit, denn seitdem
893 2856 1335 3193 Derby
1468 2931 3744 3107 hatte er Frauen nie wieder mit solchem Blick he-
1524 3082 3852 3274 trachtet. Er xxxchte
1487 3258 3969 3499 den Tod seiner Frau Keine mit solchen Blick betrach-
1502 3419 3972 3583 Frauengestalten kamen ihm ins Gedächtniss,
1505 3577 3861 3734 die er im Laufe der letzten Zeit auf seinen regel-
3626 3598 3997 3740 dienting
1496 3710 3907 3938 mässigen Wegen vom Hause ins Bureau begegnete; aber
2046 3842 2371 3972 hatte
1505 3870 3864 4087 sin bedeuteten nichts für Ihn. Heute fühlte er das
1518 4031 3861 4182 erste Mal wieder, diesen blonden jungen Mädeln ge-
1991 4108 3564 4266 fühlte er zum ersten Fall werde
1524 4161 3824 4359 genüber, die da mit ihren Verwandten sassan, dass
1530 4346 3793 4498 er noch ein junger Mann war. Jetzt fiel ihm auch
2167 4451 2646 4575 manck.
1533 4516 4006 4727 ein, wie ihn die Frauen zuweilen auf der Strasse be-
1243 4625 1811 4779 au haute
1536 4655 3969 4825 trachtet, und mit Schrecken und Freude zugleich wur-
1539 4798 3895 5020 de ihm bewusst, dass das Leben doch noch nicht für
