4296 5416
1661 230 1827 480 P. S.
2747 240 3048 494 V. P.
1475 842 3849 1072 higer, schwerer Schlaf kam über ihn, und er wachte
1475 1049 3761 1238 mit der dunklen Ahnung auf, als stünde ihm etwas
1502 1197 3863 1377 Grässliches bevorf—In den nächsten Tagen quälte er
1045 1180 1390 1427 N.Z.
1502 1309 3914 1509 sich damit, eine neue Ordnung und einen neuen Inhalt,
1495 1509 3819 1705 für seine Existenz zu finden. Er sah ein, dass er
416 1573 1400 1837 Was soll either
1495 1657 3751 1847 sich dem wütenden Schmerz nicht weiter hingeben
1502 1769 3964 1996 durfte, wenn er nicht zum Weiterleben unfähig werden
348 1779 1346 2094 In versucht Wochers
1515 1969 3924 2128 wollte; Er wunderte sich jetzt im Zurückdenken, wie
379 1982 1289 2290 in seine Excellers
1509 2101 3937 2276 er eigentlich sein Dasein verbracht, bevor er seine
937 2114 1326 2503 F.T.K.
1509 2256 3890 2425 Frau kennen gelernt hatte; es schien ihm, als wäre
403 2260 890 2537 to have
3315 2341 3985 2462 Abgesche in
1519 2435 3907 2598 es eine Art von Traumleben gewesen. Auch in seinen
359 2371 1120 2686 u nicht weil
1055 2456 1350 2730 nlet
1519 2584 3765 2757 Bureauarbeiten, die er stets mit einer gewissen
1282 2591 1492 2818 den
1522 2716 3815 2899 Freude an seiner eigenen Verlässlichkeit besorgt
288 2713 690 2987 That I
1522 2902 3961 3041 hatte, waren seine geistigen Bedürfnisse gering ge-
1532 3021 3954 3220 wesen. Er hatte gern Musik gehört und zuweilen Rei-
342 3031 528 3186 n
693 3044 913 3284 de
934 3105 1258 3372 Rebe
1295 3173 4008 3413 Auf sebeschreibungen gelesen, die ihn aber weniger durch
345 3213 636 3410 if any
1546 3345 3951 3521 einen abenteuerlichen Jnhalt, als durch Naturschil-
2469 3460 2770 3548 Regler
1546 3518 4022 3704 derungen fesselten für die er stets einen lebhaften
907 3555 1150 3788 in
1546 3643 3876 3815 Sinn gehabt hatte. Und wenn er sich jetzt fragte,
3396 3731 3775 3849 mutter,
964 3714 1265 3954 hehr
338 3687 822 4069 "A Bonn
1556 3799 4049 3971 was er am liebsten anfangen möchte, so sagte er sich
1478 3964 1843 4083 sagen
1556 3937 3937 4201 sich: beaumreisen. Es war ihm aber unmöglich, sei-
321 3968 785 4323 Secte
1556 4120 3978 4306 nen Beruf aufzugeben, und ein kurzer Urlaub, den er
1556 4275 4018 4445 hätte erlangen können, wäre wertlos für ihn gewesen;
1576 4418 3968 4604 ja bei näherer Ueberlegung überfiel ihn sogar eine
1586 4583 3995 4776 gewisse Angst davor, in fremden Gegenden allein und
