4232 5384
2029 455 2201 668 22
1348 884 3682 1097 wegte leise seine Lippen, als wäre sie wieder bei
1358 1024 3717 1234 ihm und könnte seinen Kuss empfangen. Dann rief er
1358 1177 3733 1396 ihren Namen, rief ihn immer lauter, breitete seine
1367 1329 3810 1501 Arme aus, erhob sich, stand auf, liess die Arme sin-
1371 1485 3775 1682 ken, fühlte eine Beschämung in sich aufsteigen, als
1374 1644 3660 1873 hätte er sich an Einer vergangen, die wie seine
1386 1809 3698 2007 Freuden, so auch seine Sehnsucht und seine Träume
1374 1959 3775 2099 nicht mehr theilen konnte, und die er nur beweinen,
1402 2102 2732 2331 aber nicht verlangen durfte.
1717 2274 3803 2436 Er stand sehr früh auf, gieng eine Stunde im
1386 2410 3768 2595 Park spazieren und arbeitete im Bureau so fleissig
1409 2550 3724 2776 als gälte es, durch redliches Betragen eine Sünde
1415 2713 3969 2887 wieder gutzumachen. Ein Gedanke kam ihm auch, von
2340 2786 3851 2951 ehe nur nicht früher gekommen was
1383 2862 3873 3100 ###m es ihm wunderte, dass er das erste Mal kam: wenn
3377 2948 3555 3031 1 hm
1428 3034 3791 3202 er sich ganz von der Welt zurückzöge, die wol noch
1418 3148 3832 3399 Versuchungen, aber keine Lust mehr bringen durfte?
1421 3320 3873 3511 Er dachte an einen entfernten Verwandten seiner Mut-
1434 3466 3911 3679 ter, der als reifer Mann in ein Kloster gegangen war.
1434 3632 3571 3819 Der Gedanke dieser Möglichkeit beruhigte ihn.
1759 3787 3994 3981 Nachmittags lag er wieder auf dem Bette, abends
1488 3937 3991 4166 gieng er fort. Er kannte seinen Weg. Er gieng an die-
452 3851 903 4236 At the
1507 4115 4054 4299 selbe Stelle, zu der gleichen Bank, auf der er gestern
1507 4277 3991 4455 gesessen. Er wartete, und als er seine Gedanken frei-
1504 4392 3946 4624 liess und in der Schwuile des Abends in eine Art von
1552 4589 4013 4780 Halbschlummer verfallen war, erwachte er mit der Em-
1510 4748 3517 4964 pfindung, dass er se-ine Frau erwarte.
