4280 5416
2975 226 3460 404 Monsieur le Comte de la Cote.
2286 230 2506 404 i.
2095 488 2289 682 is
1423 789 3783 1083 solang wach zu liegen, bis die Kerze gänzlich her-
1442 983 3748 1229 untergebrannt war. Langsam entfernte er die Decke
1462 1161 3764 1387 von den Augen; da stand das Licht, und im Spiegel
1449 1339 3803 1517 sah er es noch einmal. Er starrte hin und war nach
1462 1530 2936 1669 wenigen Sekunden eingeschlafen.
1775 1565 4036 1859 Am nächsten Morgen beim Aufwachen fiel ihm aber
1462 1772 3829 1966 nicht vor Allem seine Angst von gestern Abend ein,
1468 1953 3871 2163 sondern plötzlich jener Spaziergang auf die Sofien-
1478 2076 3767 2293 alpe vor wenig Tagen, der ihm In der Erinnerung
1462 2180 3994 2445 plötzlich wie ein angenehmes Abenteuer (erschien), ihn
1510 2273 1691 2367 de
1497 2387 3913 2577 und wie etwas Erlösendes tauchte der Gedanke in ihm
1491 2564 3809 2762 auf, dass er ja jeden Nachmittag aufs Land gehen,
1523 2723 3829 2888 sich abends immer in einen Wirtshausgarten setzen
3020 2800 3593 2917 betrachter
918 2745 1416 3027 sein konnte.
1649 2868 1898 2969 unter
1510 2888 3864 3046 und x###junge Mädchen und Frauen ansehen konnte.
391 2800 728 3069 le feuClau
1500 3024 3923 3224 Selbst im Bureau während der Arbeit konnte er heute
382 3066 1109 3457 luftige
1523 3146 3990 3363 an nichts Anderes denken als an Wald und Wiesen, in
1526 3266 4126 3515 denen Junge Weiber, Jahre Frauen und Mädchen im Eichte
2477 3450 2826 3557 heller
1533 3476 3822 3664 Sommerkleid und mit Sonnenschinnen herumgiengen.
1530 3596 3994 3806 Aber als er nachmittags ernstlich daran dachte, aufs
821 3538 1196 3835 Gingang
2361 3771 2658 3864 even
1533 3774 3990 3974 Land zu fahren, führte er sich so müde, dass ihm die
1542 3932 3945 4123 Ausführung einfach unmöglich vorkam. Er legte sich
1559 4104 3994 4288 angekleidet auf sein Bett und hatte das Gefühl eines
1559 4210 4013 4453 Menschen, der langsam von schwerer Krankheit genest.
1572 4408 3942 4595 Abends gieng er sehr langsam über den Ring spazie-
1572 4521 3990 4770 ren und hatte eine Art von stiller Freude, wenn die
