4280 5432
2588 242 2771 460 G.H.F.P.
1547 239 2333 494 '̃̃ ̃:̃ :̃ ;̃; :: : ::
2842 217 3330 441 V. P. S.
932 267 1314 444 1: 1 1/2
2159 522 2435 758 12 -
1494 879 3783 1143 ganz seinen Erinnerungen verfallen, umherzuirren.
1497 1097 3802 1292 So schwand die leichte Beruhigung, die der Anfang
1497 1258 3827 1423 des Frühlings gebracht, wieder dahin. Auch die Ge-
1503 1423 3821 1581 sellschaft seiner Kollegen im Wirtshaus wurde ihm
1510 1519 3734 1736 unangenehm, er kam seltener, gieng früher fort;
1510 1718 3805 1907 Einmal geschah es ihm, dass ihm nachts beim Nach-
1503 1876 3759 2025 hausegehen auf der Stiege sein Licht verlöschte,
1534 2028 3808 2233 da überfiel ihn eine solche Furcht, dass er sich
1528 2202 3867 2364 auf den Stufen hinsetzte, zusammenkauerte und wim-
1525 2308 3833 2485 merte. Er suchte zitternd nach seinen Streichhöl-
2721 2451 2998 2544 avec
1534 2460 3917 2650 zern. As er d###den sie fand und ctote an¬
1538 2643 3911 2833 zündete, Licht machte und eine flackernde Halle um
1553 2789 3957 2954 ihn sich verbreitete, versuchte er xxx über sich
1556 2939 3923 3128 zu lächeln. Absichtlich behielt er das Lächehn auf
1569 3044 3796 3262 den Lippen, bis er in seinem Zimmer war; Da er¬
1562 3286 3957 3439 blickte er sich im Spiegel und erkannte sich nicht.
1553 3414 4047 3597 Er trat näher hin — so nah, dass sein Hauch den Spie-
1581 3544 3979 3746 gel trübte in der einen Hand hielt er den Leuchter
1575 3715 3982 3892 mit der Kerze, er stellte ihn auf die Kommode, über
1587 3873 3945 4035 der der Spiegel hieng, dann wich er zurück, setzte
1600 4001 3948 4203 sich aufs Bett, und entkleidete sich rasch mit dem Ge-
1594 4100 4010 4355 fühl, dass er sich ins Bett flüchten müsste; Als er
1600 4346 4029 4498 ausgestreckt delag, zog er die Decke über’s Gesicht.
1606 4507 3960 4650 Da fiel ihm ein, dass das Licht noch brannte, aber
1609 4597 3877 4877 er wagte es nicht auf ustehen; Er nahm sich vor,
