4264 5432
3068 195 3458 474 V. U.E. E. G.
1463 852 3802 1081 ihn vorbei sein konnte, dass es schöne Frauen oder
2442 992 2882 1097 vielleicht
1453 1023 3762 1227 Mädchen gab, die er wieder umarmen würde, später
1466 1168 3818 1382 einmal, und wie ein Schauer gieng es ihm über Hals
1460 1323 3749 1534 und Lippen, wenn er an die Küsse dachte, die ihm
1478 1512 3858 1680 noch bestimmt waren. Ein 4 genthümlicher Dranger-
1478 1621 3824 1841 griff ihn, sich eines der Mädchen gegenüber am Ti-
1494 1772 3808 1974 sche in seinen Armen vorzustellen er schloss die
294 1872 1267 2098 Aher kaum waren
1484 1918 3839 2132 Augen, xxx er hatte das Antlitz seiner toten Frau
307 2017 1367 2284 ihm die Sider gewissen
1518 2085 3904 2265 vor sich, sah ihren Mund langsam, mit einer leisen,
1515 2256 3914 2457 zuckenden Bewegung, die ihr eigen gewesen, sich dem
2014 2392 2405 2491 Citselit
1515 2349 3917 2603 seinen nähern) x riss die Augen wieder auf. Dieses
1512 2516 3784 2739 Mädchen war nichts mehr für ihn. Er fühlte, dass
1515 2715 3892 2891 keine Frau der Welt je mehr etwas für ihn bedeuten
2426 2820 2789 2935 leicher
1559 2848 3886 3043 könnte, für der uitgeheuren Gewalt/ wie heute wäh-
1525 3009 3768 3210 rend des Spaziergangs brach sein Schmerz wieder
1531 3158 3976 3396 hervor, und er wusste, dass er für die Welt und ihre
1531 3350 3945 3536 Freuden verloren war. Er schämte sich der vorausge-
1534 3443 3948 3644 gangenen Augenblicke, auf fünfte wieder, wie unsäg-
1543 3613 4041 3839 lich er seine Frau gelieht hatte, und der Gedanke ge
1543 3746 3846 3966 eine andere in seinem Arm zu halten, erfüllte ihn
799 3796 1807 4004 wieder ein Weib
2674 3873 3588 4004 sans amichter.
1552 3942 3997 4115 mit Ekel und Scham. Ja fer tiefsten Müdigkeit machte
1559 4087 3942 4304 er sich auf den Heimwegt as war ihm, als müsste er
1559 4264 3969 4450 sich kasteien; er gieng den langen Weg bis in seine
1577 4403 4019 4595 Wohnung zu Fuss und kam in einer so tiefen Müdigkeit
1583 4530 3951 4760 an, wie er sie nie verspürt zu haben glaubte, Leib
1580 4698 3948 4964 und Seele schienen ihm wie zuerschlagen; ein unru-
