4280 5400
2652 150 2805 394 11
2192 521 2466 736 26 —
1665 873 3886 1101 "Ach so." Sie glaubte offenbar, dass er sich im
1349 1081 3968 1248 Hause nach ihrem Namen erkundigt. Er fühlte seinen Muth
1362 1264 1782 1440 wachsen.
1665 1384 3860 1554 "Ich hab's aber gespfürt", sagte sie, "gestern
1349 1538 3902 1700 Abend, dass wer hinter mir geht. Ich dreh' mich ja nie
1349 1700 3733 1873 auf der Strassen um, aber man spürt's gleich. Is's
1336 1880 1935 2042 nicht wahr?"
1629 1990 3727 2176 Sie giengen nebeneinander, und Gustav fühlte
1349 2212 3857 2339 eine plötzliche Aufgeräumtheit, als hätte er ein paar
1349 2339 2323 2518 Glas Wein getrunken.
1655 2450 3867 2613 "Aber dass mich Einer anred’t, das is mir schon
1336 2606 3938 2788 lang net passirt. Freilich, es is auch eine Seltenheit,
1349 2792 3844 2928 dass ich so allein auf der Strasse geh, am Abend. Bei
1342 2984 3850 3108 Tag freilich, da is's was Anderes - no, nicht wahr? -
1349 3101 3805 3254 bei Tag hat man doch immer was in der Stadt zu thun.
1619 3271 3938 3394 Er hörte ihr zu. Ein Gefühl des Behagens kam über
1336 3391 3857 3567 ihn. Der Klang dieser Frauenstimme that ihm wohl. Als
1355 3541 3798 3697 sie jetzt schwieg und ihn von der Seite lächelnd an-
1336 3701 3727 3889 sah, als erwartete sie ein Wort von ihm, sagte er:
1375 3854 3922 4039 "Jetzt is's aber bei Tag so heiss; wenn man nicht muss,
1336 4003 3863 4189 sollte man immer erst Abend ins Freie. So kühl wie im
1326 4166 3798 4375 Zimmer is es bei Tag doch nirgends.“ Er freute sich,
1326 4316 3808 4489 dass er so leicht und gewandt reden konnte. Er hatte
1332 4499 2355 4668 es gar nicht gehofft.
1629 4593 3802 4818 "Da hab 'n Sie schon Recht. Und besonders dort,
1336 4798 3766 5000 wo ich wohne... na, Sie wissen ja....“ Sie l'ehelte
