4280 5384
2910 156 3314 365 V. P.
2682 179 2864 397 :1:
2142 514 2318 723 30
1276 872 3694 1113 wie die, mit der er heut' im Stadtpark gesessen und
1289 954 3698 1260 die nichts viel Besseres war als eine Dirne.
1299 1201 3685 1400 fühlte mit einer Deutlichkeit wie nie zuvor die un-
1302 1344 3724 1595 geheure Ungerechtigkeit, die an der Toten geschehen
602 1299 960 1582 volle
1318 1504 3773 1696 war, und ahnte einen lächerlichen Betrug, den man an
1992 1624 2503 1767 erden sollte.
1989 1660 3844 1881 Und wenn er an den kommenden Nach-
1312 1647 1995 1888 ihm verüben
1302 1784 3815 2038 mittag dachte, war es ihm unmöglich, sich eine Andere
1335 1963 3818 2184 in seinen Armen vorzustellen als seine Frau. Er fühl-
1341 2135 3545 2318 te sich wehrlos und das erfüllte ihn mit Zorn.
1611 2230 3890 2490 Vormittag im Bureau kam für eine kurze Zeit Ruhe
1351 2428 3769 2666 über ihn. Einen Moment dachte er daran, jene Person
1367 2545 3815 2796 gar nicht zu besuchen. Dieser Einfall machte ihn ge-
1370 2721 3805 2894 rade zu leichter athmen. Dann tauchte ein anderer Ge-
1377 2874 3860 3131 danke auf: xxx zu ihr zu gehen, sich aber nach einer
1383 3034 3750 3262 letzten Vonnestunde von ihr und zugleich von allen
1390 3174 3834 3421 Freuden der Welt zu verabschieden und so wie er sich
3135 3271 3512 3385 treten
1380 3385 3486 3567 neulich vorgenommen, in ein Kloster zu gehen.
1670 3434 4000 3740 Er sass lang bei Tisch, trank einen besseren Wein
1390 3636 3929 3906 als gewöhnlich und gieng dann zu ihr. Es war ein sehr
1403 3782 4020 4013 heisser Nachmittag, und das Pflaster war ganz weiss von
1409 3961 3786 4183 Sonne. Als er in die Wollzeile kam, wehte ihm eine
1419 4072 3802 4368 kühlere Luft entgegen, ###e Strasse, in der ihr
1419 4261 4000 4531 Haus stand, lag im tiefsten Schatten/ und war menschen-
1432 4420 3987 4632 leer. Das Fenster, aus dem er sie vor zwei Tagen hatte
1429 4560 3896 4873 blicken sehen, war geöffnet, doch waren die Vorhänge
