4296 5416
2223 175 2720 411 Votre très de l'honneur,
2197 513 2484 730 31
2178 714 3919 1027 und bewegter gut leicht un¬
2950 864 3428 1004 Läflein
1384 918 3925 1205 heruntergelassen (die sich im Luftzug leicht bewegten.
1684 1068 3862 1339 Er trat durch das Hausthor, schritt die Stiege
1413 1205 3944 1473 hinauf. Währenddem erinnerte er sich jenes Abenteuers,
1559 1381 2666 1540 ans du jugendreit
1425 1374 3734 1655 das er als ganz junger Mensch erlebt. Auch damals
1448 1527 3925 1786 pflegte er um diese Stunde zu seiner Geliebten zu ge-
1435 1674 3798 1974 hen. Die Thüre oben war angelehnt, er öffnete sie,
2793 1818 3230 1936 natur
1441 1795 3996 2117 Therese stand vor ihm, doch konnte er ihre Züge in dem
2321 1961 3358 2108 nicht deutliche
1467 2012 3983 2248 dunklen Vorzimmer kaum recht erkennen. Sie schloss die
1470 2159 3986 2446 Thüre rasch und öffnete die Thüre zum nächsten Zimmer,
1476 2296 3967 2551 so schnell, dass der Fenstervorhang durch den Luftzug
1486 2452 4002 2672 in die Höhe flog und Gustav einen Augenblick den Dach-
1502 2602 3983 2841 first oder Hausetgegenüber sehen konnte. Die Thüre zum
1502 2768 3976 3026 anstossenden Zimmer stand offen. Gustav legte den Hut
1518 2915 3495 3176 auf den Tisch, setzte sich, sie neben ihm.
1805 3061 3999 3351 "Haben Sie einen weiten Weg her gehabt?" fragte
1527 3345 1757 3504 sie.
1792 3371 3893 3642 Er blickte durch die offene Thür. Er sah ein
1531 3536 4015 3817 schlechtes Oelbild, die Madonna mit dem Jesukind vor-
1543 3724 3192 3973 stellend, das über dem Bette hieng.
1853 3900 3119 4113 "Nein, ganz nah", sagte er.
1830 3951 4018 4263 Sie hatte einen dunkelroten Schlafrock an, mit
1572 4139 4139 4429 sehr weiten Aermeln, der den Hals frei liess. Ihr Blick
1585 4270 3944 4582 schien ihm frech, ihr Züge minder jung als gestern
1569 4461 4072 4754 Abend. Er glaubte jetzt, dass er weggehen würde, ohne
1594 4598 3712 4872 auch nur ihre Fingerspitzen berührt zu haben.
