4312 5416
2123 512 2413 655 19 -
1456 810 3786 1054 innerte sich, dass es eine Gewohnheit seiner Frau
1471 981 3735 1215 gewesen war, (mit den Fingern über Wände, Mauern,
1484 1094 3890 1371 Ritter zu gleiten, im Vorübergehen. Es war ihm, als
1502 1298 3933 1502 thäte das Weib, das zehn Schritte vor ihm gieng, mit
1496 1417 3771 1678 Absicht dasselbe, und wusste doch zugleich, dass
1511 1563 3829 1825 diese Empfindung vollkommen sinnlos war. Und doch
1508 1752 3917 1971 schien ihm von diesem Augenblicke an in jeder Bewe-
3031 1873 3308 1983 les lieux
1532 1883 3878 2151 gung dieses Weibs etwas Gewolltes, etwas in Bezie-
2513 2056 2736 2166 liegen
1532 2059 3805 2276 hung auf ihn Gewolltes - ja, ihm war, als dächte
1535 2202 3984 2410 diese Person, die da vor ihm einhergieng, : Alles das
2635 2352 2940 2483 gethan
1544 2352 3948 2589 thu' ich wie es seine Frau. Ein Unwille wachte in sei¬
1557 2471 3969 2748 ner Seele auf; er hatte einen Augenblick Lust,
1566 2650 3924 2876 umzudrehen, unseines Wegs zu gehen, als könnte er
1758 2690 2181 2800 crender
1569 2821 3847 3065 sich das nicht gefallen lassen; aber es war, als
1554 2833 2169 2967 diesen Spott
1572 2982 3972 3183 zöge sie ihn nach sich und er folgte ihr immer wei-
1569 3113 3817 3327 ter. Sie bog in die Wollzeile ein, dann in eine
1572 3266 3991 3497 Seitengasse, deren Namen er nicht wusste; hier ver-
1584 3439 3930 3631 schwand sie in einem der ersten Häuser, ohne sich
1593 3588 4003 3847 noch einmal umgewandt zu haben. Er bludb eine Weile
1611 3744 4030 3972 vor dem Thor stehen; vielleicht käme sie wieder her-
1608 3872 3893 4103 unter. Er betrachtete die Fenster; Bald wurde im
323 3939 1429 4195 sive weibliche Gestalt
1615 4036 4003 4277 dritten Stock eines geöffnet. Es war die Frau, der
423 4143 987 4323 erschien
1618 4183 4067 4420 er gefolgt war; er konnte ihr Gesicht in der Dunkel-
1627 4356 3875 4579 heit nicht sehen, auch nicht die Richtung ihres
1633 4511 3960 4761 Blicks, doch die Bewegung ihres Kopf verriet ihm,
1645 4597 4070 4914 dass sie nach oben schaute; dann stützte sie die Eil-
1639 4831 4067 5099 bogen auf das Fensterbrett und wandte den Kopf nach
