4232 5320
2100 437 2430 644 29 —
1314 849 3684 1009 sein Druck wurde leiser, zärtlicher, und nah ###
1292 946 3631 1176 beinah aneinander geschmiegt, verliessen
1302 1163 2028 1317 sie den Garten.
1569 1324 3788 1503 Sie sprachen auf dem Heimweg nichts. Beim Haus-
1286 1434 3694 1654 thor blieb sie stehen. "Ich danke schön für die Be¬
1292 1591 2308 1792 gleitung", sagte sie.
1578 1760 3012 1949 "Darf ich nicht mit Ihnen.....
1581 1908 3785 2113 "Oh!" sagte sie, „was fallt Ihnen ein! Wenn der
1264 2091 3546 2276 Hausmeister was merkt - gleich wüsst's das ganze
1261 2216 2345 2430 Haus. Na, und dann.
1562 2392 3725 2578 Gustavs Augen glühten. Sie sah ihn beinah mit-
1242 2556 3122 2741 leidig, aber sehr angenehm berührt, an.
1550 2697 3612 2880 "Wissen Sie was", sagte sie dann ganz leise,
1261 2861 3776 3027 "morgen Nachmittag um vier - da is's nicht auffallend.
1235 3009 3075 3181 Da kommen Sie noch bei Tag aus'm Haus.'
1509 3172 2590 3326 Er nickte wie befreit.
1528 3329 3653 3483 "Also adieu, jetzt müssen's gehn." Sie entzog
1210 3486 3640 3656 ihm ihre Hand, die er noch in der seinen hatte, und
1242 3615 2421 3820 eilte die Treppen hinauf.
1490 3782 3600 3964 Gustav that in dieser Nacht kein Auge zu. In
1223 3914 3615 4121 dumpfem Halbschlummer dachte er an die Tote, und es
1210 4087 3678 4294 war ihm xxxxo, als müsste er sie an der Lebenden
1207 4235 3710 4452 rächen, die ebenso duftete wiemste, die gleiche Wärme
362 4206 726 4458 getten
1204 4411 3684 4590 von sich strömte, den gleichen Namen trug und diesel-
163 4332 1050 4590 gene die nim in
1201 4562 3722 4753 ben Begierden entfesselte als wie. Er dachte auch dar-
148 4549 786 4775 Grabe nihte
1191 4712 3584 4911 an, dass es noch hundert, noch tausend Weiber gäbe,
