4312 5416
2220 490 2502 698 84 -
1426 788 3941 1070 fürchterlichen Diebstahl verübt und als wäre seine
1435 1009 3973 1221 tote Therese eine Beraubte und Betrogene.... Nein, das
1448 1182 3937 1387 durfte nicht sein, dass sie tot im Sarge läge und das
1458 1342 3864 1506 Fleisch von ihren Knochen fiele, während die Andern
3614 1416 3873 1522 être
1464 1477 3912 1688 weiterleben und lachen und ihm sein dürfen, was Jene
2983 1595 3284 1704 foule
1471 1624 4011 1887 war, ihm gewähren, was Jene ihm Gewährt!.. / Er schämte
1493 1794 4008 2009 sich, dass nicht alles Glück der Erde zugleich mit ihr
279 1788 1371 2233 Tinsenjaly an frühere Hall
1493 2018 2118 2166 begraben war.
1768 2076 3941 2320 Jetzt regte sie sich wieder, geradeso wie The-
807 2041 1294 2371 ist er die
1503 2243 4027 2448 rese sich im Schlummer gestreckt und gedehnt. Sie öff-
1490 2425 3947 2627 nete die Augen...ja, wie sie. Es zuckte um ihre Lip-
404 2403 711 2659 tägen
1503 2576 3989 2835 pen - ja, ganz so.... Ah, und jetzt auch noch das?...
1515 2726 4005 2896 Sie öffnete die Arme, als wollte sie ihn an sich zie-
1522 2858 4078 3053 hen..... „Sprich!” rief er. Er wollte die Stimme hören.
1519 3002 4098 3258 Das hätte ihm die entweichende Besinnung wiedergegeben.
1528 3162 3985 3374 Aber sie sprach nicht. "Sprich!" rief er noch einmal
1535 3274 3998 3531 mit halberstickter Stimme. Aber sie sah ihn an, ohne
1544 3444 4104 3700 zu verstehen und streckte wieder die Arme aus. Er sah
1544 3620 4062 3880 um sich, suchte irgend etwas, das ihn befreien konnte.
814 3697 1323 3854 Kommode
1531 3774 4043 4034 Hier lag der Hut, noch steckte die Nadel drin; er zog
452 3774 1464 4037 Auf deren wvsel alleen
1573 3931 4001 4155 sie heraus und indem er sie in die linke Faust nahm,
545 3966 1445 4232 Rett gegennte
1576 4142 3976 4303 stach er sie dem Weibe durch's Hemd in die Brust...
1576 4229 4098 4460 Er hatte gut getroffen. Sie hob sich krampfhaft in die
509 4197 1304 4594 Est &c 1/2
1557 4402 4078 4617 Höhe, stiess einen Schrei aus, fuhr mit den Armen hin
1586 4517 4082 4825 und her, packte die Nadel, hatte die Kraft nicht, sie
836 4553 1166 4966 gelt
1259 4693 1477 4937 sich
452 4748 871 5004 Ersiet
961 4809 2547 5241 aber zynde dass auch hie erkäme
465 4921 1028 5161 in seine.
862 5007 1086 5174 it
593 5094 846 5273 nicti
