4296 5416
2128 237 2464 367 "    "
1375 937 3812 1200 ihm ihre ganze aus Reinheit und Leidenschaftlichkeit
1385 1061 3728 1277 wunderbar gemischte Seele, und Manchmal bat er sie
620 1070 1021 1329 prosee was
1382 1274 3852 1456 das Nachts ganz leise ein Schubert'sches Lied zu sin-
1378 1422 3805 1619 gen. Das that sie dann, indem sie ihn an sich heran-
398 1428 620 1607 Verei
1388 1567 3753 1782 zog, ihre Lippen ganz nah an sein Ohr brachte, und
1391 1711 3784 1869 nun war die Dunkelheit des Zimmers von Schauern des
2797 1816 3078 1949 gaux
1388 1912 3238 2060 Entzückens und der Bewunderung erfüllt.
1727 2008 3842 2171 Therese hatte ein kleines Vermögen in die Ehe
1403 2168 3728 2353 gebracht, das eben dazu ausreichte, eine einfache
358 2134 1110 2436 Sie ein reiss.
1422 2319 3731 2489 Wohnung behaglich auszustatten; leben mussten sie
1431 2476 3913 2652 von dem Gehalt des Manns. Aber die Wirtschaftlichkeit
947 2479 1280 2680 - à un
626 2504 897 2698 flick
278 2523 570 2815 Witsch
1434 2630 3861 2828 der jungen Frau liess nirgends das Gefühl einer Ent-
1419 2803 3867 2963 behrung aufkommen, ja im Sommer durften sie sich so-
589 2652 1144 3007 liches Wort!
274 2763 530 3022 sulx
1425 2954 3747 3127 gar während der Urlaubszeit von drei Wochen einen
1440 3096 3839 3290 Aufenthalt in irgend einem kleinen Walddorf Nieder-
1456 3256 3799 3429 österreichs gönnen. Die Zukunft stellte sich ihnen
771 3210 1193 3515 lopon
1437 3414 3889 3620 Beiden als ein ungestörtes Miteinanderleben dar, die
1452 3562 3821 3784 Schwermut des Alters lag noch in weiter Ferne, und
1452 3731 3879 3901 an ein Ende dachte Keines von ihnen. Sie waren nach
1468 3895 3454 4114 siebenjähriger Ehe ein Paar von Liebenden.
1785 4037 3864 4172 Im September, kurz nachdem sie von dem Land-
1477 4108 3759 4348 aufenthalt heimgekehrt, wurde Therese krank, der
1474 4323 3827 4570 Arzt gab von Anfang an keine Hoffnung, aber Gustav
1480 4410 3842 4663 glaubte ihm nicht. Es schien ihm vollkommen unmög-
1483 4663 3926 4900 lich, dass Therese sterben könnte. Sie klagte wenig,
