4264 5416
2650 190 2830 360 11.1
1428 783 3838 1064 Tage länger wurden, weiter hinaus ins Freie, zu den
1440 948 3835 1207 Wiesen, Wäldern und Hügeln. Er liebte es, sich müde
1444 1140 3835 1352 zu gehen. Vor dem Nachhausekommen hatte er eine ge-
1453 1327 3718 1516 wisse Angst; nachts umgaben ihn die Wände seiner
2060 1453 2505 1567 quälender
1450 1459 3841 1668 Wohnung mit feinlicher Enge, und wenn er aufwachte,
1459 1595 4002 1832 weinte er nicht nur aus Schmerz, sondern auch vor
1523 1772 1873 1889 furcht
1447 1737 3762 1984 Schauer. Er nahm den Verkehr mit seinen alten Be-
2331 1930 2574 2015 ein
1469 1886 3901 2120 kannten wieder auf, kam abends zuweilen in das Gast-
1472 2094 3895 2255 haus, wo einige Bureaukollegen zu nachtmahlen pfleg-
1475 2180 3614 2426 ten. Als er einmal erzählte, dass er schlecht
3339 2243 3999 2435 als gewöhnlich
1472 2404 3822 2559 schlief, riet man ihm, etwas mehr Wein zu trinken.
1485 2524 3882 2720 Wie er ### diesem Rath folgte, bemerkte er ver-
1488 2685 3892 2922 wundert, dass er an den Gesprächen lebhaften Anteil
1494 2811 3797 3042 nahm und sich beinah froh erregt fühlte. Nachher,
1497 3001 3775 3187 als er allein nach Hause gieng, kam ihm vor, als
1497 3127 3863 3326 hätten ihn seine Freunde in einer sonderbaren, ge-
1510 3317 3917 3522 wissermassen missbilligenden Art betrachtet, und er
1507 3525 2606 3693 schämte sich ein wenig.
1851 3566 3964 3797 Die Tage wurden wärmer, die Abende waren sehr
502 3633 1121 3926 dont neuf
1523 3730 3866 3967 lind. Seine Sehnsucht nach der Toten wurde wieder
344 3869 1106 4100 yours all -
1529 3923 3936 4122 haftiger, und es gab Stunden, da jenes entsetzliche
2353 4072 2536 4166 wied
1535 4043 3854 4267 Bewusstsein des unverruflich Verlorenen mit der
1535 4226 3879 4444 ganzen Kraft eines neuen Unglücks über ihn herein-
1545 4406 3816 4650 brach. Als er einmal an einem Sonntag Nachmittag
1551 4526 3787 4770 allein im Dornbacher Park spazieren gieng - der
1564 4643 3876 4906 Frühling war inseiner ganzen Pracht über ihm, die
