4296 5384
2124 460 2414 698 27 -
1318 865 3726 1067 gar nix davon...o, er dürft' gar nix dayon wissen,
1331 1044 3840 1220 er is ja so eifersüchtig! Aber ich bitt' Sie, kann ma
1331 1204 3908 1390 denn verlangen, dass ich an den schönen Abenden im Zim-
1318 1360 3784 1543 mer sitz' - no, nicht wahr? Da red' ich alleweil mit
1328 1471 3912 1703 Ihnen... das sollt' ich doch schon gewiss nicht. Aber
1331 1674 3951 1850 schaun S', wenn man so acht Tag' lang mit Niemandem ein
1344 1775 3908 2033 vernünftiges Wort gesprochen hat, so is es eine rechte
1347 2006 1824 2160 Erholung."
1621 2140 3341 2326 Sie waren in der Nähe ihrer Wohnung.
1648 2267 3703 2466 "Wollen Sie schon nach Haus gehn, Fräulein?"
1357 2414 3843 2610 sagte er. "Setzen wir uns doch noch ein bissl in den
1357 2597 2871 2780 Stadtpark und plauschen weiter.“
1648 2757 3788 2913 Sie kehrten um, giengen die paar Schritte zum
1370 2894 3908 3080 Stadtpark, und in einer recht dunklen Allee setzte sie
1390 3067 3745 3214 sich auf eine Bank. Sie sass ganz nahe bei ihm, er
1383 3194 3840 3373 schloss halb die Augen, und da sie schwieg, hatte er
1383 3360 3938 3540 wieder ganz die Empfindung, als sässe seine Frau neben
1615 3488 1912 3628 Doch
1396 3537 3804 3703 ihm. Und als sie wieder zu reden anfieng, zuckte er
1390 3670 3762 3850 zusammen. Es war ihm hätte diese Frau
1390 3824 3873 4013 neben ihm, während sie schwieg und ihn ihre Nähe und
1409 3961 3843 4160 Wärme fühlen liess, wie mit Absicht die Tote nachzu-
1413 4111 3964 4320 ammen versucht. Und wieder fuhr ihm die Idee durch den
1393 4121 1654 4254 after
1396 4284 3794 4502 Kopf, sie wüsste, was in ihm vorgeben. Ein leichter
1409 4444 3833 4623 Aerger regte sich in ihm. Er fühlte, dass hier eine
1403 4594 3935 4815 gewisse Macht über ihn ausgeübt wurde, zu der es kein
