4264 5400
2163 463 2362 679 32
1635 771 3759 1102 "Hier wohn' ich", sagte sie, "aber noch nicht
1344 1027 3798 1238 gar lang." Sie fieng wieder zu plaudern an, erzählte
1366 1203 3807 1366 von ihrer früheren Wohnung, die "ihm" nicht gefallen
1340 1313 3882 1560 hafte, weshalb er ihr diese hier gemiethet; dann redete
1335 1494 3838 1683 sie von einer Schwester, die in Prag verheiratet sei,
1335 1626 4045 1846 dann von ihrem "Ersten", der ein Hausbesitzerssohn vor de
1331 1798 3891 1996 und sie hatte sitzen lassen, dann von einer Reise nach
3195 1908 3829 2018 unternement
1335 1943 3886 2124 Venedig, die sie mit einem "Ausländer" gemacht. Gustav
1335 2102 3798 2300 sass regungslos da und liess sie reden.... Wo war er
1331 2282 3710 2468 da hingerathen!/Er, der/ noch vor wenig Monaten der
1335 2406 3878 2560 Gatte einer tugendhaften Frau gewesen war, die ihm al-
286 2529 3829 2763 + und keinen vorilen sein gehörte, er sass da von einem Frauenzimmer, die
1348 2772 3908 2895 schen durch so viele Hände gegangen war, das ihr jedes
1353 2882 3882 3062 Gefühl für das xxx die zu fehlen.
1353 3058 3851 3212 ... Was wollte er da? Was hatte er mit der zu
1362 3199 3838 3366 thun?... Wo war sein Verlangen, wo seine Wünsche?....
1340 3318 3794 3529 Er stand auf, als wollte er sich entfernen. Da erhob
1348 3468 3776 3697 auch sie sich, breitete die Arme um seinen Hals und
1344 3657 3759 3878 zog ihn an sich. Er war ihr so nah, dass er nur das
1344 3789 3772 4001 Leuchten ihrer Augen sehen konnte. Wieder stieg der
1348 3952 3811 4133 Duft von ihrem Hals zu ihm empor, zugleich fühlte er
1353 4093 3882 4274 ihre Lippen heiss auf den seinen... Wahrhaftig, es war
881 4155 1080 4367 Hl
2181 4243 2428 4349 als
1340 4265 3807 4477 kein anderer Kuss, wie er ihn noch im vorigen Herbst
2124 4406 2362 4503 in ihm
745 4367 1000 4600 by
1344 4411 3847 4635 empfangen, es war dieselbe Weichheit, dieselbe Wärme,
1344 4565 3084 4820 die gleiche Nähe, dieselbe Süst.
