4532 4713
558 1198 1830 1350 Weresetze Herr Doktor! Nahmen die meinen säglich
537 1261 1826 1420 darum für die freundlichen Flückwünsche, mit dem
560 1317 1772 1444 bis s. Z. die Erstaufführig meines neuen Stöver
560 1378 1753 1500 bezleitet haben, und gestatten sie mir, daß ich
804 1458 1549 1563 THEIRMANN SUIDIE IERMANN
570 1505 1821 1645 Ihnen in Echange für Ihm wundervollen
572 1533 1847 1688 Schleier des Kantries die Buchausgabe an. Es betr.
572 1643 1362 1732 des Feber’ beifolgend überhande!
1146 1636 1737 1741 Mit collasieder Gerichter
1209 1706 1802 1791 Ihr statt.
593 1692 1066 1805 Blankensee by Trebbin
1509 2084 2086 2182 BERLIN’GRUNEWALD
319 2130 994 2222 HERMANN SUDERMANN
1634 2156 1959 2229 BETTINASTR. 3
237 2201 1097 2273 BLienkENSEE BEI TREBBIN (KR. TELTow)
148 2245 1315 2388 Sanatorium Martinebreius bei Merano
1261 2250 1725 2365 der 11 Jan. 25
708 2318 1104 2445 Allebere,
321 2379 1430 2552 Lieter, sehr verahrten Haar daktvo!
338 2454 2138 2655 Ihre Vorelle war das erste, was ich nach dem Jode meiner
300 2494 2147 2702 lieben Frau in mich aufnehmen konnte, und der Eindruck
321 2583 2142 2801 war so streb, daß ich, als ich nach einigen Hunden am Schlusse
288 2670 2177 2885 angelangt war, mir vor die Hirn schlug und zu mir sagte:
330 2756 2180 2927 „Am Gotteswillen, Mensch, deine Frau ist ja tot!“ So ganz
298 2827 2166 3026 und gar hatte ich während dieser Zeit das wir widerfahrene
544 2974 2168 3148 daß ich Ihnen so spät schreibe, das, bitte verzeihen
321 2958 949 3103 Anglück vergessen.
354 3052 2173 3253 Sie mir! Ich habe inzwischen sehr Schwers durchzumachen
3783 513 4020 659 1,1
2210 553 2348 689 11.1
3232 1174 4111 1291 Berlin-Grunewald, Oktober 1917
3366 1266 3614 1341 Bettinastr. 3
2855 1741 4095 1840 Was ich an Liebe, Anerkennung und Wohl¬
2644 1845 4090 1924 wollen um meinen sechzigsten Geburtstag herum empfing,
2646 1927 4097 2006 gibt mir das beglückende Gefühl, daß ich nicht umsonst
2646 2011 4097 2105 gelebt und gearbeitet habe. Allen, die meiner freund¬
2644 2109 4095 2187 lich gedachten, sei mein innigster Dank dargebracht.
2648 2189 4099 2278 Ich will ihn dadurch beweisen, daß ich ohne Ermüden
2644 2283 4118 2379 weiterschaffe, solange als ich mich noch nicht sechzig-
2646 2358 2995 2482 jährig fühle.
2709 2433 4212 2681 Mit herzlichem Genuß und dank
3173 2609 3907 2801 stets der Ihre
3080 2838 4277 3038 Hermanntusermann
