4532 4713
869 483 1063 642 1,1
465 2153 1996 2358 gehabt und bin auch jetzt noch nicht über den Berg.
575 2240 2249 2413 Unter Thee Arbeit hatte ich mir nur ein Wort zu
442 2325 2291 2521 sagen, und das heißt: „Hellfahertum“. Ein besseres, glaub
455 2461 1306 2613 ich, kenn es nicht geben.
651 2470 2282 2668 Bis ich Ihnen ein Buch senden kann - die Stürbe
478 2567 2295 2751 rechne ich nicht - werden anderthalb bis zwei Jahre
492 2643 2298 2857 vergehen. Glauben Sie inzwischen nicht, daß ich trage
453 2799 632 2921 bin.
685 2827 1191 2983 In Freundschaft
1171 2932 1534 3059 den Ihre
1318 3045 2139 3222 Hermann Fodermann
