4472 5524
591 683 3944 952 dass ich gerne darauf verzichte, aber wartet nur bis meine Sinne sich
591 805 3997 1065 zur "grossen Wahrheit" werden durchgerungen haben. Vielleicht kann ich
609 948 3862 1205 such dann Dinge erzählen, die euch staunen machen werden. Ihr visst
613 1048 4110 1296 jadoch im Grunde nur, vas i h r zum Leben sagt. Ihr bekommt Antworten auf
618 1152 3662 1426 der Tiefe euerer Seele und ihr meint, die Welt hat gesprochen.“
900 1252 3988 1492 Die Freunde gingen weiter; der Stadt zu. Sie sprachen eine Weile
604 1370 4001 1661 nichts. Wie sie aber schon dem grossen Gewühle nahe waren, in dem alle
622 1574 2775 1753 Worte sich verlieren mussten, da sagte Hans:
983 1622 4049 1831 "Es ist doch schön, dass wir Alle nie die Wachheit haben werden,
639 1818 1779 2031 die du, Max, ersehnst.“
996 1826 4031 2096 "Sucht i h r sie denn nicht?" rief Max aus. "Ihr seid ja doch
626 1966 3953 2218 Alle nicht in Stande, gemächlich euere Freude und eure Schmerzen zu
644 2087 4023 2331 geniessen. Seid ihr denn zufrieden, einfach etwas zu lieben oder etwas
639 2200 3962 2470 zu hassen? Ihr sucht nach den letzten geheinsten Gründen, such nach
644 2405 1679 2614 der Seele der Dinge."
1070 2392 4031 2657 "Mag sein," sagte Stefan, "Und daher kommt es vielleicht, dass
652 2544 4014 2835 wir Sehnsucht haben nach dem, was wir besitzen - und Heimweh, während
665 2748 1848 2953 wir doch zu Hause sind!
