4472 5476
456 286 707 438 1 - 1
774 528 3846 832 "Mit einem Worte, du willst dich unterhalten," sagte Hans etwas
519 827 1140 979 verächtlich.
769 818 3918 1060 "Nein, unter ihnen, als einer von ihren will ich leben. Ich will,
537 912 4066 1194 wie die Jugend, der Zufall und die Abenteuer mich führen, durch das ganze
541 1154 1700 1324 Leben Wiens schlendern."
823 1163 3900 1427 "Wenn dir nicht die Naivität dazu fehlen möchte", warf Max ein.
845 1382 4030 1597 Gerade dir! Denn du bist ja doch nur ein veschämter Lokalpatriot.
845 1391 1123 1521 "Mir?“
537 1480 4092 1722 Du hast das kindische Bedürfnis der Zärtlichkeit für deine Nebenmenschen,
537 1592 4079 1847 und da du nicht gross genug bist, um die ganze Welt zu lieben, so begnügt
550 1717 3779 1941 sich dein bequemes Herz mit dem kleinen Fleck Erde, den du kennst."
859 1816 4066 2057 "Dass ick es liebe, gebe ich zu, dass ich es kenne, nicht. Und ich
555 1954 3869 2187 möchte es kennen! Was weiss ich denn eigentlich davon? Ich kenne die
550 2084 3815 2290 Strassen, die Gebäude, ich kenne die Mundart, die der Wiener
568 2183 3963 2411 spricht, ick kenne Typen, Gesellschaftskreise, ich kenne den Korso auf
572 2303 4115 2549 dem Ring, das Treiben in Prater, die Burgmusik – aber was den Duft dieser
564 2415 4119 2625 Dinge macht, und wieso es eigentlich kommt, dass uns oft in einem stillen
564 2531 4159 2804 Praterspaziergänge, oder auf dem alten Platz vor der Minoritenkirche oder
572 2643 4070 2916 aus einem Worte eines süssen-Wiener Mädels die ganze rührende und reiche
572 2777 3627 3032 Seele der Stadt entgegenflutet, das, d as möcht' ich wissen!“
944 2903 3408 3095 "Nun ja," sagte Hans, "das Geheimnis der Stimmung!"
953 2997 3998 3189 "Darüber," meinte Stefan, "habe ich erst neulich einmal nachge-
586 3113 4066 3328 dacht. Nicht wahr, die Tugenden und die Laster, die Talente und die Vor-
599 3229 4012 3453 urteile unserer Ahnen gehen nicht verloren. Die erben sich fort. Warum
604 3350 4043 3569 denn nicht auch die Stimmungen? Und in manchen Stunden, deren Lust oder
604 3475 4034 3708 Weh im Dämmern des Unbegreiflichen verschrimmt, sind es vielleicht Stim-
608 3582 4115 3793 mungen vergangener Jahrhunderte,die durch unsere Seele gehen; und wir er-
604 3694 3972 3918 kennen die Träume nicht als die unserer Ahnen. Denn ihre Tugenden und
604 3842 3269 4025 Laster hat man aufgezeichnet - nur selten ihre Träume."
997 3896 4200 4173 "Mystiker", sagte Max, "das verwirrt nur. Unsere Augen müssen wir
613 4039 4168 4253 schärfen, um endlich die Fäden zu sehen, welche zwischen den Einzelheiten
613 4150 4150 4401 laufen. Zum Entstehen von Stimmungen ist eine gewisse Müdigkeit def Sinne
622 4276 4074 4526 und der Gedanken notwendig. Wenn wir stets völlig wach wären, oder wenn
626 4388 4209 4602 wir uns gar zu jener idealen Wachheit emporringen könnten, in welcher alle
631 4508 4083 4763 Sinne vollkommen aufnahmsfähig wären, so gäbe es jene wallende Schleier
617 4620 4124 4866 nicht, welche sich vor die Deutlichkeit der Dinge legen und uns die Töne
617 4826 1990 5027 unserer Stimmungen bringen."
1069 4795 4182 5054 Es war dunkel geworden. Die Laternen in den Strassen waren ange-
608 5000 3475 5264 sündet. Die Freunde schlugen den Rückweg in die Stadt ein.
