4440 5444
3740 209 3931 382 P.S.
822 529 3997 786 "Nein, nein," sagte Hans, „ich habe keine Sehnsucht nach Deutlich-
551 688 3913 933 keit! Ich welch einförmiger, unausstehlicher Beleuchtung stände Alles
560 813 3993 1021 da! Verdrossen wie an einen Wintertage würden wir durch dieses frontige
577 1017 1270 1181 Dasein eilen.“
884 1048 4010 1248 "Und wer von uns," sagte Max,"glaubt ihr wohl, hat am meisten An-
582 1168 4006 1386 wartschaft darauf, dieses Rätsel zu lösen, in das wir eben jetzt wieder
573 1257 4046 1488 hineinspazieren, und das uns mit seinen tausend Laternen und mit den be-
591 1395 3797 1612 leuchteten Fenstern höhnisch entgegenglänzt?- Du,Hans, für den die
582 1497 4050 1719 LIsung des Rätsels aus unbewussten Schmerzen — oder du, Stefan, für den
595 1617 4130 1870 es aus dem Hauch ferner Zeiten zu kommen scheint – oder du, Fritz, der du
600 1759 3358 1972 dich vom gedankenlosen Strame mittreiben lassen willst-?
964 1839 4002 2070 "Wir Alle eher, als du", sagte Stefan, "wenn du wirklich ein so
586 1954 4015 2190 Wacher wärst, als du uns glauben machen willst. Aber auch zwischen dir
613 2083 4179 2314 und der Stadt bestehen Beziehungen. Und zwar andere, als die zwischen dem
608 2198 4099 2438 Schauenden und dem Geschauten. Du bist ganz einfach ein Betrogener Wiens
613 2309 3931 2532 und wie es nun schon einmal Betrogene tun, spielst du den Kalten und
608 2434 4104 2687 höhnst. Dich hat Wien getäuscht, weil du es einmal zu sehr geliebt hast,
617 2532 4144 2789 Du warst berauscht davon. Es hat dir so viel gegeben; bedenke doch;— fast
613 2660 4153 2878 den ganzen Inhalt, deines Lebens verdankst du ihm; Alles, was du schufst,
626 2771 4130 2985 war von Wiener Luft durchtränkt, und Alles was du lebtest, hatte die Süs-
640 2936 2700 3118 sigkeit seiner Atmosphäre. Ist’s nicht so?"
1057 2949 4042 3207 "Ja, Aber das ist lang vorbei. Wien! - Plötzlich hatte es sich
626 3136 3957 3349 von mir angewandt. Alles missglückte mir, was ich in Kunst und Leben
644 3215 4117 3469 unternahm. Ich nannte es ein Missglücken, während doch eigentlich nichts
631 3358 4037 3571 Anderes geschah, als dass sich meine Art zu schauen änderte. Ich klage
644 3482 4002 3695 nicht darüber, denn es musste offenbar so kommen, und nirgends in der
657 3584 4130 3824 Welt wäre es mir anders ergangen. Es gibt Leute, die ihre Jugend nie los
657 3695 4010 3931 werden - wie ihr zum Beispiel! Ich aber gehöre zu Denen, welche eines
640 3802 4059 4086 Morgens aufwachen und keine Freude am Spiel mehr finden. Da kommt wohl
657 3917 4135 4179 auch eine Zeit der Bitterkeit, in der man die Anderen beneidet, die wei-
666 4064 4161 4295 terspielen. Zuerst ist nur das schale Gefühl da, dass man etwas verloren
662 4170 4233 4392 hat. Ja, man hat die Kinderfreude verloren, an Alles so nahe heranzutreten,
666 4277 4237 4535 dass man es berühren kann. Die Verwandtschaft ist einen abhanden gekommen,
662 4419 4157 4637 man gehört nicht mehr dazu. Und da ist man eine Zeitlang einsam und arm,
666 4508 4126 4752 denn die Einsamkeit findet uns nicht reif, sie macht uns erst dazu. Dann
662 4610 4090 4881 aber kommt die grosse Klarheit. Man lässt einfach seine Sinne die Welt
680 4757 4006 4974 einsaugen. Man verzichtet darauf, die hundert Spiele mit der Welt zu
680 4876 4219 5081 spielen, ienen ihr die schönen Namen gebt. Ich bin ja noch nicht so weit,
