4472 5476
2555 267 3032 455 1-1 - 1 - 41
324 293 503 494 P.
1457 289 1654 499 J.
1781 262 2152 494 - /2 -
626 481 3789 718 auch daran, dass hier die Stadt als ein Ganzes vor dir liegt, und
626 569 4099 849 dass du sie geordneter siehst, als wenn du durch ihre Strassen wandelst.
643 735 3986 945 Oder auch die Eindrücke, die du aus der Stadt mitbringst, fangen erst
626 862 3474 1063 hier, wann es einsam und stille um dich wird, zu wirken an."
1107 945 4029 1172 "Aber es braucht durchaus nicht so zu sein", warf Stefan ein,
665 1076 4003 1317 "denn man braucht ja nicht gerade das Charakteristische seiner Heimat
639 1181 4126 1400 zu lieben. Ja, nicht einmal irgend etwas, vas tatsächlich vorhanden ist.
661 1312 4099 1518 Was mich anlangt, so bin ich darauf gekommen, dass das, was ich an Wien
652 1400 3964 1632 so lieb habe, längst nicht mehr da ist. Ich habe die Häuser von 1760
656 1536 4139 1759 gern, die längst niedergerissen sind, und die Wiener Damen von 1820, die
652 1671 3784 1864 längst gestorben sind, und die Wiener Walser, die traurigen, vom
661 1776 4082 1999 a 1 ten Strauss, die man nimmer spielt. Und wenn ich einmal über den
669 1903 3981 2135 Ring bummle, in Frühjahr, und ich fühle mich behaglich, so merke ich
674 2017 4104 2236 gleich, dass ich g eigentlich ein Herr von 1870 bin, und ich sehe alle
674 2122 3924 2398 die Leute, wie ich sie auf Bildern nach vielen Jahren sehen würde.“
1172 2244 4108 2454 "Das glaubst du nur!" rief Fritz. "Es ist nur ein Raffinement
674 2367 4091 2568 mehr, um sich am Lebendigen zu freuen. Gelegentlich überzeugt man sich
691 2454 4034 2682 aber auf die angenehmste Weise, dass man doch nicht mit Schatten oder
687 2594 4060 2818 Bildern zu tun hat; nicht wahr? Und ich lasse mir von dir, Hans, mein
704 2678 4121 2918 lustiges Wien, nicht traurig, und von dir, mein lieber Stefan, meiin le-
691 2804 4152 3032 bendigesWien nicht historisch machen. Ja, verachtet mich nur. Ich bin ja
700 2914 4187 3163 auch wirklich von euch beinahe schon in meinen heiligsten Wiener Empfin-
704 3036 4034 3268 dungen verdorben worden. Es ist mir geschehen, dass ich beim Gusthel-
704 3163 4209 3369 bauer sass und sich bei dem köstlichen Lied vom "Alten Draher" nichts in
709 3259 4025 3487 mir regte. Ich habe das Herz von einem "echten Weana" preisen gehört
722 3364 4204 3605 und beinahe vergessen, dass ich selbst eins habe! Der Rein von die Tanz
718 3518 4191 3732 und "Gstanz" hat mich unegrührt gelassen — und ich war nahe daran, darü-
709 3627 4082 3885 ber zu höhnen, dass der alte Steffel, oder gar der Vater Radetsky mit
735 3754 4182 3986 Interesse auf uns niederschaut. Das soll wieder anders werden. Ich muss
726 3868 4126 4104 meine Naivität wieder bekommen. Mein heiteres Wien will ich mir wieders
735 3933 4257 4196 entdecken, das, wofür ihr Alle nicht die richtigen Augen habt. Wo du hin-
726 4091 4082 4305 schaust, N###k Hans, da siehst du nur die stuwe Wehmut der Dinge und
735 4191 4187 4414 die unbesorgte Beschränktheit der Menschen.- Für dich, Max, ist überall
739 4340 4047 4541 die Dürre des Gesetzmässigen und Notwendigen.— Und gar du, Stefan! -
739 4410 4060 4664 Für dich sind überall Komödianten, die dir ahnungslos was vorspielen
739 4541 4204 4786 müssen. Manchmal hast du die Güte, zu applaudieren, öfters aber bist du
748 4694 4231 4887 zerstreut, oder nicht in der Laune, hinzuhorchen.- Ich will anders sein,
757 4808 4196 5018 wie Ihr Alle! Ich will, was ihr eigentlich Alle nicht könnt, mit ihnen,
748 4974 1658 5206 unter ihnen leben.
