<?xml version="1.0" encoding="UTF-8" standalone="yes"?>
<PcGts xmlns="http://schema.primaresearch.org/PAGE/gts/pagecontent/2013-07-15" xmlns:xsi="http://www.w3.org/2001/XMLSchema-instance" xsi:schemaLocation="http://schema.primaresearch.org/PAGE/gts/pagecontent/2013-07-15 http://schema.primaresearch.org/PAGE/gts/pagecontent/2013-07-15/pagecontent.xsd">
    <Metadata>
        <Creator>prov=READ-COOP:name=TrHtr:version=2.1.0:model_id=51170:date=21_08_2023_09:01</Creator>
        <Created>2023-05-10T15:06:22.782+02:00</Created>
        <LastChange>2023-08-21T09:01:47.185+02:00</LastChange>
        <TranskribusMetadata docId="1428798" pageId="55429975" pageNr="1" tsid="133274356" status="IN_PROGRESS" userId="64420" imgUrl="https://files.transkribus.eu/Get?id=KJFIMOMKBHLUNFLSAAMCBUCO&amp;fileType=view" xmlUrl="https://files.transkribus.eu/Get?id=HPPAGLVSMIXZPCIVSGVXRFAT" imageId="44704047"/>
    </Metadata>
    <Page imageFilename="1428798_0001.jpg" imageWidth="4360" imageHeight="5364">
        <ReadingOrder>
            <OrderedGroup id="ro_1711805520366" caption="Regions reading order">
                <RegionRefIndexed index="0" regionRef="tr_3"/>
                <RegionRefIndexed index="1" regionRef="tr_2"/>
                <RegionRefIndexed index="2" regionRef="tr_1"/>
            </OrderedGroup>
        </ReadingOrder>
        <TextRegion id="tr_3" custom="readingOrder {index:0;}">
            <Coords points="1636,236 3482,236 3482,995 1636,995"/>
            <TextLine id="tr_3_tl_1" custom="readingOrder {index:0;}">
                <Coords points="3117,347 3167,356 3207,343 3253,347 3302,374 3420,275 3442,275 3442,208 3420,208 3401,226 3356,221 3347,230 3320,226 3271,189 3235,208 3189,189 3122,212"/>
                <Baseline points="3147,292 3237,292 3327,286 3416,292 3452,292"/>
                <TextEquiv>
                    <Unicode>G.F.H.P</Unicode>
                </TextEquiv>
            </TextLine>
            <TextLine id="tr_3_tl_2" custom="readingOrder {index:1;}">
                <Coords points="1755,406 1935,429 2111,415 2138,442 2274,411 2495,424 2499,289 2368,325 2319,316 2229,226 2170,266 2044,217 1949,293 1759,329"/>
                <Baseline points="1780,400 1786,400 1875,400 1965,394 2054,388 2144,394 2234,394 2323,388 2413,388 2502,382"/>
                <TextEquiv>
                    <Unicode>Wiener Spiegel</Unicode>
                </TextEquiv>
            </TextLine>
            <TextLine id="tr_3_tl_3" custom="readingOrder {index:2;}">
                <Coords points="3004,505 3090,550 3126,541 3207,591 3406,559 3474,568 3469,424 3343,433 3162,311 3000,343"/>
                <Baseline points="3028,489 3118,501 3207,507 3297,507 3386,507 3476,507 3482,507"/>
                <TextEquiv>
                    <Unicode>Capt'y</Unicode>
                </TextEquiv>
            </TextLine>
            <TextLine id="tr_3_tl_4" custom="readingOrder {index:3;}">
                <Coords points="1800,659 1899,686 1940,650 2057,668 2089,645 2170,654 2242,731 2382,704 2386,496 2256,541 2233,523 2197,555 2161,528 1980,523 1899,559 1805,537"/>
                <Baseline points="1827,639 1857,639 1947,633 2036,627 2126,627 2216,627 2305,627 2395,627"/>
                <TextEquiv>
                    <Unicode>Spasiergang</Unicode>
                </TextEquiv>
            </TextLine>
            <TextLine id="tr_3_tl_5" custom="readingOrder {index:4;}">
                <Coords points="2008,758 2035,758 2062,785 2089,762 2134,762 2143,771 2161,762 2206,762 2201,659 2179,659 2161,677 2134,659 2093,668 2080,654 2062,668 2048,659 2003,663"/>
                <Baseline points="2030,740 2120,746 2210,746"/>
                <TextEquiv>
                    <Unicode>von</Unicode>
                </TextEquiv>
            </TextLine>
            <TextLine id="tr_3_tl_6" custom="readingOrder {index:5;}">
                <Coords points="1611,880 3189,871 3235,740 1611,780"/>
                <Baseline points="1636,866 1714,860 1803,854 1893,860 1983,860 2072,860 2162,854 2251,854 2341,848 2431,854 2520,848 2610,848 2699,848 2789,842 2879,842 2968,842 3058,842 3147,836 3237,842"/>
                <TextEquiv>
                    <Unicode>Arthur Schnitzler</Unicode>
                </TextEquiv>
            </TextLine>
            <TextLine id="tr_3_tl_7" custom="readingOrder {index:6;}">
                <Coords points="1669,988 2797,1001 2801,866 2265,862 2143,902 2021,853 1805,916 1669,902"/>
                <Baseline points="1696,985 1732,985 1821,979 1911,979 2001,973 2090,973 2180,967 2269,967 2359,967 2449,967 2538,967 2628,961 2717,955 2807,961"/>
                <TextEquiv>
                    <Unicode>(Deutsche Zeitung 1891)</Unicode>
                </TextEquiv>
            </TextLine>
        </TextRegion>
        <TextRegion id="tr_2" custom="readingOrder {index:1;}">
            <Coords points="585,1037 4193,1037 4193,2901 585,2901"/>
            <TextLine id="tr_2_tl_1" custom="readingOrder {index:0;}">
                <Coords points="753,1159 3776,1137 3780,961 753,1092"/>
                <Baseline points="776,1152 830,1152 919,1146 1009,1146 1099,1140 1188,1140 1278,1146 1367,1140 1457,1134 1547,1134 1636,1134 1726,1134 1815,1128 1905,1128 1995,1128 2084,1128 2174,1128 2263,1122 2353,1122 2443,1117 2532,1117 2622,1117 2711,1117 2801,1111 2891,1111 2980,1105 3070,1111 3159,1105 3249,1099 3339,1099 3428,1099 3518,1093 3607,1093 3697,1093 3787,1087"/>
                <TextEquiv>
                    <Unicode>Junisonne, die langsam verglomm. Es war draussen, weit vor der</Unicode>
                </TextEquiv>
            </TextLine>
            <TextLine id="tr_2_tl_2" custom="readingOrder {index:1;}">
                <Coords points="559,1277 3956,1245 4060,1083 559,1209"/>
                <Baseline points="585,1266 669,1272 758,1266 848,1266 937,1266 1027,1260 1117,1260 1206,1260 1296,1254 1385,1254 1475,1254 1564,1254 1654,1248 1744,1248 1833,1242 1923,1242 2012,1242 2102,1242 2192,1236 2281,1236 2371,1236 2460,1230 2550,1230 2640,1230 2729,1230 2819,1224 2908,1224 2998,1224 3088,1218 3177,1218 3267,1218 3356,1212 3446,1212 3536,1206 3625,1212 3715,1206 3804,1206 3894,1200 3984,1200 4073,1194"/>
                <TextEquiv>
                    <Unicode>Linie, und in langer Reihe dehnten sich hohe einförmige Häuser, in häss-</Unicode>
                </TextEquiv>
            </TextLine>
            <TextLine id="tr_2_tl_3" custom="readingOrder {index:2;}">
                <Coords points="559,1389 4146,1358 4182,1205 559,1317"/>
                <Baseline points="585,1385 609,1385 698,1385 788,1379 878,1379 967,1379 1057,1373 1146,1373 1236,1373 1326,1373 1415,1367 1505,1367 1594,1367 1684,1361 1774,1361 1863,1355 1953,1355 2042,1355 2132,1349 2222,1349 2311,1349 2401,1349 2490,1349 2580,1343 2670,1343 2759,1343 2849,1338 2938,1338 3028,1338 3118,1332 3207,1332 3297,1326 3386,1326 3476,1326 3566,1326 3655,1326 3745,1326 3834,1326 3924,1320 4014,1320 4103,1314 4193,1320"/>
                <TextEquiv>
                    <Unicode>licher, weiss-gelber Fgabe schimmernd. Viele Fenster waren offen, Männer in</Unicode>
                </TextEquiv>
            </TextLine>
            <TextLine id="tr_2_tl_4" custom="readingOrder {index:3;}">
                <Coords points="559,1516 3920,1480 4015,1371 564,1435"/>
                <Baseline points="585,1499 621,1499 710,1499 800,1493 890,1493 979,1493 1069,1493 1158,1487 1248,1487 1338,1487 1427,1487 1517,1481 1606,1481 1696,1481 1786,1475 1875,1475 1965,1475 2054,1475 2144,1469 2234,1463 2323,1469 2413,1469 2502,1469 2592,1463 2682,1463 2771,1457 2861,1457 2950,1457 3040,1451 3129,1445 3219,1445 3309,1445 3398,1439 3488,1439 3577,1439 3667,1439 3757,1439 3846,1439 3936,1439 4025,1433"/>
                <TextEquiv>
                    <Unicode>Hemdärmeln schauten heraus und verfolgten die klingelnde Tramway nit ge</Unicode>
                </TextEquiv>
            </TextLine>
            <TextLine id="tr_2_tl_5" custom="readingOrder {index:4;}">
                <Coords points="568,1624 2901,1642 4051,1579 4056,1471 568,1556"/>
                <Baseline points="591,1606 657,1612 746,1612 836,1606 925,1606 1015,1606 1105,1606 1194,1606 1284,1600 1373,1600 1463,1600 1553,1600 1642,1594 1732,1594 1821,1594 1911,1588 2001,1588 2090,1582 2180,1582 2269,1582 2359,1582 2449,1582 2538,1576 2628,1582 2717,1576 2807,1570 2897,1570 2986,1570 3076,1564 3165,1564 3255,1559 3345,1559 3434,1559 3524,1559 3613,1553 3703,1553 3793,1547 3882,1547 3972,1547 4061,1547"/>
                <TextEquiv>
                    <Unicode>dankenlosen Augen; Frauen in nachlässigen, schlotternden Blousen blick-</Unicode>
                </TextEquiv>
            </TextLine>
            <TextLine id="tr_2_tl_6" custom="readingOrder {index:5;}">
                <Coords points="573,1732 3812,1719 4020,1701 4020,1565 573,1674"/>
                <Baseline points="597,1720 627,1732 716,1726 806,1726 895,1726 985,1720 1075,1720 1164,1720 1254,1720 1343,1720 1433,1714 1523,1714 1612,1708 1702,1714 1791,1708 1881,1708 1971,1702 2060,1702 2150,1702 2239,1696 2329,1696 2419,1696 2508,1696 2598,1690 2687,1690 2777,1690 2867,1690 2956,1684 3046,1684 3135,1684 3225,1678 3315,1678 3404,1678 3494,1672 3583,1672 3673,1666 3763,1666 3852,1666 3942,1666 4031,1666"/>
                <TextEquiv>
                    <Unicode>ten ins Blaue, Kinder spielten auf den Strassen, schmutzig und lärmend;</Unicode>
                </TextEquiv>
            </TextLine>
            <TextLine id="tr_2_tl_7" custom="readingOrder {index:6;}">
                <Coords points="568,1863 4105,1832 4110,1696 568,1795"/>
                <Baseline points="591,1845 621,1845 710,1845 800,1839 890,1839 979,1839 1069,1839 1158,1833 1248,1833 1338,1833 1427,1833 1517,1827 1606,1827 1696,1827 1786,1821 1875,1821 1965,1821 2054,1815 2144,1815 2234,1815 2323,1815 2413,1815 2502,1815 2592,1809 2682,1803 2771,1803 2861,1803 2950,1797 3040,1797 3129,1797 3219,1791 3309,1791 3398,1791 3488,1791 3577,1786 3667,1780 3757,1780 3846,1780 3936,1780 4025,1780 4115,1780"/>
                <TextEquiv>
                    <Unicode>auf auf den matt grünenden Wiesen, die hier begannen, um sich weiter</Unicode>
                </TextEquiv>
            </TextLine>
            <TextLine id="tr_2_tl_8" custom="readingOrder {index:7;}">
                <Coords points="559,1962 3140,1971 4020,1922 4024,1823 559,1895"/>
                <Baseline points="585,1959 633,1965 722,1959 812,1959 901,1953 991,1953 1081,1953 1170,1947 1260,1947 1349,1947 1439,1947 1529,1947 1618,1941 1708,1941 1797,1935 1887,1935 1977,1935 2066,1935 2156,1929 2245,1929 2335,1929 2425,1923 2514,1923 2604,1923 2693,1923 2783,1923 2873,1917 2962,1911 3052,1911 3141,1911 3231,1905 3321,1905 3410,1899 3500,1899 3589,1899 3679,1899 3769,1893 3858,1893 3948,1899 4037,1905"/>
                <TextEquiv>
                    <Unicode>hinaus in schlichternes Hügelland zu verlieren, waren ärmliche Menschen,</Unicode>
                </TextEquiv>
            </TextLine>
            <TextLine id="tr_2_tl_9" custom="readingOrder {index:8;}">
                <Coords points="577,2089 3780,2057 3979,2048 3979,1944 577,2012"/>
                <Baseline points="603,2078 669,2078 758,2072 848,2072 937,2072 1027,2072 1117,2066 1206,2066 1296,2066 1385,2066 1475,2060 1564,2060 1654,2060 1744,2054 1833,2054 1923,2054 2012,2048 2102,2048 2192,2048 2281,2048 2371,2042 2460,2042 2550,2042 2640,2036 2729,2036 2819,2036 2908,2030 2998,2030 3088,2030 3177,2030 3267,2024 3356,2018 3446,2018 3536,2018 3625,2018 3715,2012 3804,2012 3894,2012 3984,2024"/>
                <TextEquiv>
                    <Unicode>die sich nach freier Luft sehnten, ohne es zu wissen; Buben und Mädel,</Unicode>
                </TextEquiv>
            </TextLine>
            <TextLine id="tr_2_tl_10" custom="readingOrder {index:9;}">
                <Coords points="573,2197 4101,2174 4105,1980 573,2143"/>
                <Baseline points="597,2192 621,2192 710,2192 800,2192 890,2186 979,2186 1069,2186 1158,2186 1248,2180 1338,2180 1427,2180 1517,2180 1606,2174 1696,2174 1786,2174 1875,2168 1965,2168 2054,2168 2144,2168 2234,2162 2323,2162 2413,2156 2502,2156 2592,2150 2682,2156 2771,2150 2861,2150 2950,2150 3040,2150 3129,2144 3219,2138 3309,2138 3398,2138 3488,2132 3577,2132 3667,2132 3757,2126 3846,2132 3936,2126 4025,2132 4115,2132"/>
                <TextEquiv>
                    <Unicode>die auf der Erde kugelten oder hin und her liefen, Solda/ten mit blöden,</Unicode>
                </TextEquiv>
            </TextLine>
            <TextLine id="tr_2_tl_11" custom="readingOrder {index:10;}">
                <Coords points="577,2328 4011,2296 4015,2156 577,2247"/>
                <Baseline points="603,2311 615,2305 704,2305 794,2305 884,2305 973,2299 1063,2299 1152,2299 1242,2299 1332,2299 1421,2293 1511,2293 1600,2293 1690,2293 1780,2293 1869,2287 1959,2281 2048,2281 2138,2287 2228,2281 2317,2275 2407,2275 2496,2275 2586,2269 2676,2269 2765,2269 2855,2269 2944,2263 3034,2257 3124,2257 3213,2257 3303,2251 3392,2251 3482,2251 3572,2257 3661,2251 3751,2245 3840,2245 3930,2251 4020,2257"/>
                <TextEquiv>
                    <Unicode>fröhlichen Feierabendsgesichtern, schlechte Sigarren rauchend; Dirnen,</Unicode>
                </TextEquiv>
            </TextLine>
            <TextLine id="tr_2_tl_12" custom="readingOrder {index:11;}">
                <Coords points="577,2436 3510,2432 3920,2395 3925,2265 582,2359"/>
                <Baseline points="603,2425 621,2425 710,2425 800,2425 890,2425 979,2419 1069,2419 1158,2419 1248,2419 1338,2413 1427,2413 1517,2413 1606,2407 1696,2407 1786,2401 1875,2401 1965,2401 2054,2401 2144,2401 2234,2395 2323,2389 2413,2389 2502,2389 2592,2389 2682,2389 2771,2389 2861,2383 2950,2383 3040,2377 3129,2371 3219,2371 3309,2371 3398,2371 3488,2371 3577,2365 3667,2371 3757,2365 3846,2371 3936,2365"/>
                <TextEquiv>
                    <Unicode>die meist zu zweien oder dreien, laut lachend, über's Feld schritten;</Unicode>
                </TextEquiv>
            </TextLine>
            <TextLine id="tr_2_tl_13" custom="readingOrder {index:12;}">
                <Coords points="573,2558 4083,2522 4114,2391 577,2495"/>
                <Baseline points="603,2544 633,2544 722,2544 812,2538 901,2538 991,2538 1081,2538 1170,2532 1260,2532 1349,2526 1439,2532 1529,2526 1618,2526 1708,2526 1797,2526 1887,2520 1977,2520 2066,2520 2156,2514 2245,2514 2335,2508 2425,2508 2514,2508 2604,2502 2693,2502 2783,2502 2873,2496 2962,2496 3052,2490 3141,2490 3231,2484 3321,2484 3410,2484 3500,2484 3589,2490 3679,2484 3769,2484 3858,2484 3948,2478 4037,2478 4127,2478"/>
                <TextEquiv>
                    <Unicode>zuweilen einsame Spaziergänger, die da heraus gewandter kamen, um von der</Unicode>
                </TextEquiv>
            </TextLine>
            <TextLine id="tr_2_tl_14" custom="readingOrder {index:13;}">
                <Coords points="573,2666 3519,2653 3889,2630 3889,2526 577,2594"/>
                <Baseline points="597,2658 669,2658 758,2658 848,2658 937,2658 1027,2652 1117,2652 1206,2646 1296,2646 1385,2646 1475,2646 1564,2640 1654,2640 1744,2634 1833,2634 1923,2634 2012,2634 2102,2628 2192,2628 2281,2628 2371,2622 2460,2622 2550,2622 2640,2622 2729,2616 2819,2616 2908,2616 2998,2616 3088,2616 3177,2610 3267,2610 3356,2604 3446,2604 3536,2604 3625,2598 3715,2598 3804,2598 3894,2592"/>
                <TextEquiv>
                    <Unicode>Stimmung dieses seltsamen Grenzgebietes zu kosten, wo die Stadt all-</Unicode>
                </TextEquiv>
            </TextLine>
            <TextLine id="tr_2_tl_15" custom="readingOrder {index:14;}">
                <Coords points="582,2797 4056,2824 4114,2621 586,2702"/>
                <Baseline points="609,2771 633,2771 722,2771 812,2771 901,2771 991,2771 1081,2771 1170,2765 1260,2765 1349,2765 1439,2759 1529,2759 1618,2753 1708,2753 1797,2753 1887,2753 1977,2753 2066,2753 2156,2747 2245,2747 2335,2747 2425,2741 2514,2741 2604,2741 2693,2741 2783,2735 2873,2735 2962,2729 3052,2729 3141,2729 3231,2723 3321,2723 3410,2723 3500,2723 3589,2717 3679,2717 3769,2717 3858,2717 3948,2711 4037,2711 4127,2717"/>
                <TextEquiv>
                    <Unicode>mälig aufhört, und ihr dumpfes, langes, angstvolles Atmen in einem müden,</Unicode>
                </TextEquiv>
            </TextLine>
            <TextLine id="tr_2_tl_16" custom="readingOrder {index:15;}">
                <Coords points="591,2896 2062,2901 2066,2770 1556,2829 591,2824"/>
                <Baseline points="615,2885 639,2891 728,2891 818,2885 907,2885 997,2879 1087,2879 1176,2879 1266,2879 1355,2873 1445,2873 1535,2873 1624,2873 1714,2867 1803,2867 1893,2867 1983,2867 2072,2873"/>
                <TextEquiv>
                    <Unicode>tröstlichen Seufzen aushaucht,</Unicode>
                </TextEquiv>
            </TextLine>
        </TextRegion>
        <TextRegion id="tr_1" custom="readingOrder {index:2;}">
            <Coords points="597,2888 4181,2888 4181,5260 597,5260"/>
            <TextLine id="tr_1_tl_1" custom="readingOrder {index:0;}">
                <Coords points="925,3018 3735,3023 4101,2973 4105,2811 925,2937"/>
                <Baseline points="949,2992 973,2998 1063,2992 1152,2998 1242,2992 1332,2992 1421,2992 1511,2992 1600,2986 1690,2986 1780,2980 1869,2980 1959,2980 2048,2974 2138,2974 2228,2974 2317,2974 2407,2974 2496,2968 2586,2968 2676,2968 2765,2962 2855,2962 2944,2962 3034,2956 3124,2956 3213,2962 3303,2956 3392,2950 3482,2956 3572,2950 3661,2950 3751,2950 3840,2944 3930,2944 4020,2938 4109,2944"/>
                <TextEquiv>
                    <Unicode>So waren auch die vier Freunde heute da heraus gelangt. Die Sonne</Unicode>
                </TextEquiv>
            </TextLine>
            <TextLine id="tr_1_tl_2" custom="readingOrder {index:1;}">
                <Coords points="573,3122 4042,3122 4128,2968 577,3068"/>
                <Baseline points="597,3118 645,3124 734,3124 824,3124 913,3118 1003,3118 1093,3118 1182,3112 1272,3106 1361,3106 1451,3106 1541,3106 1630,3100 1720,3100 1809,3100 1899,3100 1989,3094 2078,3094 2168,3094 2257,3088 2347,3088 2437,3088 2526,3082 2616,3082 2705,3082 2795,3082 2885,3076 2974,3076 3064,3070 3153,3070 3243,3076 3333,3070 3422,3064 3512,3064 3601,3064 3691,3064 3781,3064 3870,3064 3960,3058 4049,3058 4139,3058"/>
                <TextEquiv>
                    <Unicode>verglomm, kühle Schatten schlichen an den Mauern hinauf, langsam, bis sie</Unicode>
                </TextEquiv>
            </TextLine>
            <TextLine id="tr_1_tl_3" custom="readingOrder {index:2;}">
                <Coords points="582,3248 3641,3235 3956,3113 586,3171"/>
                <Baseline points="609,3237 651,3237 740,3237 830,3231 919,3231 1009,3225 1099,3231 1188,3225 1278,3225 1367,3219 1457,3225 1547,3219 1636,3219 1726,3213 1815,3213 1905,3213 1995,3213 2084,3213 2174,3207 2263,3201 2353,3207 2443,3201 2532,3201 2622,3195 2711,3195 2801,3195 2891,3195 2980,3189 3070,3189 3159,3189 3249,3183 3339,3183 3428,3183 3518,3183 3607,3177 3697,3177 3787,3177 3876,3177 3966,3177"/>
                <TextEquiv>
                    <Unicode>sich auf den Dächern verloren. Nur weit draussen noch auf des letzten</Unicode>
                </TextEquiv>
            </TextLine>
            <TextLine id="tr_1_tl_4" custom="readingOrder {index:3;}">
                <Coords points="582,3361 3217,3361 3947,3316 3947,3221 582,3284"/>
                <Baseline points="609,3351 645,3351 734,3351 824,3345 913,3351 1003,3345 1093,3345 1182,3345 1272,3345 1361,3339 1451,3339 1541,3339 1630,3333 1720,3333 1809,3333 1899,3333 1989,3327 2078,3327 2168,3321 2257,3321 2347,3321 2437,3321 2526,3315 2616,3315 2705,3315 2795,3309 2885,3309 2974,3309 3064,3309 3153,3303 3243,3303 3333,3297 3422,3297 3512,3297 3601,3297 3691,3297 3781,3291 3870,3291 3960,3297"/>
                <TextEquiv>
                    <Unicode>Häusern lag ein rötlicher, schmerzlicher Schimmer. Und sie spazierten</Unicode>
                </TextEquiv>
            </TextLine>
            <TextLine id="tr_1_tl_5" custom="readingOrder {index:4;}">
                <Coords points="582,3501 4015,3456 4168,3438 4173,3293 582,3406"/>
                <Baseline points="609,3470 686,3470 776,3470 866,3464 955,3464 1045,3458 1134,3458 1224,3458 1314,3452 1403,3452 1493,3452 1582,3452 1672,3446 1762,3446 1851,3446 1941,3446 2030,3440 2120,3440 2210,3434 2299,3434 2389,3434 2478,3434 2568,3434 2658,3434 2747,3434 2837,3428 2926,3422 3016,3422 3106,3422 3195,3416 3285,3416 3374,3416 3464,3416 3554,3416 3643,3416 3733,3410 3822,3404 3912,3404 4002,3404 4091,3410 4181,3416"/>
                <TextEquiv>
                    <Unicode>weiter bis zu den allerletzten Häusern. Die Strasse war jäh abgeschnitten,</Unicode>
                </TextEquiv>
            </TextLine>
            <TextLine id="tr_1_tl_6" custom="readingOrder {index:5;}">
                <Coords points="591,3604 4096,3577 4132,3420 591,3501"/>
                <Baseline points="615,3583 645,3589 734,3583 824,3583 913,3577 1003,3577 1093,3572 1182,3572 1272,3572 1361,3572 1451,3572 1541,3572 1630,3572 1720,3566 1809,3566 1899,3566 1989,3560 2078,3560 2168,3554 2257,3554 2347,3554 2437,3548 2526,3548 2616,3548 2705,3548 2795,3542 2885,3542 2974,3542 3064,3536 3153,3536 3243,3536 3333,3536 3422,3530 3512,3530 3601,3530 3691,3530 3781,3524 3870,3524 3960,3524 4049,3518 4139,3524"/>
                <TextEquiv>
                    <Unicode>hier endete die Stadt. Sie wandten sich um und schauten in den Dunstkreis</Unicode>
                </TextEquiv>
            </TextLine>
            <TextLine id="tr_1_tl_7" custom="readingOrder {index:6;}">
                <Coords points="582,3713 3672,3776 3938,3735 3943,3568 586,3650"/>
                <Baseline points="609,3703 639,3703 728,3703 818,3697 907,3703 997,3697 1087,3691 1176,3691 1266,3691 1355,3691 1445,3691 1535,3685 1624,3685 1714,3685 1803,3685 1893,3685 1983,3679 2072,3679 2162,3673 2251,3673 2341,3679 2431,3673 2520,3667 2610,3667 2699,3667 2789,3667 2879,3661 2968,3661 3058,3655 3147,3655 3237,3655 3327,3649 3416,3649 3506,3643 3595,3643 3685,3649 3775,3649 3864,3643 3954,3643"/>
                <TextEquiv>
                    <Unicode>zurück, aus dem die Strassen mühselig heranzuschleichen schienen. Sie</Unicode>
                </TextEquiv>
            </TextLine>
            <TextLine id="tr_1_tl_8" custom="readingOrder {index:7;}">
                <Coords points="595,3826 726,3844 988,3817 1326,3826 1326,3749 1195,3749 1159,3717 1114,3749 1069,3731 983,3767 943,3735 821,3726 595,3744"/>
                <Baseline points="621,3816 710,3816 800,3816 890,3816 979,3810 1069,3810 1158,3804 1248,3804 1338,3810"/>
                <TextEquiv>
                    <Unicode>blieben stehen.</Unicode>
                </TextEquiv>
            </TextLine>
            <TextLine id="tr_1_tl_9" custom="readingOrder {index:8;}">
                <Coords points="988,3916 3789,3920 3925,3898 3925,3731 988,3835"/>
                <Baseline points="1015,3900 1069,3912 1158,3918 1248,3918 1338,3918 1427,3924 1517,3918 1606,3912 1696,3912 1786,3918 1875,3912 1965,3906 2054,3906 2144,3906 2234,3906 2323,3906 2413,3900 2502,3900 2592,3900 2682,3900 2771,3894 2861,3894 2950,3894 3040,3894 3129,3894 3219,3882 3309,3882 3398,3882 3488,3876 3577,3876 3667,3876 3757,3876 3846,3876 3936,3876"/>
                <TextEquiv>
                    <Unicode>"Merkwürdig!" sagte Hans. "Als ich vor zwei oder drei Jahren</Unicode>
                </TextEquiv>
            </TextLine>
            <TextLine id="tr_1_tl_10" custom="readingOrder {index:9;}">
                <Coords points="582,4047 4001,4033 4042,3862 582,3934"/>
                <Baseline points="609,4049 645,4049 734,4049 824,4049 913,4043 1003,4043 1093,4043 1182,4037 1272,4037 1361,4037 1451,4037 1541,4037 1630,4031 1720,4031 1809,4025 1899,4025 1989,4025 2078,4025 2168,4020 2257,4020 2347,4020 2437,4020 2526,4020 2616,4014 2705,4014 2795,4008 2885,4014 2974,4008 3064,4008 3153,4002 3243,4002 3333,4002 3422,3996 3512,3996 3601,3996 3691,3996 3781,3990 3870,3990 3960,3990 4049,3996"/>
                <TextEquiv>
                    <Unicode>ein paar Monate in Auslande verbachte, habe ich mich wohl nach der Ring</Unicode>
                </TextEquiv>
            </TextLine>
            <TextLine id="tr_1_tl_11" custom="readingOrder {index:10;}">
                <Coords points="582,4168 3767,4155 4006,4123 4011,4015 582,4114"/>
                <Baseline points="609,4163 698,4169 788,4169 878,4163 967,4163 1057,4163 1146,4157 1236,4157 1326,4157 1415,4151 1505,4151 1594,4151 1684,4151 1774,4145 1863,4145 1953,4145 2042,4145 2132,4145 2222,4139 2311,4139 2401,4139 2490,4133 2580,4133 2670,4133 2759,4127 2849,4127 2938,4133 3028,4127 3118,4121 3207,4121 3297,4121 3386,4115 3476,4115 3566,4109 3655,4109 3745,4109 3834,4109 3924,4109 4014,4109"/>
                <TextEquiv>
                    <Unicode>strasse, nach unseren Theatern, nah dem Rathaus, nch einigen schönen</Unicode>
                </TextEquiv>
            </TextLine>
            <TextLine id="tr_1_tl_12" custom="readingOrder {index:11;}">
                <Coords points="600,4290 4033,4272 4038,4128 600,4200"/>
                <Baseline points="627,4282 639,4276 728,4282 818,4282 907,4282 997,4276 1087,4276 1176,4276 1266,4276 1355,4276 1445,4270 1535,4270 1624,4264 1714,4264 1803,4264 1893,4258 1983,4258 2072,4258 2162,4258 2251,4252 2341,4258 2431,4252 2520,4252 2610,4252 2699,4246 2789,4246 2879,4246 2968,4246 3058,4241 3147,4235 3237,4235 3327,4235 3416,4229 3506,4229 3595,4229 3685,4229 3775,4229 3864,4229 3954,4229 4043,4235"/>
                <TextEquiv>
                    <Unicode>Wiener Mädeln und ein bischen nach euch gesehnt, aber das wahre Heinweh,</Unicode>
                </TextEquiv>
            </TextLine>
            <TextLine id="tr_1_tl_13" custom="readingOrder {index:12;}">
                <Coords points="595,4412 3988,4380 4024,4254 595,4331"/>
                <Baseline points="621,4396 710,4402 800,4402 890,4396 979,4396 1069,4390 1158,4396 1248,4390 1338,4390 1427,4390 1517,4390 1606,4384 1696,4384 1786,4378 1875,4378 1965,4378 2054,4378 2144,4372 2234,4372 2323,4378 2413,4378 2502,4372 2592,4366 2682,4366 2771,4366 2861,4366 2950,4360 3040,4360 3129,4354 3219,4354 3309,4348 3398,4348 3488,4348 3577,4348 3667,4348 3757,4342 3846,4342 3936,4342 4025,4342"/>
                <TextEquiv>
                    <Unicode>das, bei dem einem die Tränen kommen, das habe ich eigentlich doch nur</Unicode>
                </TextEquiv>
            </TextLine>
            <TextLine id="tr_1_tl_14" custom="readingOrder {index:13;}">
                <Coords points="582,4516 3564,4547 4141,4498 4141,4358 582,4480"/>
                <Baseline points="609,4515 657,4521 746,4521 836,4515 925,4509 1015,4515 1105,4515 1194,4509 1284,4503 1373,4503 1463,4503 1553,4503 1642,4497 1732,4497 1821,4497 1911,4497 2001,4491 2090,4491 2180,4491 2269,4497 2359,4491 2449,4491 2538,4485 2628,4485 2717,4479 2807,4479 2897,4473 2986,4473 3076,4473 3165,4473 3255,4473 3345,4468 3434,4468 3524,4468 3613,4462 3703,4462 3793,4462 3882,4462 3972,4456 4061,4456 4151,4456"/>
                <TextEquiv>
                    <Unicode>empfunden, wenn mir die Erinnerung an Orte kam- wie der da einer ist. Hier</Unicode>
                </TextEquiv>
            </TextLine>
            <TextLine id="tr_1_tl_15" custom="readingOrder {index:14;}">
                <Coords points="600,4674 4137,4692 4141,4498 605,4561"/>
                <Baseline points="627,4635 657,4635 746,4635 836,4629 925,4629 1015,4629 1105,4629 1194,4629 1284,4623 1373,4623 1463,4623 1553,4623 1642,4617 1732,4617 1821,4617 1911,4617 2001,4617 2090,4611 2180,4611 2269,4611 2359,4605 2449,4605 2538,4605 2628,4599 2717,4599 2807,4599 2897,4599 2986,4599 3076,4599 3165,4593 3255,4593 3345,4587 3434,4587 3524,4587 3613,4587 3703,4587 3793,4581 3882,4575 3972,4575 4061,4575 4151,4581"/>
                <TextEquiv>
                    <Unicode>ist für mich die Seele Wiens. Hier, wo es anfängt, so still.... so einsam</Unicode>
                </TextEquiv>
            </TextLine>
            <TextLine id="tr_1_tl_16" custom="readingOrder {index:15;}">
                <Coords points="595,4773 672,4814 753,4823 817,4800 907,4832 1155,4759 1209,4795 1259,4773 1259,4687 871,4669 771,4678 749,4701 645,4678 595,4692"/>
                <Baseline points="621,4754 645,4754 734,4754 824,4748 913,4742 1003,4742 1093,4748 1182,4748 1272,4748"/>
                <TextEquiv>
                    <Unicode>zu werden...</Unicode>
                </TextEquiv>
            </TextLine>
            <TextLine id="tr_1_tl_17" custom="readingOrder {index:16;}">
                <Coords points="1069,4886 3780,4809 4069,4908 4137,4692 1543,4674 1362,4791 1069,4773"/>
                <Baseline points="1093,4856 1182,4856 1272,4862 1361,4856 1451,4856 1541,4850 1630,4850 1720,4850 1809,4856 1899,4856 1989,4850 2078,4844 2168,4844 2257,4844 2347,4838 2437,4838 2526,4838 2616,4844 2705,4838 2795,4832 2885,4826 2974,4826 3064,4826 3153,4820 3243,4820 3333,4814 3422,4820 3512,4814 3601,4814 3691,4808 3781,4808 3870,4802 3960,4802 4049,4802 4139,4808"/>
                <TextEquiv>
                    <Unicode>"Aber entschuldige," sagte Max, "gerade hier hört ja das Charak-</Unicode>
                </TextEquiv>
            </TextLine>
            <TextLine id="tr_1_tl_18" custom="readingOrder {index:17;}">
                <Coords points="595,5003 3911,4971 3911,4845 3600,4814 1376,4922 595,4795"/>
                <Baseline points="621,4987 698,4981 788,4981 878,4981 967,4975 1057,4975 1146,4975 1236,4975 1326,4975 1415,4975 1505,4975 1594,4969 1684,4969 1774,4969 1863,4963 1953,4963 2042,4963 2132,4957 2222,4957 2311,4957 2401,4951 2490,4951 2580,4951 2670,4951 2759,4945 2849,4945 2938,4945 3028,4939 3118,4939 3207,4933 3297,4939 3386,4933 3476,4933 3566,4927 3655,4927 3745,4927 3834,4933 3924,4933"/>
                <TextEquiv>
                    <Unicode>teristische auf. Das ist vielleicht eine halb unbewusste Erinnerung,</Unicode>
                </TextEquiv>
            </TextLine>
            <TextLine id="tr_1_tl_19" custom="readingOrder {index:18;}">
                <Coords points="595,5143 3771,5098 3925,4962 600,5035"/>
                <Baseline points="621,5107 710,5107 800,5101 890,5101 979,5095 1069,5095 1158,5095 1248,5089 1338,5089 1427,5095 1517,5089 1606,5089 1696,5089 1786,5089 1875,5089 1965,5083 2054,5083 2144,5077 2234,5077 2323,5077 2413,5071 2502,5071 2592,5071 2682,5071 2771,5065 2861,5065 2950,5065 3040,5065 3129,5059 3219,5059 3309,5053 3398,5059 3488,5053 3577,5047 3667,5047 3757,5047 3846,5047 3936,5047"/>
                <TextEquiv>
                    <Unicode>welche sich für dich xxx mit dieser Stelle verknüpft und gerade hier</Unicode>
                </TextEquiv>
            </TextLine>
            <TextLine id="tr_1_tl_20" custom="readingOrder {index:19;}">
                <Coords points="2084,5265 3654,5278 4020,5242 4024,5134 2089,5183"/>
                <Baseline points="2108,5250 2192,5250 2281,5250 2371,5250 2460,5250 2550,5244 2640,5238 2664,5238 2687,5238 2777,5232 2867,5232 2956,5232 3046,5232 3135,5226 3225,5226 3315,5226 3404,5220 3494,5220 3583,5214 3673,5214 3763,5214 3852,5214 3942,5214 4031,5214"/>
                <TextEquiv>
                    <Unicode>lk werden lässt. Möglicherweise liegt es</Unicode>
                </TextEquiv>
            </TextLine>
            <TextLine id="tr_1_tl_21" custom="readingOrder {index:20;}">
                <Coords points="573,5238 925,5238 997,5283 1223,5260 1317,5319 1394,5310 1394,5165 1340,5152 1281,5179 1150,5143 1042,5174 1011,5143 934,5170 911,5147 848,5170 677,5147 573,5183"/>
                <Baseline points="597,5232 686,5232 776,5232 866,5232 955,5232 1045,5238 1134,5238 1224,5244 1314,5244 1403,5244"/>
                <TextEquiv>
                    <Unicode>dieses Gefühl der</Unicode>
                </TextEquiv>
            </TextLine>
        </TextRegion>
    </Page>
</PcGts>
