3896 5080
2326 357 3491 560 The Shepherd’s Flute, 5.
933 724 3378 930 Even now, when strangers walk past our garden hedge,
936 917 3475 1036 I often see their young eyes flow with dangerous ques¬
936 1071 3491 1219 tions and desires. Never has a look of mine answered
936 1236 3407 1380 ond of them. And even the foreignnenuscholars who con¬
936 1380 3369 1532 verse with you about the comets of future centuries,
943 1560 3311 1683 se fdom neglect an opportunity of insinuating to me,
1660 1670 1821 1737 and
940 1676 3250 1837 by their ogling ae smiling, that they would value
920 1869 3292 1998 my favour more than all the lore of sun, moon, and
927 2008 3443 2146 sters. Have I ever shown any one of them other cour-
927 2159 3292 2288 tesy than such as is due to guess who break bread
927 2301 1367 2445 with us?"
1149 2471 3282 2613 M lkngly Eraemus replied: "Surely you do not
914 2632 3282 2764 fancy, Dionysia, that you have told me — who know
901 2780 3269 2909 mankind — anything new by these remarks? Even if
901 2934 3234 3086 your conduct has always been without a flaw, do I
904 3076 3269 3272 know from that, and do you know, Dionysia, whether
898 3250 3304 3398 your inIacessKlblity reveals your nature’s true ex-
894 3414 3391 3552 pression? Or have you resisted all advances, and do
885 3565 3465 3713 you believe yourself resolved to resist them in future,
878 3703 3317 3848 because it never entered your head till now that it
878 3877 3292 4019 could be otherwise, or because you secretly feared
872 4048 3301 4228 to lose forever the comfort to which your existence
849 4202 3317 4405 has become accustomed, if you onceattempted to set
