3528 5112
2945 572 3137 764 25.
1188 629 1400 777 Duke
250 678 2424 857 I know of no man better fitted for the office.
1201 870 1545 995 Madnani
247 963 2502 1101 However much my Prince honors me with his favor,
250 1044 1712 1150 Isersture to speak a bold word.
225 1105 787 1240 before all
957 1134 2402 1252 other things the wish moves me,
254 1191 2511 1346 On a day which like to-morrow shall break for us,
247 1268 1907 1397 To be at the side of my dear Prince
234 1339 2280 1496 I'd voice it not, did I not know who to name,
238 1416 954 1519 Whom the decref
992 1442 2100 1551 of fate had singled out,
254 1500 2264 1628 To stay in this good city, when we go forth.
1166 1635 1394 1798 Duke
238 1692 1015 1869 You mean Andrea.
1162 1853 1464 2023 Magani
1451 1940 2116 2087 No other,Sire!
222 2042 2074 2158 His mother died, and his sister, they say
234 2119 2110 2225 Has fallen into a sort of dubt delusion.
234 2200 2338 2315 I beg you, Sire, leave him in myernad at home!
1153 2315 1378 2469 Duke
218 2396 1978 2537 That can I not. I must have him by me
228 2495 1824 2614 On a day, such as to-morrow brings.
218 2579 1952 2675 I love Andrea more than you,Magnani, -
222 2656 2386 2807 Do not think ill of me, you are very dear to me!
222 2749 2196 2852 The young Countess shall not remain alone.
206 2819 1895 2938 For if Andrea will follow my advice,
218 2897 2803 3028 To-day he will med her to the young man whom she lives.
212 2967 1846 3067 Not in spite of her mother's death.
206 3057 1866 3157 But because she died. It is not fit
212 3089 2630 3253 To mourn at such a time; Ruars too are quickly dried
222 3214 1718 3314 When youth has a hope marfilled.
222 3292 1712 3385 I shall myself, bless this union-
212 3324 2225 3500 In weleome fashion, not with princely honor,
212 3446 1760 3577 No, but as a friend great Filippo.
199 3491 2527 3648 Let's back to the Castle! There we shall awai him
202 3613 2007 3722 With many others, whom we haveummoned
196 3648 2315 3805 To this wonderful - motley kestival, tonight,
193 3760 2219 3876 Which celebrates our return and our absence,
180 3850 2094 3950 And I will meet and know Filippo Loschi.
511 3924 1930 4011 They come further down stage.)
180 3950 1943 4123 Is this not the same street,Malvezzi?
1118 4104 1535 4265 Malvezzi
177 4178 2405 4329 The street of Azeglio, Sire! (Laughing) The same
177 4306 2495 4412 And this the house before which the beauty stood.
