3528 5080
1038 576 1442 725 Guidotti
362 675 1522 797 (Comes from the garden.)
179 725 3041 912 splendid festival, Mr Secretary! But it is not complete until
141 858 1721 988 we have cut off Mariscotti's head.
897 980 1331 1103 Cosini
137 1049 2884 1225 think, there is better 13. hab, here are the most
122 1167 1953 1286 beautiful women and maidens of Bologna.
1038 1255 1434 1419 Guidotti
107 1351 3174 1545 Good Mr.Secretary, what is that to us! What are the most beautiful
130 1476 2987 1583 maidens of Bologna to us. I am Sixty three.I must seek other
141 1549 637 1682 amusement.
1049 1648 1335 1797 cosini
111 1717 2983 1923 Well,I remember a night in Cyprus--not yet three months ago,
1038 1877 1438 2041 Guidotti
114 1965 2991 2163 fes,ny good--Cyprus--Cyprus! That is different, what may one
114 2094 1049 2236 not do in the south!
332 2194 1705 2384 ( Inter Magnani from garden.)
1030 2342 1362 2506 Magnan;
95 2426 2285 2644 Oosini--Guidotti--let us make a last attempt!
1038 2583 1339 2781 cosini
107 2621 759 2823 What attempt?
1026 2785 1370 2999 Magnani
92 2854 1030 3060 To protect our Duke!
1030 3056 1331 3250 cosini
72 3113 618 3315 From what?
1019 3254 1370 3430 Magnani
72 3350 2033 3533 From his being alone with Beatrice Nardi.
1015 3514 1324 3681 cosini.
76 3578 2094 3758 Magnani, really,you are not in your senses!
1011 3743 1366 3907 Magnanien,
72 3800 2300 3990 Are you blind? Can you believe, that all this he
72 3952 2514 4055 naturally? something is going on which can not be spo
92 4002 2949 4135 out loud. And I am convinced, that the Duke is in great danger
84 4113 2987 4212 only think! A being, that he saw for the first time--and with
69 4181 2945 4284 Jugt. one glance from her – by heaven— it was all up with him!
53 4280 2930 4425 He makes her Duchess of Bologna! And this the day before such
84 4353 1930 4494 a morrow as we have to look forward to.
984 4433 1324 4601 Gosini
1144 4578 1343 4723 —oth
1461 4471 2987 4757 vise he would not have done it.
69 4494 935 4731 Yes before such a
