3512 5080
1531 639 1851 797 Ercole
348 720 1321 896 No! Beatrice Nardi.
365 857 2652 966 Friday, our Duke saw upon the street, herself,
372 948 2634 1057 Was at once enraptured, and took her to himself.
1577 1106 1946 1243 Filippo
646 1194 1637 1338 (controlling himself)
355 1289 2413 1405 Took her to himself? As one takes a slave?
355 1391 2459 1507 He beckoned her — she quickly followed him?
372 1489 2617 1598 come, tell us everything! How all this happened!
365 1577 1971 1732 It is so wonderful! So marvelous!
1531 1746 1834 1872 Ereole
348 1841 2336 1953 More Wonderful, than you can well imagine,
1942 1939 2483 2058 He met her,
355 1932 1886 2044 Is the manner of this happening.
372 2030 2599 2143 At the very moment, when she – just farcy it!
365 2097 3189 2255 When she was going to her wedding, by her bridgegroom’s side.
1531 2287 1886 2424 Filippo
372 2399 1886 2494 True! 'Tis much more marvellous
365 2473 2065 2610 Than first I thought! speak further!
1531 2631 1834 2771 Ereole
1531 2740 2880 2852 Well! The Duke stopped her –
601 2821 2950 2993 (the voices on the street grow nearer than before)
1521 2979 1841 3165 Voices
601 3095 1040 3242 (outside)
355 3214 3042 3344 The castle garden glitters with a thousand lights! Some!
369 3309 2624 3414 come! ye lovely women! The Duke invites you all,
362 3383 2301 3498 To the marriage of his beateurs Beatrice!
1514 3569 1886 3688 Filippo
337 3632 1921 3772 He stopped her – well, continue!
1521 3839 1844 3959 Ereole
1749 3902 2438 4085 And, she said:
344 4001 1869 4141 Into your Highness's bedchamber
348 4110 1749 4250 I enter only as your Duchess!
1514 4275 1953 4426 Isabella
337 4373 1286 4528 The impudent hussy!
1500 4566 1886 4693 Filippo
330 4679 1942 4773 And this Vit — what was his name
2122 4654 2487 4781 I mean
348 4749 2259 4903 The bridgegroom — He made no resistence?
