3928 5144
3228 128 3412 313 1
2292 341 3443 569 The Shepherd's Flute. 2.
891 760 3334 948 nights, entered the nuptial chamber, where he found
894 945 3359 1082 his wife alreadyareep. Without awakening her, he
891 1088 3353 1242 allowed his glance to rest upon her for a long time,
891 1226 3268 1389 and, although her eye-lids remained closed and her
898 1357 3415 1583 features motionless, he reached her with strained and
904 1554 3359 1701 ever-growing intentiess, as though this very hour he
891 1736 3306 1886 must discover, behind her̃smoots' and peaceful brow,
919 1870 3281 2023 those thought-impulses which had hitherto remained
907 2033 3303 2155 concealed from him. finally he put out the light,
913 2186 3228 2314 sat down in an easy-clair at the foot of the bed,
913 2330 3353 2464 and in the stillness of the night gave himself up to
901 2496 3234 2624 a quiteousualeditation on the being with whom
907 2655 3249 2780 he had been united in calm. and untroubled wedlock
919 2774 3428 2937 for three years, and who had today for the first time
907 2955 3321 3106 appeared to him like a stranger. It was only when
919 3090 3381 3231 the long widow began to glimmer in the light of the
907 3253 3312 3409 coming down that he rose, and then hertee patientl¬
901 3440 3353 3587 until Dionysia drew a deep breath as heanched her,
907 3606 3334 3740 stretched herself, opened her eyes, and greeted him
907 3750 3412 3906 with a pleasant morning smile. But when she saw him
901 3913 3249 4063 standing at the foot of the bed with such unmoved
901 4069 3249 4203 gravity, she asked lmaged, and her first done was
891 4206 3390 4410 jesting: "What has happened to you, my Erasmus? Did
