3496 5112
1346 146 1526 261 :
2174 158 2341 295 : 1:
2630 136 2949 347 1
840 167 1030 344 14
2788 378 2955 549 15
1346 676 1693 800 Andrea
273 726 1250 896 find you over ready!
1361 955 1718 1085 Filippo
251 1008 1151 1172 hy do you hesitate?
1228 1039 1861 1169 You know I am
239 1141 1470 1290 oresworn, I broke my word.
1346 1312 1668 1458 Andrea
217 1349 1157 1563 Yes, yes! I know –
1346 1575 1703 1712 Filippo
226 1619 2168 1833 But not the reason for my breach of faith.
1352 1851 1662 1985 Andrea
239 1923 2258 2109 I'm here that you may set that reason forth.
1352 2103 1706 2252 Filippo
214 2211 2497 2338 Then listen, though the greed ofchengeance flame
239 2323 2075 2428 To fiercer heat, while lingering by your
236 2403 2314 2515 Dear, dying Mother's bed, your sisteranched
257 2493 2332 2621 with anxious care her parent’s labored breath
220 2596 1929 2692 There I to her,to whom I owed twofold
229 2670 1926 2785 Devotion, as my 'bride affianced, and
220 2776 2186 2881 The sister of my friend – Andrea – yours
226 2875 1851 2974 Yet to her, Teresina, with hot laps
205 2943 2174 3064 I pound into her ear, words, mad and wild
205 3036 2345 3179 As one might hear pour from a bar maid’s laps.
211 3142 1938 3253 When finally she understood, she gave
198 3216 2165 3362 Me such a look, that I went forth in rage,
192 3334 2096 3439 For it was not remorse, by anger bred of
192 3424 1836 3535 Balked desire which drove me thence
192 3520 2220 3613 Outside the city, where young maids and men
198 3576 2676 3706 Were dancing — and the game were held. I sped away
198 3687 2692 3799 Johned madly aye! In their Lavela, and now you see me
171 3777 2078 3873 like the wraith of one, who wandered far
180 3880 2072 3979 During a hundred years, in Fairyland. --
192 3957 2165 4066 A realm12n’chanted, where all earthly love,
180 4060 2134 4159 Was filched from him, and all commonworth
202 4128 2413 4274 To men donied him — Thus am I with naught left
192 4233 859 4348 Of what I was.
1355 4407 1665 4528 Andrea
186 4481 2571 4605 Know you nothing more? Then I know more than thou-
192 4593 1836 4692 ne only well knows his own misery.
186 4674 2453 4832 Teresina is stricken dumb, from a nervous shock.
