3816 5208
1615 422 1855 544 Duke
470 518 2811 662 Conditions? nothing more remains to be discussed.
1624 620 1979 739 Magnani
467 697 2775 812 Yes, there is, Sire! Even should he not ask more
470 806 2775 911 Than the surety, that for the future there should
476 886 2440 1001 Resile in Bologna and in other cities too,
467 969 1186 1119 A Papal legate.
1631 1055 1855 1196 Duke
470 1148 2811 1273 That were quite possible, and also more than that!
470 1257 2695 1359 To the camp he Levited me, to sign the articles
476 1359 2066 1461 Of peace, with me, as with others,
476 1432 2162 1583 To more surely seal the new compact,
470 1532 2481 1666 Goes to Rome, and has me for greater safety
460 1624 2254 1749 Murdered before the Oates of his city,
460 1714 2200 1823 As he did our noble cousin of Verona.
454 1794 2667 1903 All this is possible, but one thing is certain;
470 1896 2721 2002 That there is not room enough for Cassar Borgia,
454 1995 2315 2101 And me, upon this earth, and that he is
467 2037 2804 2184 The stronger. In the midst of this servile Italy,
467 2168 2734 2280 Which Caesar troads bereath his feet, my Bologna.
467 2264 2165 2363 Cannot remain free; but ifselquered,
508 2334 2494 2452 'Twill be easier for it to live in security.
470 2440 2449 2539 Therefore the sooner I depart, the better.
470 2513 2715 2638 What is to be, will be, yet nothing compels him,
470 2619 2571 2718 Who will not look upon it to await it longer.
742 2695 3236 2846 (As they advance towards the door of Nardi’s dwelling
742 2817 3229 2913 enter VITTORING, BEATRICE, and behind tn em FRANCESCO.
681 2910 3188 2999 As they come out of the hallway into the street, they
681 2990 3249 3095 meet the Duke's touch beaters, and are lighted up with
697 3076 3236 3198 a full red light. The Duke sees Beatrice and retreats
681 3162 1046 3335 a step)
1615 3322 1871 3485 Duke
470 3428 1110 3604 There she is
1612 3514 2034 3652 Malvezzi
1100 3632 2721 3767 Yes, my Lord, it is the same maid.
1624 3779 1861 3952 Duke
703 3888 1605 4019 (Going to Beatrice)
460 3987 2545 4102 Do not pass by so quickly, beautiful mainem!
454 4106 2756 4269 I hope you will not dislain your Duke’s groeting.
1605 4237 2072 4406 Francesoo-
454 4317 2644 4531 Her brother thanks you, Prince for that honor,
460 4473 1090 4598 In her stead.
713 4563 1995 4742 (To Beatrice and Vittorino)
1250 4643 2021 4828 come, let us go.
