<?xml version="1.0" encoding="UTF-8" standalone="yes"?>
<PcGts xmlns="http://schema.primaresearch.org/PAGE/gts/pagecontent/2013-07-15" xmlns:xsi="http://www.w3.org/2001/XMLSchema-instance" xsi:schemaLocation="http://schema.primaresearch.org/PAGE/gts/pagecontent/2013-07-15 http://schema.primaresearch.org/PAGE/gts/pagecontent/2013-07-15/pagecontent.xsd">
    <Metadata>
        <Creator>prov=READ-COOP:name=TrHtr:version=2.1.0:model_id=51170:date=15_08_2023_08:06</Creator>
        <Created>2023-05-10T15:11:41.860+02:00</Created>
        <LastChange>2023-08-15T08:06:07.160+02:00</LastChange>
        <TranskribusMetadata docId="1428822" pageId="55431685" pageNr="31" tsid="132841935" status="IN_PROGRESS" userId="64420" imgUrl="https://files.transkribus.eu/Get?id=RAZTLUYKGNRPGUTNTBVZASPQ&amp;fileType=view" xmlUrl="https://files.transkribus.eu/Get?id=BTPFSFDOZCUVJOGYFBAYLUIH" imageId="44705722"/>
    </Metadata>
    <Page imageFilename="1428822_0031.jpg" imageWidth="3560" imageHeight="5128">
        <ReadingOrder>
            <OrderedGroup id="ro_1711803218404" caption="Regions reading order">
                <RegionRefIndexed index="0" regionRef="tr_1"/>
                <RegionRefIndexed index="1" regionRef="tr_2"/>
            </OrderedGroup>
        </ReadingOrder>
        <TextRegion id="tr_1" custom="readingOrder {index:0;}">
            <Coords points="201,454 3074,454 3074,3327 201,3327"/>
            <TextLine id="tr_1_tl_1" custom="readingOrder {index:0;}">
                <Coords points="2853,531 2904,531 2949,573 2965,576 3023,537 3039,547 3068,544 3068,406 3045,400 3004,422 2968,397 2949,413 2901,425 2853,413"/>
                <Baseline points="2872,510 2961,504 3050,504 3074,510"/>
                <TextEquiv>
                    <Unicode>13.</Unicode>
                </TextEquiv>
            </TextLine>
            <TextLine id="tr_1_tl_2" custom="readingOrder {index:1;}">
                <Coords points="202,665 582,608 1718,633 1718,499 1366,557 1017,512 537,544 416,493 202,528"/>
                <Baseline points="219,605 308,605 397,605 486,605 575,599 664,599 753,599 842,599 931,605 1020,605 1109,599 1198,599 1287,605 1376,605 1465,605 1555,599 1644,599 1727,605"/>
                <TextEquiv>
                    <Unicode>To place it in the Cento garden.</Unicode>
                </TextEquiv>
            </TextLine>
            <TextLine id="tr_1_tl_3" custom="readingOrder {index:2;}">
                <Coords points="528,729 637,701 761,733 822,697 921,726 963,704 1056,713 1056,624 1030,614 982,643 928,643 873,617 784,643 685,608 582,608 528,630"/>
                <Baseline points="546,694 635,694 724,688 813,688 902,688 991,694 1062,694"/>
                <TextEquiv>
                    <Unicode>To Ercole.)</Unicode>
                </TextEquiv>
            </TextLine>
            <TextLine id="tr_1_tl_4" custom="readingOrder {index:3;}">
                <Coords points="182,822 2002,793 2002,720 1919,707 525,742 182,672"/>
                <Baseline points="201,777 290,777 379,783 468,777 557,783 646,783 735,777 824,783 914,783 1003,783 1092,783 1181,777 1270,777 1359,777 1448,777 1537,777 1626,777 1715,777 1804,777 1893,777 1982,783 2006,783"/>
                <TextEquiv>
                    <Unicode>By the side of your fencer,dear to us.</Unicode>
                </TextEquiv>
            </TextLine>
            <TextLine id="tr_1_tl_5" custom="readingOrder {index:4;}">
                <Coords points="189,876 518,934 643,883 1986,899 2140,886 2140,812 189,828"/>
                <Baseline points="207,872 278,872 367,872 457,872 546,872 635,872 724,872 813,872 902,872 991,872 1080,872 1169,866 1258,866 1347,866 1436,866 1525,866 1614,866 1703,866 1792,866 1881,866 1970,860 2059,860 2148,866"/>
                <TextEquiv>
                    <Unicode>And yet, no matter what we brought, we were</Unicode>
                </TextEquiv>
            </TextLine>
            <TextLine id="tr_1_tl_6" custom="readingOrder {index:5;}">
                <Coords points="202,985 2613,998 2613,918 2418,873 202,892"/>
                <Baseline points="219,961 302,961 391,961 480,961 569,961 658,961 747,961 836,961 925,967 1014,961 1103,961 1192,961 1282,955 1371,955 1460,961 1549,961 1638,961 1727,961 1816,955 1905,955 1994,955 2083,955 2172,955 2261,955 2350,955 2439,955 2528,955 2617,955"/>
                <TextEquiv>
                    <Unicode>Robbed of more, and of more value than the measure.</Unicode>
                </TextEquiv>
            </TextLine>
            <TextLine id="tr_1_tl_7" custom="readingOrder {index:6;}">
                <Coords points="202,1075 2006,1091 2006,988 1884,969 1232,1020 202,985"/>
                <Baseline points="219,1056 231,1050 320,1050 409,1050 498,1050 587,1050 676,1056 765,1050 854,1056 943,1056 1032,1050 1121,1050 1210,1050 1299,1050 1388,1050 1477,1050 1566,1050 1655,1044 1744,1050 1833,1044 1923,1050 2012,1050"/>
                <TextEquiv>
                    <Unicode>Two of our men, Gofalo, and Marco Pitti,</Unicode>
                </TextEquiv>
            </TextLine>
            <TextLine id="tr_1_tl_8" custom="readingOrder {index:7;}">
                <Coords points="202,1168 1999,1168 1999,1091 1826,1065 1558,1120 1455,1072 202,1081"/>
                <Baseline points="219,1151 225,1145 314,1145 403,1145 492,1145 581,1145 670,1145 759,1145 848,1145 937,1139 1026,1139 1115,1139 1204,1139 1293,1139 1382,1139 1471,1139 1560,1139 1649,1133 1739,1133 1828,1133 1917,1139 2006,1145"/>
                <TextEquiv>
                    <Unicode>Their gaze fixed on the city s towards,</Unicode>
                </TextEquiv>
            </TextLine>
            <TextLine id="tr_1_tl_9" custom="readingOrder {index:8;}">
                <Coords points="202,1289 2361,1257 2412,1155 202,1161"/>
                <Baseline points="219,1246 284,1246 373,1234 462,1234 551,1234 641,1240 730,1234 819,1234 908,1234 997,1228 1086,1228 1175,1234 1264,1228 1353,1228 1442,1228 1531,1228 1620,1228 1709,1228 1798,1228 1887,1228 1976,1228 2065,1228 2154,1222 2243,1222 2332,1222 2421,1228"/>
                <TextEquiv>
                    <Unicode>Lie Yoully murdered, and with them seven others.</Unicode>
                </TextEquiv>
            </TextLine>
            <TextLine id="tr_1_tl_10" custom="readingOrder {index:9;}">
                <Coords points="1126,1459 1155,1465 1184,1436 1270,1462 1331,1443 1462,1459 1465,1260 1388,1283 1334,1270 1305,1286 1270,1286 1251,1267 1212,1286 1184,1267 1129,1267"/>
                <Baseline points="1145,1412 1204,1412 1293,1406 1382,1406 1471,1406"/>
                <TextEquiv>
                    <Unicode>Ereole</Unicode>
                </TextEquiv>
            </TextLine>
            <TextLine id="tr_1_tl_11" custom="readingOrder {index:10;}">
                <Coords points="1459,1526 2677,1535 2805,1513 2805,1379 1999,1449 1459,1414"/>
                <Baseline points="1477,1501 1566,1495 1655,1495 1744,1495 1833,1495 1923,1495 2012,1495 2101,1501 2190,1495 2279,1495 2368,1495 2457,1495 2546,1495 2635,1501 2724,1495 2813,1495"/>
                <TextEquiv>
                    <Unicode>How so? How came it that you</Unicode>
                </TextEquiv>
            </TextLine>
            <TextLine id="tr_1_tl_12" custom="readingOrder {index:11;}">
                <Coords points="195,1670 1577,1619 1577,1516 1491,1529 1353,1439 825,1497 195,1471"/>
                <Baseline points="213,1602 249,1602 338,1596 427,1602 516,1596 605,1596 694,1596 783,1596 872,1596 961,1596 1050,1596 1139,1590 1228,1590 1317,1590 1406,1590 1495,1590 1584,1596"/>
                <TextEquiv>
                    <Unicode>Fell into the Borgia's hands?</Unicode>
                </TextEquiv>
            </TextLine>
            <TextLine id="tr_1_tl_13" custom="readingOrder {index:12;}">
                <Coords points="1116,1810 1158,1826 1190,1807 1212,1823 1248,1801 1286,1830 1337,1804 1443,1807 1462,1823 1494,1798 1545,1801 1545,1615 1331,1660 1222,1619 1180,1641 1116,1628"/>
                <Baseline points="1133,1780 1192,1774 1282,1768 1371,1768 1460,1768 1549,1774"/>
                <TextEquiv>
                    <Unicode>Agostino</Unicode>
                </TextEquiv>
            </TextLine>
            <TextLine id="tr_1_tl_14" custom="readingOrder {index:13;}">
                <Coords points="1590,1894 1743,1871 1810,1897 2153,1868 2153,1747 1961,1791 1849,1756 1788,1775 1635,1705 1590,1718"/>
                <Baseline points="1608,1857 1697,1851 1786,1851 1875,1857 1964,1851 2053,1851 2142,1857 2160,1857"/>
                <TextEquiv>
                    <Unicode>Foor Pitti!</Unicode>
                </TextEquiv>
            </TextLine>
            <TextLine id="tr_1_tl_15" custom="readingOrder {index:14;}">
                <Coords points="189,2006 2377,1974 2348,1865 1478,1894 1244,1801 189,1862"/>
                <Baseline points="207,1958 296,1958 385,1952 474,1952 563,1952 652,1952 741,1952 830,1952 919,1952 1008,1952 1098,1952 1187,1946 1276,1946 1365,1946 1454,1946 1543,1946 1632,1946 1721,1946 1810,1952 1899,1952 1988,1946 2077,1946 2166,1946 2255,1946 2344,1952 2380,1958"/>
                <TextEquiv>
                    <Unicode>I knew him well! He was so joyous,going forth,</Unicode>
                </TextEquiv>
            </TextLine>
            <TextLine id="tr_1_tl_16" custom="readingOrder {index:15;}">
                <Coords points="202,2105 1548,2095 1766,2063 1766,1970 202,1993"/>
                <Baseline points="219,2053 261,2047 350,2047 439,2047 528,2047 617,2047 706,2041 795,2047 884,2047 973,2047 1062,2047 1151,2041 1240,2041 1329,2041 1418,2041 1507,2035 1596,2035 1685,2035 1774,2047"/>
                <TextEquiv>
                    <Unicode>And then to die in sight of home!</Unicode>
                </TextEquiv>
            </TextLine>
            <TextLine id="tr_1_tl_17" custom="readingOrder {index:16;}">
                <Coords points="1142,2255 1212,2230 1267,2252 1283,2242 1302,2255 1331,2246 1443,2262 1484,2236 1481,2076 1443,2089 1398,2076 1369,2102 1337,2089 1267,2108 1216,2095 1187,2118 1139,2108"/>
                <Baseline points="1157,2219 1246,2213 1335,2213 1424,2219 1489,2219"/>
                <TextEquiv>
                    <Unicode>Cosini.</Unicode>
                </TextEquiv>
            </TextLine>
            <TextLine id="tr_1_tl_18" custom="readingOrder {index:17;}">
                <Coords points="189,2329 1945,2354 1926,2233 1123,2268 947,2182 189,2230"/>
                <Baseline points="207,2320 261,2314 350,2308 439,2314 528,2314 617,2308 706,2308 795,2308 884,2314 973,2308 1062,2308 1151,2308 1240,2308 1329,2308 1418,2308 1507,2308 1596,2308 1685,2302 1774,2302 1863,2302 1952,2302"/>
                <TextEquiv>
                    <Unicode>It was for the Duke designed, we know!</Unicode>
                </TextEquiv>
            </TextLine>
            <TextLine id="tr_1_tl_19" custom="readingOrder {index:18;}">
                <Coords points="202,2428 2754,2421 2773,2313 202,2341"/>
                <Baseline points="219,2409 284,2403 373,2403 462,2403 551,2403 641,2397 730,2397 819,2397 908,2397 997,2397 1086,2397 1175,2397 1264,2397 1353,2397 1442,2397 1531,2397 1620,2391 1709,2391 1798,2391 1887,2397 1976,2397 2065,2397 2154,2391 2243,2397 2332,2397 2421,2391 2510,2391 2599,2391 2688,2391 2777,2385"/>
                <TextEquiv>
                    <Unicode>HeavenÓordained that he should chose to hurry ahead on</Unicode>
                </TextEquiv>
            </TextLine>
            <TextLine id="tr_1_tl_20" custom="readingOrder {index:19;}">
                <Coords points="195,2521 1993,2508 1945,2415 195,2415"/>
                <Baseline points="213,2492 219,2498 308,2492 397,2492 486,2492 575,2492 664,2492 753,2492 842,2492 931,2486 1020,2486 1109,2486 1198,2486 1287,2486 1376,2492 1465,2486 1555,2486 1644,2486 1733,2480 1822,2480 1911,2480 2000,2486"/>
                <TextEquiv>
                    <Unicode>Another than the route as prearranged.</Unicode>
                </TextEquiv>
            </TextLine>
            <TextLine id="tr_1_tl_21" custom="readingOrder {index:20;}">
                <Coords points="195,2594 2246,2588 2246,2521 2082,2498 195,2521"/>
                <Baseline points="213,2587 296,2587 385,2581 474,2581 563,2581 652,2581 741,2581 830,2581 919,2581 1008,2581 1098,2581 1187,2575 1276,2575 1365,2575 1454,2581 1543,2581 1632,2575 1721,2575 1810,2575 1899,2575 1988,2575 2077,2575 2166,2569 2255,2575"/>
                <TextEquiv>
                    <Unicode>Yet there is so much to tell,that I must to</Unicode>
                </TextEquiv>
            </TextLine>
            <TextLine id="tr_1_tl_22" custom="readingOrder {index:21;}">
                <Coords points="182,2729 336,2761 659,2671 953,2725 1433,2687 1433,2617 1270,2597 892,2626 665,2581 352,2636 182,2604"/>
                <Baseline points="201,2682 284,2676 373,2676 462,2676 551,2676 641,2670 730,2670 819,2670 908,2670 997,2670 1086,2670 1175,2670 1264,2670 1353,2670 1442,2676"/>
                <TextEquiv>
                    <Unicode>My master's errand hasten.</Unicode>
                </TextEquiv>
            </TextLine>
            <TextLine id="tr_1_tl_23" custom="readingOrder {index:22;}">
                <Coords points="515,2840 1439,2770 2207,2793 2210,2684 956,2725 675,2671 518,2725"/>
                <Baseline points="534,2765 617,2771 706,2765 795,2765 884,2765 973,2765 1062,2765 1151,2759 1240,2759 1329,2759 1418,2759 1507,2759 1596,2759 1685,2753 1774,2753 1863,2753 1952,2753 2041,2753 2130,2753 2219,2747"/>
                <TextEquiv>
                    <Unicode>Agostino and Ercole about to leave</Unicode>
                </TextEquiv>
            </TextLine>
            <TextLine id="tr_1_tl_24" custom="readingOrder {index:23;}">
                <Coords points="1407,2885 2453,2872 2453,2786 2332,2761 2108,2812 2060,2780 1695,2783 1558,2818 1407,2770"/>
                <Baseline points="1424,2848 1513,2854 1602,2848 1691,2848 1780,2848 1869,2848 1958,2848 2047,2848 2136,2848 2225,2842 2314,2848 2403,2848 2463,2854"/>
                <TextEquiv>
                    <Unicode>It concern no secret,</Unicode>
                </TextEquiv>
            </TextLine>
            <TextLine id="tr_1_tl_25" custom="readingOrder {index:24;}">
                <Coords points="189,2978 358,3029 665,2959 1267,3007 1718,2975 1750,2895 1136,2898 950,2809 192,2853"/>
                <Baseline points="207,2955 243,2949 332,2955 421,2949 510,2949 599,2943 688,2943 777,2949 866,2943 955,2943 1044,2943 1133,2943 1222,2943 1311,2943 1400,2943 1489,2943 1578,2943 1667,2943 1756,2949"/>
                <TextEquiv>
                    <Unicode>As little as renoun a secret is.</Unicode>
                </TextEquiv>
            </TextLine>
            <TextLine id="tr_1_tl_26" custom="readingOrder {index:25;}">
                <Coords points="534,3058 710,3048 777,3077 812,3055 880,3074 979,3052 1094,3074 1091,2959 1030,2997 908,2959 828,2981 665,2962 624,2988 534,2959"/>
                <Baseline points="551,3038 641,3032 730,3032 819,3038 908,3038 997,3032 1086,3044 1098,3044"/>
                <TextEquiv>
                    <Unicode>To Filippo )</Unicode>
                </TextEquiv>
            </TextLine>
            <TextLine id="tr_1_tl_27" custom="readingOrder {index:26;}">
                <Coords points="189,3135 2562,3144 2492,3036 1478,3071 1347,2972 1078,3080 486,3077 189,2975"/>
                <Baseline points="207,3127 296,3127 385,3127 474,3127 563,3127 652,3121 741,3127 830,3127 919,3127 1008,3121 1098,3121 1187,3121 1276,3121 1365,3121 1454,3121 1543,3121 1632,3127 1721,3121 1810,3121 1899,3121 1988,3121 2077,3121 2166,3115 2255,3115 2344,3115 2433,3115 2522,3121 2569,3127"/>
                <TextEquiv>
                    <Unicode>I'm sent to you to bring the groeting of the Duke,</Unicode>
                </TextEquiv>
            </TextLine>
            <TextLine id="tr_1_tl_28" custom="readingOrder {index:27;}">
                <Coords points="189,3266 697,3221 921,3263 1625,3240 1625,3148 189,3138"/>
                <Baseline points="207,3216 296,3222 385,3222 474,3222 563,3216 652,3216 741,3216 830,3216 919,3216 1008,3216 1098,3210 1187,3210 1276,3210 1365,3210 1454,3210 1543,3210 1632,3205"/>
                <TextEquiv>
                    <Unicode>His admiration, and his command</Unicode>
                </TextEquiv>
            </TextLine>
            <TextLine id="tr_1_tl_29" custom="readingOrder {index:28;}">
                <Coords points="195,3378 2447,3333 2447,3250 2316,3224 195,3250"/>
                <Baseline points="213,3317 225,3317 314,3311 403,3317 492,3311 581,3311 670,3311 759,3311 848,3311 937,3311 1026,3311 1115,3305 1204,3305 1293,3305 1382,3305 1471,3305 1560,3305 1649,3311 1739,3305 1828,3299 1917,3299 2006,3299 2095,3299 2184,3299 2273,3294 2362,3299 2451,3294"/>
                <TextEquiv>
                    <Unicode>That to his Court, this evening you should come.</Unicode>
                </TextEquiv>
            </TextLine>
        </TextRegion>
        <TextRegion id="tr_2" custom="readingOrder {index:1;}">
            <Coords points="213,3433 2154,3433 2154,4686 213,4686"/>
            <TextLine id="tr_2_tl_1" custom="readingOrder {index:0;}">
                <Coords points="1126,3493 1158,3493 1216,3535 1228,3525 1273,3547 1372,3522 1468,3535 1500,3519 1497,3346 1449,3333 1420,3355 1385,3343 1363,3368 1248,3349 1187,3394 1126,3413"/>
                <Baseline points="1145,3483 1234,3483 1323,3483 1412,3483 1501,3489 1507,3489"/>
                <TextEquiv>
                    <Unicode>Filippo</Unicode>
                </TextEquiv>
            </TextLine>
            <TextLine id="tr_2_tl_2" custom="readingOrder {index:1;}">
                <Coords points="208,3599 441,3669 944,3621 1030,3659 1107,3621 1216,3640 1216,3487 1168,3506 1084,3435 924,3483 796,3480 723,3435 630,3483 553,3455 323,3544 208,3509"/>
                <Baseline points="225,3590 314,3590 403,3584 492,3584 581,3584 670,3584 759,3578 848,3578 937,3578 1026,3578 1115,3578 1204,3584 1222,3590"/>
                <TextEquiv>
                    <Unicode>To your Duke’s Court?</Unicode>
                </TextEquiv>
            </TextLine>
            <TextLine id="tr_2_tl_3" custom="readingOrder {index:2;}">
                <Coords points="1139,3803 1232,3816 1315,3787 1337,3810 1379,3791 1446,3807 1446,3631 1407,3650 1347,3627 1311,3656 1286,3656 1235,3621 1200,3643 1184,3627 1139,3624"/>
                <Baseline points="1157,3762 1246,3756 1335,3756 1424,3762 1454,3762"/>
                <TextEquiv>
                    <Unicode>cosini</Unicode>
                </TextEquiv>
            </TextLine>
            <TextLine id="tr_2_tl_4" custom="readingOrder {index:3;}">
                <Coords points="432,3976 653,4030 1926,3973 2028,3957 2028,3800 432,3861"/>
                <Baseline points="451,3952 522,3946 611,3946 700,3946 789,3946 878,3946 967,3946 1056,3940 1145,3940 1234,3940 1323,3940 1412,3940 1501,3935 1590,3935 1679,3935 1768,3935 1857,3935 1946,3940 2035,3935"/>
                <TextEquiv>
                    <Unicode>( Somewhat surprised,and jokingly)</Unicode>
                </TextEquiv>
            </TextLine>
            <TextLine id="tr_2_tl_5" custom="readingOrder {index:4;}">
                <Coords points="1359,4085 1580,4030 1660,4066 1711,4040 1807,4066 1865,4027 1942,4062 2086,4053 2086,3944 2050,3928 1996,3963 1839,3957 1801,3979 1644,3957 1558,3989 1523,3960 1359,3966"/>
                <Baseline points="1376,4029 1382,4029 1471,4029 1560,4029 1649,4024 1739,4024 1828,4024 1917,4024 2006,4024 2095,4024"/>
                <TextEquiv>
                    <Unicode>And also yours!</Unicode>
                </TextEquiv>
            </TextLine>
            <TextLine id="tr_2_tl_6" custom="readingOrder {index:5;}">
                <Coords points="1145,4226 1200,4213 1318,4261 1388,4251 1417,4229 1516,4248 1516,4046 1478,4066 1414,4062 1385,4088 1363,4075 1340,4091 1318,4075 1299,4094 1193,4075 1145,4088"/>
                <Baseline points="1163,4208 1252,4208 1341,4213 1430,4208 1519,4213 1525,4213"/>
                <TextEquiv>
                    <Unicode>Filippo</Unicode>
                </TextEquiv>
            </TextLine>
            <TextLine id="tr_2_tl_7" custom="readingOrder {index:6;}">
                <Coords points="195,4328 2121,4347 2150,4139 1599,4162 1334,4264 1024,4178 195,4216"/>
                <Baseline points="213,4314 284,4308 373,4314 462,4314 551,4308 641,4308 730,4303 819,4303 908,4297 997,4297 1086,4303 1175,4303 1264,4303 1353,4297 1442,4303 1531,4303 1620,4297 1709,4297 1798,4291 1887,4291 1976,4297 2065,4291 2154,4291"/>
                <TextEquiv>
                    <Unicode>I've never dared to lay at my Lord's feet</Unicode>
                </TextEquiv>
            </TextLine>
            <TextLine id="tr_2_tl_8" custom="readingOrder {index:7;}">
                <Coords points="195,4411 576,4459 902,4408 1715,4437 1715,4344 1625,4312 195,4341"/>
                <Baseline points="213,4409 296,4409 385,4403 474,4403 563,4403 652,4403 741,4397 830,4397 919,4403 1008,4397 1098,4397 1187,4397 1276,4397 1365,4397 1454,4392 1543,4392 1632,4392 1721,4392"/>
                <TextEquiv>
                    <Unicode>One of my poor and simple songa.</Unicode>
                </TextEquiv>
            </TextLine>
            <TextLine id="tr_2_tl_9" custom="readingOrder {index:8;}">
                <Coords points="1139,4587 1439,4584 1436,4446 1395,4427 1327,4437 1302,4459 1286,4446 1222,4446 1203,4433 1184,4449 1136,4440"/>
                <Baseline points="1157,4570 1246,4564 1335,4570 1424,4570 1448,4576"/>
                <TextEquiv>
                    <Unicode>cosini</Unicode>
                </TextEquiv>
            </TextLine>
            <TextLine id="tr_2_tl_10" custom="readingOrder {index:9;}">
                <Coords points="195,4741 880,4683 1059,4741 1593,4731 1654,4718 1654,4545 1334,4593 857,4549 195,4587"/>
                <Baseline points="213,4676 237,4676 326,4676 415,4670 504,4670 593,4670 682,4670 771,4665 860,4665 949,4665 1038,4665 1127,4665 1216,4659 1305,4659 1394,4665 1483,4659 1572,4659 1661,4659"/>
                <TextEquiv>
                    <Unicode>Another has done that for you!</Unicode>
                </TextEquiv>
            </TextLine>
        </TextRegion>
    </Page>
</PcGts>
