4008 5176
639 532 2225 676 And unrest blaged up on all sides
639 639 1968 755 Fred by Bentivoglio's return.
642 680 3035 865 Men felt that they were threatened if not betrayed.
656 831 2211 948 The mercenaries at the Isaia gate
642 910 2428 1037 Decided to retroat to the castle, there
642 1006 2658 1123 To seek an answer, and to learn the outlook.
635 1088 2493 1219 Ribaldi led them there, and behind them
625 1195 2740 1308 A Klood of excited populace stormed the gate.
618 1288 2503 1387 And it was opened, and before us stood -
625 1370 2211 1504 Did not the cry of joy reach here?
618 1459 2177 1634 Bentvoglio and your friend Andrea.
1768 1638 2139 1789 Filippo
841 1724 1566 1847 (Risesionxcited)
587 1816 975 1971 He too?
1779 1998 2091 2143 Ereole
1312 2088 3235 2280 That's why I wonder that you are at home.
608 2208 2623 2325 Is it not known to you, that he's returned,
591 2294 2476 2410 Κnow you not also, that his mother died,
591 2362 1968 2531 This night, ere he returned?
1737 2568 2170 2695 Agostino
1974 2637 2902 2819 Didst hear Fillppo?
580 2726 1837 2902 Teresina s mother is dead!
1737 2936 2098 3059 Filippo
803 2991 1734 3180 (Somewhat confused)
1971 3114 2527 3255 Then it was
553 3183 2871 3362 Not permitted to at Andrea should notürbrace her?
1737 3399 2139 3520 Agostino
560 3475 2170 3609 And you say nothing more, Filippo?
1713 3660 2098 3811 Filippo
1954 3781 2256 3901 T duly,
543 3849 2730 4011 It is painful that so good a woman should die.
1700 4045 2033 4199 Ereole
769 4055 1360 4258 (Astonished)
549 4213 2747 4337 Where am I? Soon it will seem to me that what
536 4323 3300 4454 Is transpiring without is not real! Under these branches
549 4412 2538 4519 The air is still, and knows nothing of the
529 4498 3197 4708 Throbbing earnest of the day. What ails you, Filippo?
