<?xml version="1.0" encoding="UTF-8" standalone="yes"?>
<PcGts xmlns="http://schema.primaresearch.org/PAGE/gts/pagecontent/2013-07-15" xmlns:xsi="http://www.w3.org/2001/XMLSchema-instance" xsi:schemaLocation="http://schema.primaresearch.org/PAGE/gts/pagecontent/2013-07-15 http://schema.primaresearch.org/PAGE/gts/pagecontent/2013-07-15/pagecontent.xsd">
    <Metadata>
        <Creator>prov=READ-COOP:name=TrHtr:version=2.1.0:model_id=51170:date=15_08_2023_08:06</Creator>
        <Created>2023-05-10T15:11:49.855+02:00</Created>
        <LastChange>2023-08-15T08:06:20.982+02:00</LastChange>
        <TranskribusMetadata docId="1428822" pageId="55432064" pageNr="77" tsid="132841981" status="IN_PROGRESS" userId="64420" imgUrl="https://files.transkribus.eu/Get?id=SSAIWWDUEPZMHMUVRWASCTZJ&amp;fileType=view" xmlUrl="https://files.transkribus.eu/Get?id=DXFAZYKQKZNRDBEJNCURUUEX" imageId="44706101"/>
    </Metadata>
    <Page imageFilename="1428822_0077.jpg" imageWidth="3736" imageHeight="5128">
        <ReadingOrder>
            <OrderedGroup id="ro_1711803316531" caption="Regions reading order">
                <RegionRefIndexed index="0" regionRef="tr_2"/>
                <RegionRefIndexed index="1" regionRef="tr_1"/>
                <RegionRefIndexed index="2" regionRef="tr_3"/>
            </OrderedGroup>
        </ReadingOrder>
        <TextRegion id="tr_2" custom="readingOrder {index:0;}">
            <Coords points="322,123 3205,123 3205,1920 322,1920"/>
            <TextLine id="tr_2_tl_1" custom="readingOrder {index:0;}">
                <Coords points="546,226 571,223 583,235 617,211 644,229 656,217 687,232 702,226 730,232 736,85 675,89 604,150 589,153 580,143 568,156 549,156"/>
                <Baseline points="567,179 650,179 740,173"/>
                <TextEquiv>
                    <Unicode>:    1</Unicode>
                </TextEquiv>
            </TextLine>
            <TextLine id="tr_2_tl_2" custom="readingOrder {index:1;}">
                <Coords points="2540,263 2579,263 2589,253 2619,263 2634,256 2671,284 2714,272 2717,159 2686,150 2656,165 2643,150 2625,153 2610,140 2564,168 2543,165"/>
                <Baseline points="2555,244 2632,232 2722,238"/>
                <TextEquiv>
                    <Unicode>1er</Unicode>
                </TextEquiv>
            </TextLine>
            <TextLine id="tr_2_tl_3" custom="readingOrder {index:2;}">
                <Coords points="2998,610 3031,610 3068,626 3086,620 3159,650 3199,644 3190,498 3162,498 3153,507 3129,501 3120,510 3092,501 3068,519 3019,516 2995,531"/>
                <Baseline points="3014,608 3104,608 3193,620 3205,614"/>
                <TextEquiv>
                    <Unicode>19.</Unicode>
                </TextEquiv>
            </TextLine>
            <TextLine id="tr_2_tl_4" custom="readingOrder {index:3;}">
                <Coords points="1252,665 1291,684 1426,665 1487,693 1609,668 1700,693 1697,583 1511,565 1444,583 1401,559 1383,577 1248,565"/>
                <Baseline points="1265,650 1355,650 1444,656 1534,662 1623,662 1707,656"/>
                <TextEquiv>
                    <Unicode>Mrs.Nardi</Unicode>
                </TextEquiv>
            </TextLine>
            <TextLine id="tr_2_tl_5" custom="readingOrder {index:4;}">
                <Coords points="333,803 2787,784 2784,675 2497,650 330,665"/>
                <Baseline points="346,716 435,716 525,716 614,716 704,716 793,722 883,716 973,722 1062,722 1152,728 1241,728 1331,734 1420,734 1510,740 1599,740 1689,740 1778,746 1868,740 1958,740 2047,746 2137,740 2226,746 2316,746 2405,746 2495,752 2584,752 2674,752 2763,752 2787,758"/>
                <TextEquiv>
                    <Unicode>She hasn’t come home yet. What do you want with her?</Unicode>
                </TextEquiv>
            </TextLine>
            <TextLine id="tr_2_tl_6" custom="readingOrder {index:5;}">
                <Coords points="1258,897 1532,904 1630,928 1712,916 1709,815 1624,846 1600,830 1529,842 1450,818 1404,833 1328,815 1255,827"/>
                <Baseline points="1271,865 1361,877 1450,883 1540,889 1629,889 1719,889"/>
                <TextEquiv>
                    <Unicode>Francesco</Unicode>
                </TextEquiv>
            </TextLine>
            <TextLine id="tr_2_tl_7" custom="readingOrder {index:6;}">
                <Coords points="324,968 1963,1020 1960,928 1786,888 1636,931 324,891"/>
                <Baseline points="340,949 429,949 519,949 608,943 698,943 788,949 877,949 967,949 1056,955 1146,955 1235,961 1325,961 1414,967 1504,961 1593,967 1683,967 1773,967 1862,973 1952,985 1970,985"/>
                <TextEquiv>
                    <Unicode>I only wanted to take leave of her,</Unicode>
                </TextEquiv>
            </TextLine>
            <TextLine id="tr_2_tl_8" custom="readingOrder {index:7;}">
                <Coords points="327,1102 836,1111 1148,1062 1560,1093 1648,1071 1648,995 324,968"/>
                <Baseline points="340,1032 429,1032 519,1032 608,1032 698,1032 788,1032 877,1032 967,1032 1056,1038 1146,1038 1235,1044 1325,1038 1414,1044 1504,1044 1593,1044 1653,1050"/>
                <TextEquiv>
                    <Unicode>And place her in safe hands.</Unicode>
                </TextEquiv>
            </TextLine>
            <TextLine id="tr_2_tl_9" custom="readingOrder {index:8;}">
                <Coords points="1255,1206 1334,1233 1361,1215 1386,1230 1468,1215 1487,1230 1508,1215 1572,1230 1612,1218 1670,1239 1694,1227 1694,1136 1593,1114 1557,1142 1523,1117 1456,1117 1419,1096 1358,1136 1255,1120"/>
                <Baseline points="1271,1187 1361,1187 1450,1199 1540,1193 1629,1193 1701,1199"/>
                <TextEquiv>
                    <Unicode>Mrs.Nardi</Unicode>
                </TextEquiv>
            </TextLine>
            <TextLine id="tr_2_tl_10" custom="readingOrder {index:9;}">
                <Coords points="321,1297 443,1316 644,1279 690,1310 754,1282 931,1337 1029,1279 1248,1285 1245,1200 1068,1224 974,1175 788,1172 726,1203 317,1197"/>
                <Baseline points="334,1253 423,1259 513,1259 602,1253 692,1259 782,1259 871,1259 961,1265 1050,1265 1140,1265 1229,1271 1253,1277"/>
                <TextEquiv>
                    <Unicode>What does that mean'</Unicode>
                </TextEquiv>
            </TextLine>
            <TextLine id="tr_2_tl_11" custom="readingOrder {index:10;}">
                <Coords points="1248,1456 1276,1447 1313,1459 1349,1444 1377,1459 1398,1450 1435,1471 1462,1441 1508,1456 1569,1453 1566,1368 1535,1380 1505,1355 1487,1364 1450,1346 1438,1355 1386,1346 1364,1368 1303,1346 1245,1349"/>
                <Baseline points="1265,1414 1355,1426 1444,1432 1534,1426 1576,1426"/>
                <TextEquiv>
                    <Unicode>Rosina</Unicode>
                </TextEquiv>
            </TextLine>
            <TextLine id="tr_2_tl_12" custom="readingOrder {index:11;}">
                <Coords points="317,1563 449,1508 711,1575 910,1520 1886,1538 1838,1404 1429,1474 1071,1407 314,1438"/>
                <Baseline points="334,1486 423,1492 513,1486 602,1486 692,1492 782,1498 871,1498 961,1498 1050,1498 1140,1498 1229,1498 1319,1504 1408,1504 1498,1510 1587,1504 1677,1516 1767,1516 1856,1516 1892,1516"/>
                <TextEquiv>
                    <Unicode>Won't you sleep at home to-night?</Unicode>
                </TextEquiv>
            </TextLine>
            <TextLine id="tr_2_tl_13" custom="readingOrder {index:12;}">
                <Coords points="1245,1679 1709,1688 1706,1590 1554,1569 1499,1600 1383,1606 1319,1560 1239,1587"/>
                <Baseline points="1259,1641 1349,1647 1438,1653 1528,1659 1617,1659 1707,1659 1713,1659"/>
                <TextEquiv>
                    <Unicode>Francesco</Unicode>
                </TextEquiv>
            </TextLine>
            <TextLine id="tr_2_tl_14" custom="readingOrder {index:13;}">
                <Coords points="305,1761 2494,1764 2421,1661 305,1651"/>
                <Baseline points="322,1719 411,1719 501,1719 591,1719 680,1719 770,1719 859,1719 949,1725 1038,1719 1128,1725 1217,1731 1307,1731 1396,1737 1486,1731 1576,1737 1665,1737 1755,1743 1844,1737 1934,1743 2023,1743 2113,1749 2202,1749 2292,1749 2381,1749 2471,1749 2501,1749"/>
                <TextEquiv>
                    <Unicode>Didn't you understand me? I wish to take leave</Unicode>
                </TextEquiv>
            </TextLine>
            <TextLine id="tr_2_tl_15" custom="readingOrder {index:14;}">
                <Coords points="317,1813 1908,1844 1886,1758 317,1749"/>
                <Baseline points="334,1796 423,1802 513,1796 602,1802 692,1802 782,1802 871,1802 961,1802 1050,1808 1140,1808 1229,1808 1319,1808 1408,1814 1498,1814 1587,1814 1677,1814 1767,1820 1856,1820 1916,1826"/>
                <TextEquiv>
                    <Unicode>only of Beatrice, from no one else!</Unicode>
                </TextEquiv>
            </TextLine>
            <TextLine id="tr_2_tl_16" custom="readingOrder {index:15;}">
                <Coords points="327,1932 2430,1929 2372,1832 324,1813"/>
                <Baseline points="340,1868 429,1868 519,1874 608,1874 698,1880 788,1880 877,1886 967,1880 1056,1886 1146,1892 1235,1892 1325,1886 1414,1886 1504,1892 1593,1892 1683,1898 1773,1898 1862,1898 1952,1898 2041,1898 2131,1898 2220,1904 2310,1904 2399,1910 2435,1904"/>
                <TextEquiv>
                    <Unicode>From my father too, if he could understand me!</Unicode>
                </TextEquiv>
            </TextLine>
        </TextRegion>
        <TextRegion id="tr_1" custom="readingOrder {index:1;}">
            <Coords points="298,1985 2781,1985 2781,3376 298,3376"/>
            <TextLine id="tr_1_tl_1" custom="readingOrder {index:0;}">
                <Coords points="1224,2070 1407,2054 1456,2070 1502,2057 1538,2076 1560,2060 1600,2079 1688,2073 1685,1966 1603,1999 1538,1999 1484,1966 1435,1963 1221,1999"/>
                <Baseline points="1241,2035 1331,2035 1420,2041 1510,2041 1599,2047 1689,2053 1695,2053"/>
                <TextEquiv>
                    <Unicode>Mrs.Nardi</Unicode>
                </TextEquiv>
            </TextLine>
            <TextLine id="tr_1_tl_2" custom="readingOrder {index:1;}">
                <Coords points="296,2210 519,2121 760,2201 940,2149 1242,2198 1874,2158 1871,2063 1825,2060 293,2060"/>
                <Baseline points="310,2101 399,2101 489,2101 579,2101 668,2107 758,2107 847,2113 937,2113 1026,2113 1116,2113 1205,2113 1295,2119 1384,2119 1474,2119 1564,2119 1653,2125 1743,2125 1832,2125 1880,2131"/>
                <TextEquiv>
                    <Unicode>Where do you come from, Princesco?</Unicode>
                </TextEquiv>
            </TextLine>
            <TextLine id="tr_1_tl_3" custom="readingOrder {index:2;}">
                <Coords points="1233,2305 1310,2286 1337,2299 1346,2286 1401,2286 1413,2299 1487,2289 1551,2299 1548,2204 1520,2198 1429,2219 1374,2207 1349,2225 1316,2201 1291,2213 1230,2192"/>
                <Baseline points="1247,2268 1337,2268 1426,2274 1516,2274 1552,2274"/>
                <TextEquiv>
                    <Unicode>Rosina</Unicode>
                </TextEquiv>
            </TextLine>
            <TextLine id="tr_1_tl_4" custom="readingOrder {index:3;}">
                <Coords points="296,2463 610,2360 794,2451 1111,2366 2369,2384 2320,2274 1276,2317 293,2256"/>
                <Baseline points="310,2340 399,2340 489,2340 579,2340 668,2340 758,2340 847,2340 937,2340 1026,2340 1116,2346 1205,2340 1295,2346 1384,2352 1474,2358 1564,2358 1653,2358 1743,2358 1832,2358 1922,2364 2011,2364 2101,2364 2190,2364 2280,2364 2369,2369 2375,2369"/>
                <TextEquiv>
                    <Unicode>Young Chiveluzzi was right, he’s in his cup.</Unicode>
                </TextEquiv>
            </TextLine>
            <TextLine id="tr_1_tl_5" custom="readingOrder {index:4;}">
                <Coords points="1236,2521 1270,2534 1313,2521 1401,2531 1422,2515 1505,2534 1612,2534 1627,2515 1648,2531 1670,2524 1667,2445 1609,2463 1514,2436 1474,2463 1441,2463 1386,2430 1325,2457 1291,2442 1233,2448"/>
                <Baseline points="1253,2501 1343,2495 1432,2507 1522,2507 1611,2507 1677,2507"/>
                <TextEquiv>
                    <Unicode>Francesco</Unicode>
                </TextEquiv>
            </TextLine>
            <TextLine id="tr_1_tl_6" custom="readingOrder {index:5;}">
                <Coords points="610,2576 2769,2650 2769,2521 607,2482"/>
                <Baseline points="626,2572 716,2572 805,2572 895,2572 985,2572 1074,2572 1164,2578 1253,2578 1343,2578 1432,2584 1522,2584 1611,2584 1701,2584 1790,2584 1880,2590 1970,2590 2059,2596 2149,2590 2238,2596 2328,2596 2417,2596 2507,2596 2596,2602 2686,2602 2775,2608 2781,2602"/>
                <TextEquiv>
                    <Unicode>Has taken his mother by the arm; to her alone)</Unicode>
                </TextEquiv>
            </TextLine>
            <TextLine id="tr_1_tl_7" custom="readingOrder {index:6;}">
                <Coords points="293,2659 1789,2686 1789,2607 1603,2585 1270,2628 1102,2585 461,2598 382,2549 293,2592"/>
                <Baseline points="310,2632 394,2644 483,2644 573,2650 662,2650 752,2650 841,2644 931,2650 1020,2650 1110,2650 1199,2650 1289,2656 1379,2656 1468,2662 1558,2656 1647,2662 1737,2668 1796,2662"/>
                <TextEquiv>
                    <Unicode>You know, why I leave you,mother!</Unicode>
                </TextEquiv>
            </TextLine>
            <TextLine id="tr_1_tl_8" custom="readingOrder {index:7;}">
                <Coords points="305,2744 1899,2793 1896,2705 1822,2671 305,2668"/>
                <Baseline points="322,2728 411,2722 501,2722 591,2722 680,2728 770,2728 859,2728 949,2728 1038,2728 1128,2728 1217,2728 1307,2734 1396,2734 1486,2740 1576,2740 1665,2746 1755,2746 1844,2746 1904,2752"/>
                <TextEquiv>
                    <Unicode>The day gives me a welcome moment;</Unicode>
                </TextEquiv>
            </TextLine>
            <TextLine id="tr_1_tl_9" custom="readingOrder {index:8;}">
                <Coords points="299,2830 2430,2872 2457,2772 296,2750"/>
                <Baseline points="316,2805 405,2805 495,2805 585,2805 674,2805 764,2811 853,2805 943,2805 1032,2811 1122,2811 1211,2811 1301,2811 1390,2817 1480,2817 1570,2811 1659,2817 1749,2823 1838,2829 1928,2829 2017,2817 2107,2823 2196,2823 2286,2829 2375,2835 2465,2835"/>
                <TextEquiv>
                    <Unicode>For though,God himself, protect me,never again,</Unicode>
                </TextEquiv>
            </TextLine>
            <TextLine id="tr_1_tl_10" custom="readingOrder {index:9;}">
                <Coords points="293,2961 443,2918 730,2958 1346,2903 1413,2930 1413,2839 293,2830"/>
                <Baseline points="310,2877 399,2883 489,2883 579,2883 668,2883 758,2889 847,2883 937,2877 1026,2889 1116,2889 1205,2889 1295,2889 1384,2895 1420,2895"/>
                <TextEquiv>
                    <Unicode>Will I enter this house!</Unicode>
                </TextEquiv>
            </TextLine>
            <TextLine id="tr_1_tl_11" custom="readingOrder {index:10;}">
                <Coords points="1215,3077 1352,3062 1444,3080 1490,3059 1584,3095 1618,3068 1667,3068 1664,2967 1532,2961 1480,2979 1447,2955 1374,2985 1322,2961 1270,2973 1209,2943"/>
                <Baseline points="1229,3044 1319,3038 1408,3044 1498,3044 1587,3050 1671,3056"/>
                <TextEquiv>
                    <Unicode>Mrs.Nardi</Unicode>
                </TextEquiv>
            </TextLine>
            <TextLine id="tr_1_tl_12" custom="readingOrder {index:11;}">
                <Coords points="281,3187 409,3132 1505,3199 2164,3159 2164,3071 281,3031"/>
                <Baseline points="298,3116 388,3116 477,3116 567,3116 656,3116 746,3116 835,3116 925,3122 1014,3116 1104,3116 1193,3122 1283,3122 1373,3128 1462,3128 1552,3128 1641,3134 1731,3134 1820,3128 1910,3134 1999,3134 2089,3134 2172,3134"/>
                <TextEquiv>
                    <Unicode>How dare you to speak so to your mother?</Unicode>
                </TextEquiv>
            </TextLine>
            <TextLine id="tr_1_tl_13" custom="readingOrder {index:12;}">
                <Coords points="1212,3321 1261,3303 1291,3315 1429,3294 1651,3306 1648,3217 1618,3214 1575,3239 1505,3208 1435,3236 1209,3217"/>
                <Baseline points="1229,3265 1319,3271 1408,3277 1498,3277 1587,3283 1659,3283"/>
                <TextEquiv>
                    <Unicode>Francesco</Unicode>
                </TextEquiv>
            </TextLine>
            <TextLine id="tr_1_tl_14" custom="readingOrder {index:13;}">
                <Coords points="1407,3385 1447,3373 1535,3388 1584,3373 1792,3388 1789,3297 1740,3284 1712,3278 1694,3297 1624,3309 1593,3294 1557,3309 1545,3297 1490,3306 1404,3294"/>
                <Baseline points="1420,3354 1510,3354 1599,3360 1689,3360 1778,3366 1796,3360"/>
                <TextEquiv>
                    <Unicode> mir monsieur</Unicode>
                </TextEquiv>
            </TextLine>
        </TextRegion>
        <TextRegion id="tr_3" custom="readingOrder {index:2;}">
            <Coords points="286,3370 2566,3370 2566,4696 286,4696"/>
            <TextLine id="tr_3_tl_1" custom="readingOrder {index:0;}">
                <Coords points="287,3449 2076,3474 2076,3352 1984,3336 1780,3404 287,3364"/>
                <Baseline points="304,3420 394,3426 483,3426 573,3426 662,3426 752,3426 841,3426 931,3426 1020,3432 1110,3426 1199,3426 1289,3426 1379,3432 1468,3432 1558,3432 1647,3438 1737,3432 1826,3438 1916,3438 2005,3438 2083,3444"/>
                <TextEquiv>
                    <Unicode>I hope soon to forget what thou was 't</Unicode>
                </TextEquiv>
            </TextLine>
            <TextLine id="tr_3_tl_2" custom="readingOrder {index:1;}">
                <Coords points="281,3513 1838,3544 1807,3452 281,3452"/>
                <Baseline points="298,3504 388,3510 477,3504 567,3504 656,3504 746,3504 835,3504 925,3510 1014,3510 1104,3510 1193,3510 1283,3510 1373,3516 1462,3510 1552,3516 1641,3510 1731,3516 1820,3522 1844,3522"/>
                <TextEquiv>
                    <Unicode>I have seen too much that is low.</Unicode>
                </TextEquiv>
            </TextLine>
            <TextLine id="tr_3_tl_3" custom="readingOrder {index:2;}">
                <Coords points="281,3602 1920,3620 1889,3526 281,3513"/>
                <Baseline points="298,3581 388,3587 477,3581 567,3581 656,3581 746,3587 835,3587 925,3581 1014,3593 1104,3587 1193,3593 1283,3587 1373,3587 1462,3587 1552,3587 1641,3593 1731,3593 1820,3599 1910,3605 1928,3599"/>
                <TextEquiv>
                    <Unicode>And I see new Elsgrace dpproaching.</Unicode>
                </TextEquiv>
            </TextLine>
            <TextLine id="tr_3_tl_4" custom="readingOrder {index:3;}">
                <Coords points="287,3681 2436,3715 2436,3620 2091,3596 287,3602"/>
                <Baseline points="304,3665 394,3665 483,3659 573,3659 662,3659 752,3665 841,3665 931,3665 1020,3671 1110,3671 1199,3665 1289,3665 1379,3671 1468,3671 1558,3671 1647,3671 1737,3671 1826,3671 1916,3677 2005,3677 2095,3677 2184,3677 2274,3683 2364,3683 2441,3695"/>
                <TextEquiv>
                    <Unicode>When I was a child, I could understand nothing,</Unicode>
                </TextEquiv>
            </TextLine>
            <TextLine id="tr_3_tl_5" custom="readingOrder {index:4;}">
                <Coords points="287,3764 2488,3788 2488,3700 287,3681"/>
                <Baseline points="304,3731 394,3737 483,3737 573,3743 662,3737 752,3743 841,3737 931,3743 1020,3748 1110,3748 1199,3748 1289,3748 1379,3743 1468,3743 1558,3748 1647,3748 1737,3748 1826,3748 1916,3748 2005,3748 2095,3754 2184,3754 2274,3754 2364,3760 2453,3760 2495,3760"/>
                <TextEquiv>
                    <Unicode>Nor suspect anything. But a year now has passed</Unicode>
                </TextEquiv>
            </TextLine>
            <TextLine id="tr_3_tl_6" custom="readingOrder {index:5;}">
                <Coords points="287,3837 2244,3871 2186,3767 287,3764"/>
                <Baseline points="304,3820 394,3814 483,3820 573,3820 662,3820 752,3820 841,3820 931,3820 1020,3826 1110,3820 1199,3820 1289,3820 1379,3826 1468,3826 1558,3826 1647,3826 1737,3826 1826,3832 1916,3832 2005,3832 2095,3832 2184,3838 2250,3838"/>
                <TextEquiv>
                    <Unicode>Since my eyes have been opened, and I know,</Unicode>
                </TextEquiv>
            </TextLine>
            <TextLine id="tr_3_tl_7" custom="readingOrder {index:6;}">
                <Coords points="281,3904 2237,3938 2195,3855 1905,3834 281,3831"/>
                <Baseline points="298,3892 388,3898 477,3892 567,3898 656,3898 746,3898 835,3898 925,3898 1014,3898 1104,3904 1193,3898 1283,3898 1373,3904 1462,3904 1552,3904 1641,3904 1731,3904 1820,3910 1910,3910 1999,3904 2089,3910 2178,3916 2244,3916"/>
                <TextEquiv>
                    <Unicode>What has made my father mad, and miserable;</Unicode>
                </TextEquiv>
            </TextLine>
            <TextLine id="tr_3_tl_8" custom="readingOrder {index:7;}">
                <Coords points="269,4005 2237,4008 2170,3932 269,3919"/>
                <Baseline points="286,3969 376,3975 465,3969 555,3975 644,3975 734,3975 823,3975 913,3981 1002,3981 1092,3981 1182,3975 1271,3975 1361,3981 1450,3981 1540,3981 1629,3981 1719,3981 1808,3981 1898,3987 1987,3987 2077,3987 2167,3993 2244,3993"/>
                <TextEquiv>
                    <Unicode>And that it is youwho have been the cause!</Unicode>
                </TextEquiv>
            </TextLine>
            <TextLine id="tr_3_tl_9" custom="readingOrder {index:8;}">
                <Coords points="287,4066 2115,4078 2112,4005 1944,3990 1725,4038 284,3993"/>
                <Baseline points="304,4047 394,4047 483,4053 573,4053 662,4047 752,4053 841,4053 931,4059 1020,4059 1110,4059 1199,4059 1289,4065 1379,4059 1468,4059 1558,4059 1647,4059 1737,4059 1826,4065 1916,4065 2005,4071 2095,4071 2119,4071"/>
                <TextEquiv>
                    <Unicode>Ready, to sell yourself, to give yourself</Unicode>
                </TextEquiv>
            </TextLine>
            <TextLine id="tr_3_tl_10" custom="readingOrder {index:9;}">
                <Coords points="269,4127 2558,4203 2555,4069 2469,4060 2121,4121 266,4063"/>
                <Baseline points="286,4125 376,4125 465,4131 555,4131 644,4131 734,4131 823,4131 913,4131 1002,4137 1092,4137 1182,4137 1271,4137 1361,4131 1450,4131 1540,4137 1629,4137 1719,4137 1808,4142 1898,4142 1987,4142 2077,4142 2167,4148 2256,4148 2346,4148 2435,4154 2525,4160 2566,4172"/>
                <TextEquiv>
                    <Unicode>To whomever wants you! I bless the day and hour,</Unicode>
                </TextEquiv>
            </TextLine>
            <TextLine id="tr_3_tl_11" custom="readingOrder {index:10;}">
                <Coords points="269,4203 1780,4277 1777,4185 1703,4161 824,4130 491,4173 269,4127"/>
                <Baseline points="286,4202 376,4208 465,4208 555,4208 644,4208 734,4208 823,4214 913,4214 1002,4214 1092,4214 1182,4220 1271,4214 1361,4220 1450,4220 1540,4220 1629,4220 1719,4226 1784,4238"/>
                <TextEquiv>
                    <Unicode>When I may leave thisvile house,</Unicode>
                </TextEquiv>
            </TextLine>
            <TextLine id="tr_3_tl_12" custom="readingOrder {index:11;}">
                <Coords points="290,4362 366,4335 443,4365 620,4335 675,4356 1081,4341 1078,4222 568,4243 485,4216 455,4249 415,4222 287,4225"/>
                <Baseline points="304,4286 394,4286 483,4292 573,4286 662,4292 752,4292 841,4292 931,4292 1020,4292 1086,4298"/>
                <TextEquiv>
                    <Unicode>And know you not!</Unicode>
                </TextEquiv>
            </TextLine>
            <TextLine id="tr_3_tl_13" custom="readingOrder {index:12;}">
                <Coords points="504,4515 846,4515 952,4457 1050,4515 1203,4518 1276,4478 1334,4499 1331,4365 1288,4353 1203,4393 998,4347 501,4371"/>
                <Baseline points="519,4447 608,4441 698,4447 788,4447 877,4447 967,4447 1056,4447 1146,4447 1235,4447 1325,4459 1343,4459"/>
                <TextEquiv>
                    <Unicode>( unter Beatrice)</Unicode>
                </TextEquiv>
            </TextLine>
            <TextLine id="tr_3_tl_14" custom="readingOrder {index:13;}">
                <Coords points="1197,4621 1239,4612 1297,4628 1328,4618 1410,4628 1441,4618 1514,4637 1508,4475 1462,4472 1438,4493 1377,4490 1325,4518 1306,4505 1294,4518 1264,4505 1245,4505 1236,4521 1221,4509 1194,4518"/>
                <Baseline points="1211,4590 1301,4602 1390,4602 1480,4602 1516,4602"/>
                <TextEquiv>
                    <Unicode>Rosina</Unicode>
                </TextEquiv>
            </TextLine>
            <TextLine id="tr_3_tl_15" custom="readingOrder {index:14;}">
                <Coords points="275,4734 369,4689 476,4725 736,4676 891,4728 1493,4744 1493,4621 382,4600 275,4557"/>
                <Baseline points="292,4668 382,4674 471,4680 561,4680 650,4674 740,4674 829,4680 919,4680 1008,4680 1098,4680 1187,4680 1277,4680 1367,4680 1456,4686 1498,4686"/>
                <TextEquiv>
                    <Unicode>Well,here’s your Beatrice.</Unicode>
                </TextEquiv>
            </TextLine>
        </TextRegion>
    </Page>
</PcGts>
