3528 5112
1467 701 1838 840 Filippo
550 813 1720 931 (clooking at her intently)
310 897 2101 1012 Not wonderful to you! No, for you are,
317 998 2061 1103 Not made to bePstonished. Pever has
310 1079 2516 1187 The wonder of existence moved you very greatly.
297 1184 2620 1288 never has the marvellous coloring of the universe
317 1248 2229 1373 Caused you to bond the knew in reverence,
310 1342 2516 1467 Or to think that you, Beatrice, and I, Filippo,
317 1460 3022 1555 Should find ourselves together, from among so many others.
320 1541 2475 1646 Your father's madness, does notorighten you.
327 1626 2290 1737 That Vittorino died, who clearly loved you,
310 1717 2388 1825 Did not fill your heart with (b)hastly error.
310 1821 2165 1922 And that you are a Princess of Bologna,
334 1895 2631 2003 Superises you as little, Beatrice, as would a gnat
310 1986 1406 2111 Alighting on your hand.
556 2142 1470 2290 (Beatrice shudders)
317 2324 2303 2469 Yes! Yes! I know they've frightened you,
975 2452 1366 2560 as might
320 2550 2273 2641 The bats or night owls, yet not more. And
327 2620 2357 2749 In another way. But you are right, for all
324 2711 2253 2867 That has, as yet befallen you, is naught.
324 2782 2772 2927 Your brief experience of life s'unrest, its turmoil,
331 2924 2108 3025 Puzzling eights anddunds, its hopes,
327 2981 2853 3106 Perplexities, its strange vicisitudes, most triffling,
320 3076 2921 3184 When I eontemplate the sad and awful fate that wants us
310 3177 1744 3295 Here today, and in this place.
1474 3335 1892 3467 Beatrice
317 3433 2357 3592 I sought you out to know what it should be.
1491 3595 1862 3743 Filippo
317 3713 2064 3821 What? Do you comprehend its gravity?
1497 3787 2489 3929 in you and about you.
317 3801 1457 3929 Life pulses quick within
310 3909 2050 4057 Here we stand, strong, full of vigor
310 3993 1649 4104 And there s the city -- see!
310 4087 2266 4195 Men walk and talk therein, alive like us.
320 4138 2499 4286 Street after street thataretches to the sea,
297 4273 2175 4384 And far across the waves are other men.
317 4371 2222 4482 Sensate like us. We part of everything,
327 4445 2034 4570 We hold haunity of life with each,
310 4529 2455 4654 And every breathing thing. We are so strong,
324 4627 1764 4796 Can move, can dance, can love,
2853 142 3295 277 M채nnerin m채채r채.
