3528 5208
179 698 2004 921 For our journey ends before the walls,
165 877 1866 1022 And yet the sun glows today for me,
179 921 1974 1123 As full of meaning äs it shone before
199 1049 2615 1201 Since we set out to meet all sorts of dangers, now,
192 1150 1633 1296 Which wait in darkness for us,
199 1231 2500 1390 Our latest and mightiest does, to struggle with.
442 1387 1991 1579 (Bells ring from all the towards)
219 1508 2935 1744 The signal tolls, and mightier curiosity than e'er before
209 1717 1410 1852 Lendsolings unto my feet.
223 1727 2746 1937 I rejoice that a good fight is before me, and eagerly
223 1876 1923 2034 I breathe in the fresh morning air,
216 1974 1852 2125 I glorify the sunlight from above,
229 2031 2540 2223 As if its dazzling rays, to me alone were given.
223 2152 2139 2314 Life is fullillment, not length of days,
240 2237 1957 2412 And yet is the next moment far away!
476 2341 1822 2517 (He goes, others follow him)
1120 2810 1832 3050 OU.RTAIN
