3528 5128
2843 498 2999 658 12
1460 513 1688 699 Duke
289 563 2471 844 I fear that you have made a very bad exchange.
1444 787 1813 1000 Ribaldi
274 867 3102 1106 My Prince, I am gruud, at last to fight under a Bentivoglio,
293 1000 3064 1213 even if this should be the last time I can show my prowess.
1429 1190 1669 1365 Duke
274 1247 1555 1467 How is it with you, Valori,
1433 1368 1749 1513 Valori
277 1452 3117 1638 Your Highness,the number of my troops grow every moment. It
262 1543 3315 1752 will be necessary to send some of those who volunteer to another
270 1631 3296 1828 leader. They come from all sides. Quite young fellows, in fact,
262 1756 3307 1931 and even the tradespeople band together and ask forOeapons. They
258 1825 3303 2030 are mad with hatred against Borgia, and long for tomorrow's down.
494 1927 1243 2091 (Enter CAMPEGI)
1410 2003 1718 2163 cosini
236 2075 658 2224 At last!
1391 2190 1638 2376 Duke
251 2254 749 2425 who is it!
1387 2383 1714 2562 cosini
239 2421 1053 2642 Captain Campeggi.
1380 2558 1794 2706 Campe ggi
224 2649 3231 2832 I am commanded to come here, my Prince, and personally give into
228 2748 3125 2919 your hands certain papers, which we have found upon a spy this
228 2821 3106 3030 evening. He was hidden in the church of St. Domenico. (Gives
220 2912 810 3071 Duke papers)
1357 2992 1604 3166 Duke
209 3049 1623 3284 Let me see them! No address!
445 3189 1247 3334 (Breaks the seal)
205 3265 2954 3493 These character are strange to me-- Do you know any ai ch,
205 3368 547 3486 — Cosini.
2520 3452 2900 3623 toutes les
1349 3459 1669 3611 cosini
194 3562 3242 3763 They look like Assyrian script -- No -- they are quitebringing.
175 3619 2364 3854 Doubtless, these papers are written in cipper.
1346 3839 1543 3980 Duke
171 3828 2615 4136 What has become of the man from whom you took them?
1007 4090 1224 4212 o V V VVVV:H:
1323 4102 1737 4257 Campeggi
148 4185 3083 4409 He refuses to answer me, or rather he pretends not to compre¬
144 4284 2813 4493 hend our language -- or else he really does not know it.
1308 4436 1524 4626 Duke:
133 4489 3136 4820 It would not be the first time, that Cassar made use of such as
141 4653 1247 4839 he — Where is the man?
