3816 5208
1452 559 1671 678 Duke
1639 615 2576 746 Not so! My greeting
512 662 2557 859 would I hear responded to by you, my beauty!
1458 849 1855 974 Beatrice
771 943 3257 1052 ( Looks at the Duke for a long time,then courtesies.)
1455 1071 1683 1205 Duke
525 1152 2473 1277 I have not asked that you should bow low!
515 1255 2083 1380 I would that you forget who I am!
849 1333 1365 1443 To retinue
531 1368 2626 1505 This is too festal, please remove yourselves!
531 1483 2311 1602 I would not be, like the Prince of Pisa,
531 1558 2682 1680 Who rode through the streets with his seeptre!
531 1646 2326 1767 I do not desire to order you to speak,
515 1724 1892 1820 But speak—what is your name?
1452 1855 1855 1977 Beatrice
1252 1933 1714 2067 Beatrice.
1443 2058 1633 2192 Dulo
543 2142 2045 2267 ’Tis a voice like music! I would
531 2248 1749 2386 That you love me, Beatrice.
1446 2376 1895 2498 Francesco
518 2439 2673 2570 My Prince! He who is to be my sister's husband
518 2523 2829 2651 Stands here, and her steps are towards the church.
1464 2698 1652 2804 Duke
503 2763 2226 2888 To the church—what? To be married?
1461 2898 1892 3035 Francesco
503 3019 1749 3129 Your Highness,has said it!
1452 3163 1652 3260 Duke
503 3213 2660 3325 So this is so, you would go. never has it been
509 3316 3013 3410 My habit to interfere where I should be a stranger.
509 3407 2086 3507 Forgive me, Beatrice, and you too--
824 3460 2870 3588 Beatrice looks at the Duke without turning)
503 3557 2357 3666 Why do you look at me so, and go not on?
1439 3681 1892 3838 Francesco
509 3772 1180 3897 Come, Beatrice!
837 3859 2117 3994 Beatrice remains standing.)
1446 3981 1649 4115 Duke
1158 4075 1967 4194 Well? Was it only
509 4165 2083 4262 A confty word from you,to protect
509 4231 2582 4343 Your sister from me—eh? It almost seems so!
503 4284 2916 4450 For Beatrice remains silent, as does this young man.
1446 4459 1895 4587 Francesco
503 4525 2692 4662 The nearness of your Highness, makes him quake.
506 4624 2370 4790 I swear however, that I spoke the truth,
3322 175 3500 294 1 1
3207 481 3407 606 31.
