3480 5112
1169 544 1637 708 Francesco
230 660 907 792 Some, Beatrice!
1187 820 1640 942 vittorino
475 876 1145 1026 ( Entreatingly
1169 963 1853 1085 Beatrice, come!
1159 1127 1368 1235 Dule
485 1194 3291 1337 (Who would pass by, turns again and sees how Beatrice stands
544 1291 1138 1386 motionless.)
230 1340 2394 1473 Go, I said! Was that too mild? shall I command?
241 1434 2317 1532 Go, beautiful Beatrice! Well? Thau remainest?
251 1518 2398 1605 Think you,I desire it? Thinkest thou, that when
248 1584 2656 1689 Thou art gone I'll call you? Not even will one look
241 1672 1906 1759 Of mine follow your young steps,yet
237 1755 1790 1832 I would that thou at last did go-
223 1815 2139 1933 For you lnehantest me,as no other woman,
555 1923 3085 2087 Nardi and Mrs.Nardi have come from house. Rosina from
576 2045 1134 2185 the street.
1162 2125 1630 2244 Francesco
237 2178 918 2335 Come, Beatrice!
1176 2248 1626 2373 Vittorino
1319 2338 1745 2481 Beatrice!
1162 2485 1386 2611 Dule
241 2569 2419 2705 Why stand you so bewitched? Did I speak a word.
251 2645 2830 2768 That holde you here? Did I threaten you? Or the others?
237 2740 1466 2851 Does any one bar your way?
562 2802 1204 2925 To the nobles
1211 2876 2255 3005 make place,all of pou!
248 2973 1832 3068 Go, Beatrice! But step after step
237 3043 1843 3148 And cause not, not turn thine head,
237 3120 2366 3225 And venish from my sight as fast as possible!
237 3218 2209 3305 For to send you forth when you would stay,
248 3291 2499 3382 To give you to another when you are drawn to me,
251 3368 2446 3462 Not to embrace you, when twould even please you,
251 3448 2174 3584 By heaven! Ths would be fully, and I fear
237 3462 2590 3626 There’s little time, that you are loth to leave me.
251 3602 1284 3731 Some with me, Beatrice!
1120 3745 1574 3863 Francesco
475 3818 1703 3968 (His hand on his dagger.)
942 3902 1201 4038 Duke!
1187 4038 1605 4160 Vittorino
555 4118 2289 4258 Tries to Joow himself on his Knees)
1183 4233 1630 4397 Francesco
478 4345 1246 4509 ( Prevents him.)
1180 4478 1438 4628 Duke.
241 4544 2248 4708 It is thy will, as it is mine,therefore let
223 4701 1598 4841 No one here grieve about it.
2932 499 3117 649 33.
