3528 5112
2851 141 3015 294 1 I
347 670 2976 804 Thickly enrapped within the mystery of these last hours,
353 785 2940 906 Is closely tolded about you. Let it too fall to earth,
347 876 1919 1004 like that which now Hivelops you
628 974 2374 1131 (she lets the veil fall to the floor)
1543 1122 1955 1275 Beatrice
1975 1233 2688 1360 See, I am here,
353 1334 2426 1455 Ready to go on life's last journey with you!
353 1432 2282 1553 Dost thou need to ask me such a question?
1514 1596 1870 1730 Filippo
347 1700 2184 1815 Beatrice, you are but a stranger to me,
347 1769 2655 1910 My kompanion you shall not be, on such a journey.
1507 1942 1929 2093 Beatrice
353 2047 2606 2181 How difficulty I thought to be received by you.
356 2175 2325 2276 What matters all the glamor of past hours,
376 2253 1949 2358 When we have reached the last one?
376 2351 2106 2452 Though, since I last saw you, you had
356 2433 2475 2544 Flown through the air with hundres of devils,
363 2492 2799 2632 I should not question you about it. And were I myself
363 2596 2933 2717 This very evening a Queen, to whom all bent in hommage,
356 2714 2979 2838 Or were I the harlot of a jester, what should it matter,
363 2796 1870 2943 If now I'm here to die with you.
1527 2936 1870 3093 Filippo
356 3064 2155 3195 You came here your wedding feast!
376 3182 1534 3299 They will be seeking you.
1514 3332 1929 3456 Beatrice
821 3430 2047 3564 No one knows where I went!
353 3512 2423 3636 No man saw me go, and none have followed me.
1534 3675 1880 3816 Filippo
363 3800 2243 3904 You speak as you wert ever prone to do).
376 3895 2717 4016 That I can understand, and I seem to be appointed,
376 3986 2394 4088 To fathom these happenings. — To penetrate
356 4068 2217 4195 The inmost Iepths of your strange soul!
356 4173 896 4316 Then speak!
1507 4287 1946 4460 Beatrice
834 4401 1373 4562 It is well!
356 4535 1795 4637 Why can you not understand me?
356 4617 2243 4732 For a dream you drove me from your side.
2665 4601 3008 4742 refuge,
363 4696 2619 4862 I was so ktterly alone, and Vittorina offered me
929 4797 1795 4925 en a
