3512 5096
2963 459 3137 607 37.
1017 562 2881 684 From this moment no glance,no word more
159 640 3133 843 belongs to you-ape! This is the last!-- Some handsome Filippo!
1128 840 1483 1002 Filippo
411 921 910 1073 ( Excited)
185 1025 2023 1173 You men believe that I am inconsolable,
189 1132 1816 1276 Then advise me; what shall be done?
1117 1283 1472 1420 Antonio
178 1387 3040 1528 Let well enough alone. Tito, let us go. There are as virtue
185 1491 2548 1642 nomen,or indeed more lewd,who will please me more.
1143 1661 1361 1786 Tito
473 1731 1509 1897 ( Picks up the pearls.)
174 1820 2807 2027 I'll find some one more willing to accept these parts.
1132 1997 1480 2153 Filippo
104 2042 2108 2334 Listen, gentlemen, — let us fence for them!
1139 2271 1550 2434 Isabella
189 2330 3037 2541 What will that gain you, if they wonnd you? We'd rather wise
215 2511 1931 2678 your weeding Wounds than their lips.
1128 2659 1505 2804 Antonio
436 2763 914 2904 (Raging.)
203 2822 3114 2989 I wish you came from Saples, not from Florence! Here musicians!
196 2966 3174 3103 follows us back to Menasci, and drawn our anger in likely music.
1136 3103 1561 3259 Isabella
203 3218 1542 3384 What is the matter with you?
547 3314 1202 3451 To musicians.)
218 3399 3048 3525 You must remain, we will go in the house, Filippo – but these
203 3481 3040 3699 men must remain upon the terrace, and play and play on play.
370 3614 780 3776 ( Music )
1143 3769 1587 3887 Lucrezia
218 3850 2434 3984 Then it will float through the open door to us,
215 3969 2397 4106 And heighten our happiness with joyful sound?
215 4080 1927 4261 And with sweet lullaby our slumber.
451 4205 1701 4424 ( unter Battista quickly.)
1158 4398 1594 4586 Battista
196 4501 1010 4675 Most noble lord!
473 4568 1842 4819 (stops greatlyinnrprised--)
