3800 5144
1433 553 1798 707 Claudia
457 592 2275 784 What, is your son dead,why do you sigh?
1449 776 1814 930 Capponi
526 822 3620 1007 What matter's that. If I sigh it's a habit,a bad habit, if you will
515 949 3355 1068 a philosophical habit. But to return to the rose water, could
523 1061 1522 1172 it have been Persian?
1452 1180 1814 1303 Claudia
523 1226 1848 1433 Yes, your son called it that.
1449 1368 1798 1525 Capponi
523 1406 3428 1602 Then I can fill your order, lady, I have it put away back there.
526 1572 3347 1668 If it stood here with the others all day long the young women
523 1637 3539 1779 of Bologna would stand here before my shop, and every one of them
534 1729 2782 1852 would want to small of it without paying for it.
1456 1833 1829 2002 Claudia
857 1925 1449 2067 To Caterina.
526 2021 1871 2163 Don't you want a bottle too?
1456 2183 1856 2290 Caterina
534 2252 3362 2390 What for I don't need such stuff, All I do is to equeeze the
538 2355 2432 2494 Juice of a Sic franqe into my both.
1483 2467 1818 2601 Claudia
1472 2505 3462 2701 skin to small of flowers and not of fruit.
534 2521 1422 2694 My husband like my
1518 2632 2667 2782 out the battle to them.)
792 2674 1445 2793 (Capponi holds
1483 2790 1791 2909 Claudii
546 2809 2901 3005 That’s it! Smell it Caterina! Now what do you say?
1476 2974 1875 3139 Caterina,
526 3059 2628 3251 Well perhaps when a man is no longer young--
1472 3243 1841 3404 Claudia
546 3293 1483 3489 There is your money.
1483 3458 1825 3608 Capponi
546 3504 3343 3700 Thank you fair lady, but this is only the truth part of what
557 3670 1230 3816 I should have.
1483 3773 1829 3904 Claudia
538 3816 2340 4046 I know what I paid for it last winter.
1483 4012 1833 4138 Capponi
557 4054 3343 4208 times were different then! In a few days I can get a hundred
549 4184 3182 4292 times as much forthat battle. Everything will be dearer.
538 4227 3431 4392 It is impossible to bring things into the city! All roads are
538 4315 3474 4442 elosed. In a week there will be fame here, and we will suffer
549 4400 3339 4530 if we still live, which is very doubtful. But I don't wish to
561 4503 1422 4638 insult you ladies.
1483 4607 1864 4753 Claudia
546 4649 3378 4876 I won't give you any more for your rose water. Tell me truly
