3752 5080
2163 358 3311 551 The Shepherd’s Flute, 7.
761 745 3214 957 deed I desire you to follow withoutesitation every
764 935 3230 1109 impydse of curiosity which awakes in you, every long
758 1077 3301 1228 ing which tempts you, no matter where it may lead you.
745 1251 3130 1383 And at the same time I swear to you, Dionysia: you
745 1406 3272 1593 may go from here whither you wish, when you wish,, and
745 1567 3166 1689 with whom you wish — you may come home today or in
758 1696 3156 1879 ten years’ time — as queen or beggar- Ecoman, chaste
751 1850 3198 2025 or a where — you will always find your bed and your
745 2005 3185 2173 rament ready in this house, just as you leave them,
741 2186 3117 2334 and from me — for I shall remain here, though not
735 2331 3320 2476 awaiting you — you need never fear a word of reproach,
735 2495 2576 2640 or even a question in all future time."
961 2643 3250 2785 Dionysia stretehed out quietly in bed, her hands
735 2789 3237 2953 clasped behind her head, and asked: "Are you speaking
735 2943 1844 3111 in jest or in earnest?"
974 3072 3291 3243 "It is so earnest, Dionysia, that nothing in this
677 3266 3088 3404 world — no entreaty and no prayer — could move me
719 3417 3046 3585 to take back the words which I have just vttered.
709 3582 3179 3727 So understand me well: accept the phrase in its most
716 3756 3130 3914 extended meaning, Dionysia, you are free." And he
700 3907 2547 4072 turned from her as though in fairewell.
922 4020 3166 4252 At the same instant Dionysia threw off the bed-
693 4188 2901 4355 olothea, hurried to the window, tore it open;
