3992 5208
634 624 2932 788 They would not know each other, although brother s,
627 731 2853 861 As those who meet hy night, in darkenedakreets,
634 835 2144 943 No,Agostino,call it not my song.
627 927 2390 1053 What we forget does not belong to us;
637 1018 1866 1148 We recall only the things,
640 1084 2566 1226 That are most firmly noted in our souls,
634 1188 2560 1305 Deep hidden in a nook from all the world.
640 1277 3168 1406 Such things alone are ours. The song is mine no longer.
1576 1463 1967 1586 Agostino
615 1526 3127 1683 Not yours? That song? You wrote it for fair Teresina!
615 1639 2014 1778 And now you recognize it not?
1570 1803 1914 1951 Filippo
1794 1901 2985 2068 So little do I recall it,
621 2005 2106 2169 It is as if I'd never heard it.
1548 2182 1955 2330 Agostino
1800 2238 2746 2409 You speak as though,
621 2374 2137 2525 Twe would please you to forget it.
1557 2538 1910 2661 Filippo
1781 2613 2699 2793 No, as if I must.
602 2714 1740 2881 And not alone that song.
1548 2916 1955 3042 Agostino
848 2979 1479 3140 Anxiously.)
2238 3105 3001 3253 Tell me, Filippo,
602 3200 2919 3357 What has happened?For three long days your house,
602 3282 2673 3402 Was closed to me and all your other friends,
608 3370 3048 3496 At last to-day --against your will--you let me in,
602 3471 2585 3581 Distrait,embarrassed,you extend your hand,
618 3556 2673 3707 Your eyes aglitter with fond dreams of love,
608 3654 2219 3774 I bring to you extraordinary news,
602 3736 2626 3881 You have it from you like mere àile gossip,
593 3830 2481 3972 And bid me seek my lute and sing to you,
1523 3994 1885 4136 Filippo
593 4098 2859 4221 True I did bid you sing? Tell me what is happened?
599 4199 2617 4316 You began to say that Venice threatened us,
590 4287 3086 4467 That Mariscotti had proved himself a knave, ist not so?
1523 4448 1929 4596 Agostino
558 4508 2472 4681 We fear this. I spoke not only of Venice.
599 4656 2412 4820 The Duke of Romigna, also threatens war.
