3944 5240
1558 236 1785 434 1e,1
3278 615 3459 758 26
1875 713 2254 904 Filippo
1004 803 2024 988 (Turning towards her)
713 894 1639 1088 What is that to me?
1859 1104 2283 1247 Beatrice
1684 1227 2963 1393 He rode through our street,
690 1253 1697 1444 And gazed long at me.
1856 1425 2219 1613 Filippo
1778 1587 2507 1739 That is the way
693 1639 1878 1775 Men look at pretty women.
700 1742 1791 1921 What matters it to you?
1853 1930 2257 2083 Beatrice
1798 2018 2704 2151 Rosina stood by me.
680 2063 2050 2235 Just think: No glance at her!
2170 2134 2976 2277 I really thought,
690 2206 2805 2342 She would be ill from pain, for you must know
687 2303 3171 2458 She lives him much, the Duke – she lives oth ers too,
690 2380 2539 2533 To tell the truth, but the Duke so much
693 2461 2870 2630 That this year, when he tarried on his journey,
674 2555 2993 2714 She fell ill of longing, - and now he comes again
661 2672 2782 2798 And sides right past us and looks at me only.
1810 2798 2186 2980 Filippo
648 2870 2504 3093 You sill y child, does that move you so?
1804 3132 2219 3245 Beatrice
641 3129 3248 3388 I say it not for that reason I had indeed, forgotten it.
635 3281 1853 3440 But for my wondrous dream
1798 3436 2154 3634 Filippo
1924 3585 2274 3708 By day?
862 3611 2235 3835 (Comes slowly down the steps)
1781 3851 2193 3980 Beatrice
612 3861 2416 4084 It was so sultry. I went to my room,
632 4019 2325 4142 To get away from Rosina's anger —
615 4094 2448 4269 She had beaten me, she'd done that often,
612 4207 2371 4330 And to get another dress - for thee
586 4304 2374 4440 And other/shoes. I sat me on the bed
602 4382 2312 4534 Wishing to tie the ribbons, you see,
596 4499 2721 4651 And fell asleep anddenmed most strangely..
