<?xml version="1.0" encoding="UTF-8" standalone="yes"?>
<PcGts xmlns="http://schema.primaresearch.org/PAGE/gts/pagecontent/2013-07-15" xmlns:xsi="http://www.w3.org/2001/XMLSchema-instance" xsi:schemaLocation="http://schema.primaresearch.org/PAGE/gts/pagecontent/2013-07-15 http://schema.primaresearch.org/PAGE/gts/pagecontent/2013-07-15/pagecontent.xsd">
    <Metadata>
        <Creator>prov=READ-COOP:name=TrHtr:version=2.1.0:model_id=51170:date=15_08_2023_08:06</Creator>
        <Created>2023-05-10T15:11:51.669+02:00</Created>
        <LastChange>2023-08-15T08:06:23.940+02:00</LastChange>
        <TranskribusMetadata docId="1428822" pageId="55432131" pageNr="87" tsid="132841991" status="IN_PROGRESS" userId="64420" imgUrl="https://files.transkribus.eu/Get?id=RCWBEGGRXWLEZDQCPEEMWSUZ&amp;fileType=view" xmlUrl="https://files.transkribus.eu/Get?id=YTJUOOJJJKEWSSWGMPPWXAET" imageId="44706168"/>
    </Metadata>
    <Page imageFilename="1428822_0087.jpg" imageWidth="3816" imageHeight="5208">
        <ReadingOrder>
            <OrderedGroup id="ro_1711803337197" caption="Regions reading order">
                <RegionRefIndexed index="0" regionRef="tr_1"/>
                <RegionRefIndexed index="1" regionRef="tr_2"/>
            </OrderedGroup>
        </ReadingOrder>
        <TextRegion id="tr_1" custom="readingOrder {index:0;}">
            <Coords points="465,595 3284,595 3284,1682 465,1682"/>
            <TextLine id="tr_1_tl_1" custom="readingOrder {index:0;}">
                <Coords points="3099,663 3149,654 3171,666 3193,657 3203,666 3225,666 3244,657 3260,670 3276,670 3276,594 3244,588 3206,559 3187,565 3175,556 3159,556 3137,565 3124,556 3099,556"/>
                <Baseline points="3117,645 3207,645 3284,645"/>
                <TextEquiv>
                    <Unicode>39.</Unicode>
                </TextEquiv>
            </TextLine>
            <TextLine id="tr_1_tl_2" custom="readingOrder {index:1;}">
                <Coords points="455,847 2091,831 2205,818 2205,698 455,733"/>
                <Baseline points="471,812 507,812 597,812 686,812 776,806 866,806 955,806 1045,806 1134,800 1224,800 1313,800 1403,806 1493,806 1582,806 1672,806 1761,806 1851,806 1941,806 2030,800 2120,800 2209,806"/>
                <TextEquiv>
                    <Unicode>Bologna’s tower are as strong as ever</Unicode>
                </TextEquiv>
            </TextLine>
            <TextLine id="tr_1_tl_3" custom="readingOrder {index:2;}">
                <Coords points="458,935 2824,929 2900,802 461,821"/>
                <Baseline points="477,895 489,895 579,889 668,889 758,883 848,883 937,889 1027,883 1116,883 1206,883 1296,883 1385,883 1475,883 1564,883 1654,883 1743,883 1833,877 1923,877 2012,883 2102,883 2191,877 2281,877 2371,877 2460,877 2550,877 2639,877 2729,877 2819,877 2908,877"/>
                <TextEquiv>
                    <Unicode>And of food and drink we have enough for seven days.</Unicode>
                </TextEquiv>
            </TextLine>
            <TextLine id="tr_1_tl_4" custom="readingOrder {index:3;}">
                <Coords points="1396,1058 1425,1064 1453,1046 1485,1052 1598,1049 1598,979 1564,986 1529,960 1507,976 1497,970 1485,979 1444,976 1428,967 1396,973"/>
                <Baseline points="1415,1033 1505,1033 1594,1033 1606,1033"/>
                <TextEquiv>
                    <Unicode>Duke</Unicode>
                </TextEquiv>
            </TextLine>
            <TextLine id="tr_1_tl_5" custom="readingOrder {index:4;}">
                <Coords points="452,1147 2132,1156 2265,1134 2268,1008 1380,1068 783,982 660,1064 455,1061"/>
                <Baseline points="471,1122 483,1122 573,1116 662,1116 752,1110 842,1110 931,1110 1021,1110 1110,1110 1200,1110 1290,1110 1379,1110 1469,1104 1558,1110 1648,1110 1737,1110 1827,1110 1917,1110 2006,1110 2096,1104 2185,1104 2275,1116"/>
                <TextEquiv>
                    <Unicode>And if it were for seven years,Magnani</Unicode>
                </TextEquiv>
            </TextLine>
            <TextLine id="tr_1_tl_6" custom="readingOrder {index:5;}">
                <Coords points="471,1213 2521,1229 2521,1143 2356,1109 471,1134"/>
                <Baseline points="489,1194 579,1194 668,1194 758,1188 848,1188 937,1188 1027,1188 1116,1188 1206,1188 1296,1188 1385,1188 1475,1188 1564,1182 1654,1182 1743,1188 1833,1188 1923,1188 2012,1188 2102,1188 2191,1188 2281,1188 2371,1182 2460,1188 2526,1200"/>
                <TextEquiv>
                    <Unicode>What matters it to me? From immense freedom,</Unicode>
                </TextEquiv>
            </TextLine>
            <TextLine id="tr_1_tl_7" custom="readingOrder {index:6;}">
                <Coords points="464,1292 1756,1289 1756,1200 464,1210"/>
                <Baseline points="483,1278 507,1272 597,1272 686,1266 776,1266 866,1266 955,1266 1045,1266 1134,1266 1224,1266 1313,1266 1403,1266 1493,1266 1582,1266 1672,1260 1761,1272"/>
                <TextEquiv>
                    <Unicode>Bounded only by the heavens</Unicode>
                </TextEquiv>
            </TextLine>
            <TextLine id="tr_1_tl_8" custom="readingOrder {index:7;}">
                <Coords points="455,1371 2082,1368 2129,1273 458,1289"/>
                <Baseline points="471,1349 519,1355 609,1349 698,1343 788,1343 877,1343 967,1343 1057,1343 1146,1343 1236,1337 1325,1337 1415,1343 1505,1343 1594,1343 1684,1343 1773,1343 1863,1337 1953,1337 2042,1337 2132,1337"/>
                <TextEquiv>
                    <Unicode>I look to to-morrow to Conprisonment</Unicode>
                </TextEquiv>
            </TextLine>
            <TextLine id="tr_1_tl_9" custom="readingOrder {index:8;}">
                <Coords points="455,1437 2173,1444 2173,1380 2047,1349 455,1371"/>
                <Baseline points="471,1433 477,1433 567,1427 656,1421 746,1421 836,1421 925,1421 1015,1421 1104,1421 1194,1421 1284,1421 1373,1421 1463,1415 1552,1421 1642,1415 1732,1415 1821,1415 1911,1415 2000,1415 2090,1415 2179,1421"/>
                <TextEquiv>
                    <Unicode>Ind to be surrounded by thick walls.</Unicode>
                </TextEquiv>
            </TextLine>
            <TextLine id="tr_1_tl_10" custom="readingOrder {index:9;}">
                <Coords points="471,1516 2657,1516 2720,1418 471,1444"/>
                <Baseline points="489,1511 579,1505 668,1505 758,1499 848,1499 937,1499 1027,1499 1116,1499 1206,1499 1296,1499 1385,1499 1475,1493 1564,1493 1654,1493 1743,1493 1833,1493 1923,1493 2012,1493 2102,1493 2191,1487 2281,1487 2371,1487 2460,1487 2550,1487 2639,1487 2729,1487"/>
                <TextEquiv>
                    <Unicode>I could not bear it, even for a day, and could not</Unicode>
                </TextEquiv>
            </TextLine>
            <TextLine id="tr_1_tl_11" custom="readingOrder {index:10;}">
                <Coords points="449,1620 2688,1614 2688,1541 2549,1500 449,1523"/>
                <Baseline points="465,1582 555,1582 645,1576 734,1576 824,1576 913,1570 1003,1576 1092,1570 1182,1570 1272,1576 1361,1576 1451,1570 1540,1576 1630,1570 1720,1570 1809,1570 1899,1570 1988,1570 2078,1570 2168,1570 2257,1570 2347,1570 2436,1564 2526,1564 2615,1576 2693,1582"/>
                <TextEquiv>
                    <Unicode>Even were there hope of better times beckoning,</Unicode>
                </TextEquiv>
            </TextLine>
            <TextLine id="tr_1_tl_12" custom="readingOrder {index:11;}">
                <Coords points="461,1722 960,1731 1125,1703 1279,1728 1282,1614 1147,1583 963,1611 464,1598"/>
                <Baseline points="477,1672 567,1660 656,1660 746,1654 836,1654 925,1654 1015,1654 1104,1654 1194,1654 1284,1666"/>
                <TextEquiv>
                    <Unicode>And none beckons.</Unicode>
                </TextEquiv>
            </TextLine>
        </TextRegion>
        <TextRegion id="tr_2" custom="readingOrder {index:1;}">
            <Coords points="477,1753 3039,1753 3039,4883 477,4883"/>
            <TextLine id="tr_2_tl_1" custom="readingOrder {index:0;}">
                <Coords points="1396,1807 1466,1835 1488,1819 1516,1832 1592,1816 1614,1832 1636,1819 1649,1832 1684,1816 1756,1823 1759,1737 1699,1737 1677,1722 1614,1744 1551,1718 1519,1740 1396,1737"/>
                <Baseline points="1415,1809 1505,1809 1594,1809 1684,1803 1767,1809"/>
                <TextEquiv>
                    <Unicode>Magnani</Unicode>
                </TextEquiv>
            </TextLine>
            <TextLine id="tr_2_tl_2" custom="readingOrder {index:1;}">
                <Coords points="790,1895 1949,1908 1949,1810 1876,1794 1655,1835 1314,1791 1166,1842 790,1810"/>
                <Baseline points="806,1887 895,1887 985,1887 1075,1887 1164,1881 1254,1881 1343,1881 1433,1887 1522,1881 1612,1881 1702,1881 1791,1881 1881,1881 1958,1887"/>
                <TextEquiv>
                    <Unicode>Sire, it seems impossible</Unicode>
                </TextEquiv>
            </TextLine>
            <TextLine id="tr_2_tl_3" custom="readingOrder {index:2;}">
                <Coords points="461,1984 2426,1996 2549,1981 2549,1883 461,1898"/>
                <Baseline points="477,1970 495,1964 585,1964 674,1964 764,1964 854,1964 943,1958 1033,1958 1122,1958 1212,1958 1302,1958 1391,1958 1481,1958 1570,1958 1660,1958 1749,1958 1839,1958 1929,1958 2018,1958 2108,1953 2197,1953 2287,1953 2377,1953 2466,1953 2556,1953"/>
                <TextEquiv>
                    <Unicode>That theÓwly lworn alliance of the Princes</Unicode>
                </TextEquiv>
            </TextLine>
            <TextLine id="tr_2_tl_4" custom="readingOrder {index:3;}">
                <Coords points="461,2088 2047,2094 2214,2066 2214,1952 461,1984"/>
                <Baseline points="477,2048 519,2054 609,2048 698,2048 788,2048 877,2042 967,2042 1057,2042 1146,2042 1236,2042 1325,2042 1415,2048 1505,2042 1594,2042 1684,2042 1773,2042 1863,2036 1953,2036 2042,2036 2132,2036 2221,2036"/>
                <TextEquiv>
                    <Unicode>Of Naples and Sicily,hould be forget!</Unicode>
                </TextEquiv>
            </TextLine>
            <TextLine id="tr_2_tl_5" custom="readingOrder {index:4;}">
                <Coords points="1409,2208 1440,2208 1453,2221 1463,2214 1507,2221 1523,2205 1541,2202 1573,2202 1601,2217 1627,2211 1627,2138 1589,2129 1545,2088 1507,2116 1450,2085 1409,2101"/>
                <Baseline points="1427,2197 1451,2191 1540,2191 1630,2191"/>
                <TextEquiv>
                    <Unicode>Duke</Unicode>
                </TextEquiv>
            </TextLine>
            <TextLine id="tr_2_tl_6" custom="readingOrder {index:5;}">
                <Coords points="471,2290 2726,2287 2726,2202 2536,2173 471,2173"/>
                <Baseline points="489,2287 495,2281 585,2275 674,2275 764,2275 854,2269 943,2275 1033,2269 1122,2269 1212,2269 1302,2275 1391,2269 1481,2269 1570,2269 1660,2269 1749,2263 1839,2269 1929,2263 2018,2263 2108,2263 2197,2263 2287,2263 2377,2263 2466,2257 2556,2257 2645,2257 2735,2257"/>
                <TextEquiv>
                    <Unicode>It seems to you impossible? Yet say, did you take</Unicode>
                </TextEquiv>
            </TextLine>
            <TextLine id="tr_2_tl_7" custom="readingOrder {index:6;}">
                <Coords points="477,2372 2596,2375 2638,2277 477,2290"/>
                <Baseline points="495,2359 585,2359 674,2353 764,2353 854,2353 943,2347 1033,2347 1122,2347 1212,2347 1302,2347 1391,2347 1481,2347 1570,2347 1660,2347 1749,2341 1839,2341 1929,2347 2018,2341 2108,2341 2197,2341 2287,2335 2377,2341 2466,2335 2556,2335 2645,2335"/>
                <TextEquiv>
                    <Unicode>Into consideration the papers, which were found</Unicode>
                </TextEquiv>
            </TextLine>
            <TextLine id="tr_2_tl_8" custom="readingOrder {index:7;}">
                <Coords points="458,2483 2290,2451 2372,2445 2375,2360 461,2379"/>
                <Baseline points="477,2436 501,2436 591,2442 680,2436 770,2436 860,2430 949,2430 1039,2430 1128,2430 1218,2424 1307,2424 1397,2424 1487,2424 1576,2424 1666,2424 1755,2424 1845,2424 1935,2424 2024,2424 2114,2424 2203,2418 2293,2418 2383,2418"/>
                <TextEquiv>
                    <Unicode>At Mariscotti's? Show them to him, Cosini</Unicode>
                </TextEquiv>
            </TextLine>
            <TextLine id="tr_2_tl_9" custom="readingOrder {index:8;}">
                <Coords points="1428,2593 1541,2593 1560,2606 1583,2596 1611,2609 1652,2596 1674,2606 1709,2600 1709,2514 1687,2514 1668,2530 1601,2502 1535,2514 1466,2480 1428,2476"/>
                <Baseline points="1445,2580 1534,2580 1624,2580 1714,2580"/>
                <TextEquiv>
                    <Unicode>Cost of Cosini</Unicode>
                </TextEquiv>
            </TextLine>
            <TextLine id="tr_2_tl_10" custom="readingOrder {index:9;}">
                <Coords points="471,2694 2966,2672 2966,2562 471,2615"/>
                <Baseline points="489,2675 555,2669 645,2663 734,2663 824,2663 913,2663 1003,2663 1092,2657 1182,2663 1272,2657 1361,2663 1451,2663 1540,2657 1630,2657 1720,2657 1809,2657 1899,2651 1988,2651 2078,2657 2168,2657 2257,2657 2347,2651 2436,2651 2526,2645 2615,2645 2705,2639 2795,2639 2884,2639 2974,2639"/>
                <TextEquiv>
                    <Unicode>My Prince, as carefully as I read them, they showed me</Unicode>
                </TextEquiv>
            </TextLine>
            <TextLine id="tr_2_tl_11" custom="readingOrder {index:10;}">
                <Coords points="477,2767 2284,2767 2600,2748 2600,2672 477,2688"/>
                <Baseline points="495,2747 549,2747 639,2741 728,2741 818,2741 907,2741 997,2741 1086,2735 1176,2741 1266,2735 1355,2741 1445,2735 1534,2729 1624,2729 1714,2729 1803,2729 1893,2729 1982,2729 2072,2729 2162,2729 2251,2723 2341,2729 2430,2729 2520,2729 2609,2723"/>
                <TextEquiv>
                    <Unicode>That someone tried, to further Caesar a plans</Unicode>
                </TextEquiv>
            </TextLine>
            <TextLine id="tr_2_tl_12" custom="readingOrder {index:11;}">
                <Coords points="471,2840 1981,2843 2041,2827 2044,2751 471,2767"/>
                <Baseline points="489,2830 525,2824 615,2824 704,2824 794,2824 883,2824 973,2819 1063,2819 1152,2819 1242,2813 1331,2819 1421,2813 1511,2813 1600,2813 1690,2813 1779,2813 1869,2807 1958,2813 2048,2813"/>
                <TextEquiv>
                    <Unicode>By lienning Naples,but do not show</Unicode>
                </TextEquiv>
            </TextLine>
            <TextLine id="tr_2_tl_13" custom="readingOrder {index:12;}">
                <Coords points="480,2938 1939,2916 1939,2840 1879,2821 483,2843"/>
                <Baseline points="501,2902 513,2902 603,2902 692,2902 782,2902 871,2896 961,2896 1051,2896 1140,2896 1230,2890 1319,2896 1409,2890 1499,2890 1588,2890 1678,2890 1767,2890 1857,2890 1947,2890"/>
                <TextEquiv>
                    <Unicode>That the effort was successful.</Unicode>
                </TextEquiv>
            </TextLine>
            <TextLine id="tr_2_tl_14" custom="readingOrder {index:13;}">
                <Coords points="1409,3061 1428,3058 1472,3073 1507,3105 1551,3077 1583,3089 1608,3067 1627,3067 1630,2994 1535,2976 1504,2994 1491,2982 1412,2985"/>
                <Baseline points="1427,3045 1451,3045 1540,3045 1630,3039"/>
                <TextEquiv>
                    <Unicode>Duke</Unicode>
                </TextEquiv>
            </TextLine>
            <TextLine id="tr_2_tl_15" custom="readingOrder {index:14;}">
                <Coords points="1608,3149 2211,3111 2328,3146 2688,3115 2818,3159 2871,3149 2874,3029 2726,2985 2552,3061 2082,2979 2009,3017 1611,3004"/>
                <Baseline points="1624,3123 1714,3123 1803,3117 1893,3117 1982,3117 2072,3111 2162,3111 2251,3111 2341,3111 2430,3111 2520,3111 2609,3111 2699,3111 2789,3105 2878,3111"/>
                <TextEquiv>
                    <Unicode>He it is! To-day I know it!</Unicode>
                </TextEquiv>
            </TextLine>
            <TextLine id="tr_2_tl_16" custom="readingOrder {index:15;}">
                <Coords points="464,3225 2356,3197 2467,3257 2499,3133 464,3171"/>
                <Baseline points="483,3219 531,3219 621,3213 710,3213 800,3213 889,3207 979,3207 1069,3207 1158,3207 1248,3201 1337,3201 1427,3201 1517,3201 1606,3201 1696,3201 1785,3195 1875,3195 1964,3195 2054,3195 2144,3189 2233,3189 2323,3189 2412,3189 2502,3201"/>
                <TextEquiv>
                    <Unicode>And know too, that deep within me I knew it,</Unicode>
                </TextEquiv>
            </TextLine>
            <TextLine id="tr_2_tl_17" custom="readingOrder {index:16;}">
                <Coords points="471,3295 1229,3342 1371,3285 2104,3301 2230,3285 2230,3206 471,3231"/>
                <Baseline points="489,3296 537,3296 627,3296 716,3290 806,3290 895,3290 985,3284 1075,3290 1164,3284 1254,3278 1343,3278 1433,3278 1522,3278 1612,3278 1702,3278 1791,3272 1881,3272 1970,3272 2060,3272 2150,3272 2239,3266"/>
                <TextEquiv>
                    <Unicode>When two moons ago in bright daylight</Unicode>
                </TextEquiv>
            </TextLine>
            <TextLine id="tr_2_tl_18" custom="readingOrder {index:17;}">
                <Coords points="483,3383 2530,3392 2881,3370 2881,3279 483,3307"/>
                <Baseline points="501,3374 561,3368 651,3368 740,3368 830,3368 919,3368 1009,3368 1098,3362 1188,3362 1278,3356 1367,3356 1457,3356 1546,3356 1636,3350 1726,3350 1815,3350 1905,3350 1994,3350 2084,3344 2173,3344 2263,3344 2353,3338 2442,3344 2532,3344 2621,3338 2711,3338 2801,3338 2890,3338"/>
                <TextEquiv>
                    <Unicode>We sat at Anjou s table, when in Naples, – I knew too</Unicode>
                </TextEquiv>
            </TextLine>
            <TextLine id="tr_2_tl_19" custom="readingOrder {index:18;}">
                <Coords points="477,3468 2356,3437 2341,3355 480,3383"/>
                <Baseline points="495,3452 573,3452 662,3446 752,3446 842,3446 931,3446 1021,3446 1110,3440 1200,3440 1290,3434 1379,3434 1469,3434 1558,3434 1648,3434 1737,3428 1827,3428 1917,3422 2006,3422 2096,3422 2185,3422 2275,3422 2365,3422"/>
                <TextEquiv>
                    <Unicode>How Borgia threatened us, when we in Rome</Unicode>
                </TextEquiv>
            </TextLine>
            <TextLine id="tr_2_tl_20" custom="readingOrder {index:19;}">
                <Coords points="477,3544 2698,3531 2814,3465 480,3465"/>
                <Baseline points="495,3529 579,3529 668,3523 758,3529 848,3523 937,3523 1027,3517 1116,3517 1206,3517 1296,3517 1385,3511 1475,3511 1564,3511 1654,3505 1743,3505 1833,3505 1923,3505 2012,3505 2102,3499 2191,3499 2281,3499 2371,3499 2460,3493 2550,3493 2639,3493 2729,3493 2819,3493"/>
                <TextEquiv>
                    <Unicode>were received by the Cope with deceitful embrace.</Unicode>
                </TextEquiv>
            </TextLine>
            <TextLine id="tr_2_tl_21" custom="readingOrder {index:20;}">
                <Coords points="496,3623 2571,3604 2571,3513 496,3541"/>
                <Baseline points="513,3607 519,3607 609,3607 698,3607 788,3601 877,3601 967,3601 1057,3601 1146,3595 1236,3595 1325,3589 1415,3595 1505,3589 1594,3589 1684,3589 1773,3589 1863,3583 1953,3577 2042,3577 2132,3577 2221,3577 2311,3577 2400,3571 2490,3571 2580,3577"/>
                <TextEquiv>
                    <Unicode>Death was prepared for us in the evening real,</Unicode>
                </TextEquiv>
            </TextLine>
            <TextLine id="tr_2_tl_22" custom="readingOrder {index:21;}">
                <Coords points="477,3705 1974,3765 2448,3661 2979,3712 2979,3610 477,3629"/>
                <Baseline points="495,3690 567,3690 656,3685 746,3685 836,3679 925,3679 1015,3679 1104,3679 1194,3673 1284,3673 1373,3673 1463,3673 1552,3667 1642,3667 1732,3667 1821,3661 1911,3661 2000,3661 2090,3661 2179,3655 2269,3655 2359,3655 2448,3649 2538,3649 2627,3655 2717,3649 2807,3649 2896,3649 2986,3649"/>
                <TextEquiv>
                    <Unicode> Therefore took I my leave, before the real was served.</Unicode>
                </TextEquiv>
            </TextLine>
            <TextLine id="tr_2_tl_23" custom="readingOrder {index:22;}">
                <Coords points="1421,3847 1523,3841 1548,3854 1608,3851 1624,3835 1766,3835 1766,3743 1744,3737 1699,3768 1611,3746 1560,3749 1529,3768 1466,3753 1421,3765"/>
                <Baseline points="1439,3822 1528,3822 1618,3822 1708,3822 1773,3822"/>
                <TextEquiv>
                    <Unicode>Magnani</Unicode>
                </TextEquiv>
            </TextLine>
            <TextLine id="tr_2_tl_24" custom="readingOrder {index:23;}">
                <Coords points="477,3929 2578,3917 2641,3822 480,3863"/>
                <Baseline points="495,3917 585,3923 674,3923 764,3917 854,3917 943,3911 1033,3911 1122,3911 1212,3911 1302,3906 1391,3906 1481,3900 1570,3900 1660,3900 1749,3900 1839,3894 1929,3894 2018,3888 2108,3888 2197,3888 2287,3888 2377,3888 2466,3882 2556,3882 2645,3888"/>
                <TextEquiv>
                    <Unicode>If this is true, then we have food for thought.</Unicode>
                </TextEquiv>
            </TextLine>
            <TextLine id="tr_2_tl_25" custom="readingOrder {index:24;}">
                <Coords points="477,4024 2344,3999 2347,3898 477,3945"/>
                <Baseline points="495,4001 561,4001 651,4001 740,4001 830,3995 919,3995 1009,3995 1098,3989 1188,3989 1278,3989 1367,3983 1457,3977 1546,3971 1636,3977 1726,3977 1815,3971 1905,3971 1994,3971 2084,3971 2173,3965 2263,3965 2353,3959"/>
                <TextEquiv>
                    <Unicode>Borgia does not know that you obceeded</Unicode>
                </TextEquiv>
            </TextLine>
            <TextLine id="tr_2_tl_26" custom="readingOrder {index:25;}">
                <Coords points="496,4097 1842,4091 1902,4072 1905,3974 496,4018"/>
                <Baseline points="513,4079 567,4079 656,4079 746,4073 836,4073 925,4073 1015,4073 1104,4067 1194,4067 1284,4067 1373,4067 1463,4061 1552,4055 1642,4055 1732,4055 1821,4049 1911,4055"/>
                <TextEquiv>
                    <Unicode>In reaching Bologna, Mariscotti</Unicode>
                </TextEquiv>
            </TextLine>
            <TextLine id="tr_2_tl_27" custom="readingOrder {index:26;}">
                <Coords points="496,4173 3032,4160 3007,4046 2416,3993 1984,4005 1857,4091 499,4094"/>
                <Baseline points="513,4156 531,4156 621,4156 710,4156 800,4156 889,4156 979,4150 1069,4144 1158,4144 1248,4144 1337,4138 1427,4138 1517,4132 1606,4132 1696,4132 1785,4132 1875,4126 1964,4126 2054,4126 2144,4121 2233,4115 2323,4121 2412,4121 2502,4121 2592,4121 2681,4115 2771,4115 2860,4115 2950,4115 3039,4126"/>
                <TextEquiv>
                    <Unicode>Was to him the master of the city. Now, since his plan,</Unicode>
                </TextEquiv>
            </TextLine>
            <TextLine id="tr_2_tl_28" custom="readingOrder {index:27;}">
                <Coords points="493,4252 2445,4230 2445,4138 2356,4128 496,4176"/>
                <Baseline points="513,4228 573,4234 662,4234 752,4234 842,4228 931,4234 1021,4228 1110,4222 1200,4222 1290,4222 1379,4222 1469,4216 1558,4210 1648,4210 1737,4210 1827,4210 1917,4204 2006,4204 2096,4198 2185,4198 2275,4192 2365,4198 2454,4204"/>
                <TextEquiv>
                    <Unicode>Miscarried,and Bologna has her Duke again,</Unicode>
                </TextEquiv>
            </TextLine>
            <TextLine id="tr_2_tl_29" custom="readingOrder {index:28;}">
                <Coords points="477,4324 2069,4283 2394,4350 2502,4312 2505,4201 480,4255"/>
                <Baseline points="495,4312 543,4318 633,4318 722,4318 812,4312 901,4312 991,4318 1081,4306 1170,4306 1260,4306 1349,4300 1439,4300 1528,4294 1618,4294 1708,4294 1797,4288 1887,4288 1976,4288 2066,4282 2156,4282 2245,4282 2335,4276 2424,4276 2514,4270"/>
                <TextEquiv>
                    <Unicode>Who knows,but Cassar will not beίnclined-</Unicode>
                </TextEquiv>
            </TextLine>
            <TextLine id="tr_2_tl_30" custom="readingOrder {index:29;}">
                <Coords points="1421,4479 1472,4479 1500,4463 1538,4473 1589,4463 1601,4473 1639,4473 1639,4388 1605,4384 1586,4394 1529,4384 1500,4394 1478,4381 1421,4391"/>
                <Baseline points="1439,4455 1469,4449 1558,4449 1648,4449"/>
                <TextEquiv>
                    <Unicode>Duke</Unicode>
                </TextEquiv>
            </TextLine>
            <TextLine id="tr_2_tl_31" custom="readingOrder {index:30;}">
                <Coords points="464,4571 2116,4564 2157,4451 464,4495"/>
                <Baseline points="483,4551 549,4551 639,4551 728,4545 818,4545 907,4545 997,4551 1086,4545 1176,4545 1266,4539 1355,4533 1445,4533 1534,4533 1624,4527 1714,4527 1803,4527 1893,4521 1982,4521 2072,4515 2162,4509"/>
                <TextEquiv>
                    <Unicode>Just to return from whence he came?</Unicode>
                </TextEquiv>
            </TextLine>
            <TextLine id="tr_2_tl_32" custom="readingOrder {index:31;}">
                <Coords points="1434,4713 1513,4700 1545,4716 1620,4697 1639,4710 1778,4697 1778,4574 1523,4571 1504,4590 1478,4574 1434,4580"/>
                <Baseline points="1451,4688 1540,4688 1630,4688 1720,4688 1785,4688"/>
                <TextEquiv>
                    <Unicode>Magnani</Unicode>
                </TextEquiv>
            </TextLine>
            <TextLine id="tr_2_tl_33" custom="readingOrder {index:32;}">
                <Coords points="477,4801 2025,4782 2028,4662 1472,4713 1330,4643 834,4735 480,4675"/>
                <Baseline points="495,4789 513,4789 603,4789 692,4783 782,4783 871,4783 961,4783 1051,4777 1140,4777 1230,4777 1319,4772 1409,4772 1499,4772 1588,4766 1678,4760 1767,4760 1857,4760 1947,4760 2036,4760"/>
                <TextEquiv>
                    <Unicode>Not that! Yet to make conditions,</Unicode>
                </TextEquiv>
            </TextLine>
            <TextLine id="tr_2_tl_34" custom="readingOrder {index:33;}">
                <Coords points="483,4890 2097,4880 2281,4864 2284,4770 483,4820"/>
                <Baseline points="501,4873 585,4867 674,4867 764,4867 854,4867 943,4867 1033,4867 1122,4861 1212,4861 1302,4855 1391,4849 1481,4849 1570,4843 1660,4843 1749,4843 1839,4843 1929,4837 2018,4837 2108,4831 2197,4831 2287,4831"/>
                <TextEquiv>
                    <Unicode>About which there would be parleyings.</Unicode>
                </TextEquiv>
            </TextLine>
        </TextRegion>
    </Page>
</PcGts>
