3592 5096
460 677 1974 853 For me! Alls! Only a deep desire
472 828 2569 948 To draw one full, free breath of air believed
463 935 2450 1036 That the polluted hour is spent. How vain
466 1020 2163 1140 And unavalling this attempt to rouse
447 1121 2343 1209 My soul from its deep Uentered purposes.
460 1209 2201 1322 I long to be alone, and having tried,
466 1297 2258 1404 This dull experiment, I know of naught
466 1382 1225 1524 To hold me here.
715 1448 1861 1609 (after thinking a moment)
1379 1559 2702 1685 Yes there is one thing more!
447 1622 2428 1760 The echo of a word she spoke; Which scaree
466 1748 2557 1845 I first perceived, but which persisting grows
447 1833 2516 1943 More clear, and rings within mine ears, like
463 1927 2598 2053 Ghostly fingers, were trilling on the strings.
460 2028 2182 2122 Of my sad soul a tender song of hope.
472 2107 2425 2207 Can this presage be true — Dare I believe
447 2188 2286 2311 That she will come, to die with me? Oh!
447 2283 1940 2380 Rapturous thought past credence
447 2377 2084 2491 The latest vesture of my comardice,
447 2472 2554 2579 Off with you! See it stands, poor subterfuge
447 2557 2837 2667 Unclasked, and mocks me – scoffing leers "You fear
453 2651 2040 2752 To go alone into the dark, like to
447 2730 2324 2850 A timid Child, who takes her dollars to bed
435 2834 2513 2960 For comfort — you must needs have Beatrice,
435 2925 2415 3035 Fare with thee into night and nothingness.
693 3013 2163 3139 (a pause. Starts as if awaking)
435 3092 1896 3240 Wake up! The night has passed!
1600 3290 2135 3407 2nd Fiddler
674 3369 2075 3511 (sits up and falls back again)
425 3448 601 3583 Oh!
674 3536 3205 3665 (Flute Player on floor seize flute and sounde a note.
699 3653 2736 3775 Lute player stirs, but continues to sleep.)
1587 3829 2135 3964 Ist Füddler
674 3882 1584 4078 (stretching himself,
1628 3920 3142 4074 takes up his bow, raps on floor,
712 4024 1892 4153 to give signal to begin.)
419 4103 1001 4232 Well! Ready!
674 4197 1001 4320 (rises)
381 4289 2695 4415 Pray pardon me, My Lord, I lost myself a moment!
1568 4465 1930 4597 Filippo
412 4537 2727 4701 A moment? You have been sleeping here for hours!
