4424 5928
3304 637 3560 795 Deutscheri
1724 1079 2378 1227 'sme.̃ E.V.E. K. n E. w.
1131 1219 3051 1340 never before had I left home with an easier mind; I had left
1079 1315 3051 1415 nothing indone. My doctor's degree was a fait accompli; I had
1064 1380 3083 1510 buried the lllusions of youth, and a certain Jenny had become the
1054 1463 3051 1558 wife of a watchmaker. Thus I enjoyed the rare good fortune of
1064 1520 3051 1641 Sfarting on a journey without leaving a mi^tress behind, or taking
1071 1611 3053 1701 with me an illldsive passion. I was revelling in the sensation of
1079 1668 3048 1779 having arrived at the close of a chapter in my life. But now, now
1069 1786 2122 1889 all is different. Friederike is here.
1139 1922 3071 2017 It is getting late; I am on my terrace,- and write by the light of a
1071 1994 3068 2092 lamp which I have kindled on my table:.This is the time, for clear
1084 2050 3066 2155 thing. I go over again the conversation, the first I have had
1091 2120 2697 2230 with her for seven years, the first since that day.
1149 2208 3061 2301 We were on the beach at about lunch-time. I was sitting on a
1084 2265 3066 2383 deck-clair. People passed up and down. A woman with a little
1089 2353 3073 2446 boy was standing on the pier, too far off for me to see her features
1084 2413 3068 2509 distinctly. There was nothing about her that particularly struck
1091 2481 3073 2597 me; I only noticed that she had been standing on the same spot for
1096 2554 3003 2672 a long time, and then that she left the pier and came towards me.
1169 2637 3076 2742 She led the boy by the hand. Now I could see that she was
1109 2717 3073 2817 achtng and slender. Her face seemed familiar to me. She was
1091 2780 3091 2890 still about tén paces away when I rose quickly and went to meet
1101 2857 2699 2943 her. She had weiled, and then I knew who she was
1174 2928 2556 3016 "Yes, it’s 1,” she said, and held out her hand.
1179 3000 2225 3113 "I recognised you at once,” I said.
1174 3066 3106 3209 “I hope it wasn’t difficult,” she replied; “and you haven't alfered
1101 3164 1495 3259 in the least."
1184 3224 1849 3322 "Seven years,” I said.
1174 3296 2391 3384 She nodded, and repeated “Seven years.”
1169 3347 3091 3470 Then we were both silent. She was very charming. A smile
1121 3427 3098 3520 crept over her face as she turned to the boy, whose hand she still
1114 3505 3108 3620 held, and said, "Shake hands with the gentleman." The child
1114 3590 2173 3683 obeyed, but without looking at me.
1192 3655 3098 3756 "My little son," she said. He is a pretty, sunburnt little fellow,
1114 3736 1729 3843 with light blue eyes.
1179 3806 3111 3901 "It's nice to meet people again,” she began. “I never
1136 3881 1533 3996 thought...'
1204 3944 2100 4037 "It’s certainly curious,” I said.
1182 3994 3101 4102 “Why?” she asked, as she 16miled and looked me, for the first
1126 4092 3106 4195 time, straight in the eyes. “Doesn’t everyone travel in the
1129 4182 1473 4280 summer?”
1197 4212 3121 4343 At this moment it was on my laps to ask after her husband, but
1131 4320 2137 4415 I could not pronounce the words.
1197 4375 2868 4471 "How long do you intend saying here?" I asked instead.
1209 4451 3081 4546 “A fortnight. Then I am to meet my husband in Copenhagen.”
1197 4523 3121 4624 I gave her aduick glance, which she answered with an unoon¬
1126 4606 2017 4711 cerned “Are you surprised? ”
1204 4656 3148 4797 I felt [uncertain] of myself. Almost ill at esse. Suddenly it
