3512 5128
2702 453 2868 594 38
1296 567 1728 760 Beatrice
853 712 2992 829 Then it might happen that you would go before
145 819 1959 967 And leave me here to parish all along.
1299 950 1683 1133 Filippe
1790 1064 2602 1213 That is possible,
1068 1168 2049 1330 Now, come, Beatrice!
138 1144 1033 1316 But not for long.
149 1285 1717 1382 The moments we have left are few.
149 1351 2550 1479 Let us enjoy them, fill them full of deepest bliss!
149 1468 1900 1575 I would not that the lightest garment
155 1551 2063 1669 Should separate my ardor from your limbs
138 1648 1994 1752 Intoxieating warmth, before life flees.
149 1752 2094 1897 I would feel raptured for a little while,
138 1838 2011 1976 And eagerly drink from your sweet laps,
145 1938 1164 2063 Your fleeting breath.
380 2014 1683 2166 (He moves towards the near)
1309 2177 1741 2318 Beatrice
380 2291 1589 2439 (Locks at him motionless)
1223 2384 1676 2508 Leave me!
149 2484 1721 2598 I would say, have patience! See!
162 2533 2940 2691 My hands are still quite warm, death must be still far off!
155 2674 2056 2785 I will not have you take me so in haste.
145 2757 1810 2871 I've not quite drained the chalice!
155 2861 1683 2982 Who knows, how long I’ll suffer?
384 2947 1026 3082 (Queruloualy)
142 2992 2477 3172 Why didst not say to me; drink it all up at once,
940 3137 2795 3227 Why deceive me? Did I not come to die,
190 3154 912 3279 Tis. poisoned.
705 3210 2470 3355 It is all hateful, it spoils my plan,
162 3255 681 3376 With you?
145 3358 1838 3486 It’s not at all as I would have it.
1334 3455 1700 3624 Filippo
145 3593 2201 3724 Can you not understand, what we are facing?
162 3693 2073 3818 That we are dying now! This death until
169 3773 2156 3932 Today so meaningless, a word, nought else,
145 3904 888 4049 Is now reality.
1327 4039 1772 4177 Beatrice
1002 4146 1980 4270 Do not insult me so.
142 4239 2187 4398 I would had been otherwise! 'Tis like
155 4339 2363 4471 A murder, from an ambuscade. I never thought,
169 4422 2266 4561 That you would act noward’s part, or be so
971 4530 1714 4668 I hate you now.
180 4561 777 4706 Treacherous.
