3528 5128
2909 586 3089 711 36.
1135 705 1356 814 Duke
193 742 2079 882 Theugh we have seen many on our journey.
200 851 2179 991 Yet have we seen none so beautiful as she.
1141 966 1543 1132 Malvezzi
1606 1091 2089 1222 My Prince,
193 1175 2092 1294 That we saw so many was not by accident.
190 1222 2076 1365 A wonderful report ran through the city,
196 1322 2086 1475 That drove them into your Highness' way.
1119 1456 1334 1577 Dule
181 1521 1241 1683 What kind of a report?
1122 1696 1574 1824 Malvezzi
1543 1793 2743 1920 It ren, that your Highness
187 1836 1839 1973 WasΗinclined,to chose some beauty,
187 1933 1920 2036 Fort his last night,the last before--
1122 2095 1337 2195 Duke
171 2170 2045 2310 before tomorrow, you said not too much
171 2235 2304 2369 And not too little. Well, it’s not a bad idea!
184 2332 2079 2441 Why did it not occur to me this morning,
187 2404 1998 2503 And at this spot? - Yet t'is better so!
193 2488 1724 2588 What still remains of this night,
181 2563 2160 2669 Let it be set aside for special pleasure,
171 2641 2210 2756 As shall be granted to us by women s favor.
171 2715 1540 2834 For truly, I have often tried,
168 2784 2304 2906 Since many wonders have been disclosed to me,
178 2862 1503 2965 To learn what you call love.
171 2943 1886 3033 I know desire, and lust and satiety--
175 3030 2413 3155 But never felt I that wonder! Andt hat you dieugh,
159 3118 2344 3214 Malvezzi, is not olever of you, or kind either.
1097 3211 1509 3370 Malvezzi
1284 3326 2114 3460 Forgive me,Sire!
1104 3473 1309 3591 Duke
165 3529 1980 3669 What a foot you are!I know you thought
159 3635 2563 3763 That the maiden from Bysantium,for whose kind look,
171 3732 1914 3825 You gave your youth, and paid so dear.
165 3803 2204 3891 Yet I could love her, if it were your corpse
165 3850 2525 4018 Which to-day lay tobting at the bottom of the sea,
153 3959 826 4090 And not her s.
1094 3994 1490 4134 Malvezzi
1394 4087 2497 4218 I thought of mother, she
153 4153 2659 4287 who for you, my Prince, forsook a kingdom, and a husband
131 4271 1225 4399 And at last the world.
1076 4408 1316 4539 Duke
1281 4449 1630 4611 Much—
1712 4483 2139 4605 you mean!
140 4536 2460 4704 And yet I did not regret her return home greatly,
