3496 5128
1833 137 2169 296 : "    =
1552 140 1740 277 " "    "
2952 133 3148 307 G.C.P.
2775 454 2941 584 37.
118 547 2797 702 e others through the city! Bologna's nobility, do I invite
107 661 1877 761 Do I invite to this wedding. Yet heed:
126 732 1969 861 for to-day Beauty is nobility,not birth!
118 839 2095 953 all it out so loud, that all sleepers wake,
115 927 1999 1042 Knock at closed windows, and rattle them,
115 1031 1755 1134 That they be opened, and dreamy eyes
96 1116 2357 1219 Astonished at the noble messangers, and call out:
115 1219 1796 1315 The Duke invites you to the wedding,
115 1282 2538 1408 Which he celebrates with your most beauteous sister!
118 1389 2091 1508 come all, whether ye sleep in faithfulness,
107 1474 1659 1578 On a lower's or a husband's breast,
96 1567 1977 1670 Thether ye slumber in chaste beds alone,
96 1666 2051 1766 Or are of those e,who with insatiable ardour
103 1751 1567 1859 Press to new hearts each night:
103 1829 2117 1988 come all,only be beautiful! Yes are wleome!
410 2021 2646 2136 Others have made their exit during this speech.
429 2110 1615 2224 To Magnani and Malvezzi.)
103 2206 2150 2328 But ye remain behind! Yes are hostages to me
100 2284 1966 2428 For this house and your Prince’s bridge!
447 2387 1149 2494 To the others.)
100 2453 2095 2601 And ye follow me to the castle! In an hour
103 2579 2132 2679 I will bring the Bedding gifts to Beatrice,
163 2646 2805 2786 That you may adorn yourself as becomes Bologna's mistress
96 2742 1914 2864 And appear before God and the Cardinal!
2350 2882 2756 3019 The rest
347 2960 2320 3063 ( He goes with thoughts and torch-beagers
421 2989 2805 3152 remain behind in greatd'excitement. Beatrice stands
421 3122 1397 3277 motionkess, smiling.)
1053 3285 1386 3414 Basini
126 3344 2291 3503 Well, what did I say? Was I elightened of God?
118 3462 2287 3636 Are the things to become true, which I related?
1038 3640 1567 3802 Mrs.Nardi,
447 3769 1038 3887 To Beatrice)
118 3854 1947 3968 My child, you fortunate child—we happy
129 3972 514 4116 Cents!
443 4127 905 4260 To Nardi)
118 4172 3085 4323 Do you understand, what has happened? Does this not restore your
126 4305 1629 4482 Reason. Oh! Herven! Oh! Heaven!
1064 4489 1349 4622 Nardi
137 4512 2949 4704 You did that very well my children! Who was the deandsome boy
144 4704 1101 4859 who played the Duke?
