3528 5128
2009 152 2234 287 1 1 1
2948 544 3135 662 13.
1147 589 1448 714 Basini
222 637 1171 814 Don't you know them?
1198 658 2989 814 That is Count Fantuzzi and his sister!
1147 811 1503 953 Capponi
211 880 1160 1039 Dressed in morning?
1147 1050 1787 1188 First Citizen
222 1091 1264 1292 The old Countess died.
1147 1257 1818 1410 Second Citizen
211 1323 2695 1545 It was for her that all the bells tolled at mid-day.
1140 1517 1431 1624 Basini
211 1607 2944 1735 Look at the young woman, she is the bridge to be of the voet
222 1683 928 1818 Filippo Loschi.
1133 1798 1496 1954 Several
211 1860 1056 2006 Of Filippo Loschi?
533 1992 1067 2096 Several bow
1122 1967 3024 2144 to them as they come down stage, and then
540 2071 998 2182 disperse.)
540 2217 3204 2341 Et-ter Andrea and his sister Teresina who come slowly down
540 2310 3155 2425 the street.llo torch bearers precede them. Teresina does
509 2387 3020 2487 not show by any look that she understand what Andrea
520 2449 1136 2580 says to her.)
1126 2601 1434 2712 Andrea
191 2674 2102 2788 Now, dearest sister, speak a word at least!
191 2771 2355 2889 Since our return to my father's house and found
197 2840 1566 2934 You at our dead mother's head
194 2913 1739 3017 have I not heard your dear voice!
180 2993 1690 3093 What ails you, Teresina? No tears
187 3069 1760 3159 And not a word? I did not ask you.
180 3149 2428 3284 before we left the vault and reached the light ;
177 3225 2068 3356 Now I lead you through bestling streets,
187 3304 2026 3415 That this fearful silence may be broken
187 3377 1829 3485 By the noise of the throbbing city;
187 3450 1957 3606 You follow me like a child. I ask you,
184 3540 1673 3665 And ask again; where is Filippo?
177 3602 2466 3724 How is it that he's absent on such a day as this?
170 3703 2186 3793 And now you gaze into space and answer not.
163 3758 2245 3862 Did grief take speech from you? Is you voice
170 3834 1295 3935 Drowned by unsheb teers?
180 3907 2962 4053 Is there something,which you would estlose to your brother,
163 3994 2750 4122 But to bloose makes you tremble so, that you are demb?
156 4077 1150 4163 Forgive me, but speak!
409 4132 1392 4278 (With received hope.)
1133 4250 2012 4337 Did you make a voiv.
156 4250 2549 4413 That for seven days and nighte you would not speak?
156 4389 2425 4513 Is that it, you need but nod your head in answer?
163 4468 2328 4596 Yet no look to tell that thou understoodst me!
156 4541 1756 4655 Is what befell you so Gxceptional,
170 4603 2186 4721 That all earthlymeans of telling you things
145 4686 1978 4804 Is too paltry and appears too trial?
481 4783 1663 4877 With depreased anxiety.)
152 4804 2761 4981 Is this a decision, such as has never been heard of yet?
