3480 5128
1113 527 1480 674 Magnani
188 558 2998 761 What sort of people are these? This old man! This is not as
188 729 831 897 it should be!
1127 886 1626 1026 Francesco-
422 977 3075 1120 (Returns from house, he holds Mrs.Nardi back from taking
503 1075 3134 1228 Beatrice into the house. He Conething in his hand)
185 1194 1567 1295 Stay out! stay out!,Beatrice!
195 1263 1710 1431 That your blood does not curdle!
1124 1424 1591 1598 Mrs.Nardi
195 1525 1064 1682 What has happened?
1113 1703 1466 1850 Rosina
503 1794 2056 1923 ne han has gone quickly into house)
188 1913 2513 2070 Vittorino! He has fainted and lies in the corner!
1134 2042 1588 2209 Francesco
422 2171 2687 2307 (Showing the dagger, which he held in his hand.)
195 2293 2132 2412 This stuck in his breast—He aimed truly!
1124 2415 1508 2590 Magnani
202 2544 1047 2687 What has happened?
1117 2722 1459 2851 Rosina
496 2795 2649 2987 Screaming, with untold hate towards Beatrice.)
185 2914 733 3082 He is dead!
1124 3099 1574 3218 Francesco
178 3200 1529 3361 Beatrice,unfortunate sister!
1134 3357 1567 3504 Beatrice
188 3473 2136 3609 That am I not, Francesco,no,and said I it,
230 3574 1005 3710 'Twould be a lie!
1127 3741 1602 3877 Francesco
688 3822 1134 3965 Beartice!
415 3905 3082 4055 (He looks at her for a long time, she looks him steadily
513 4045 1138 4171 in the eyes.)
178 4094 2007 4233 I will not be a quest at this wedding!
195 4212 2014 4328 It begins more Kindly than any other
195 4310 1693 4439 I ever heard of. Poor Vittorino
178 4397 1975 4520 Is dead, and this one,whom I so loved,
188 4453 2146 4614 Is more lost to me, than if she were dead!
188 4607 2104 4705 For one dead, – I would have last words,
185 4673 2265 4823 To speak to her, and to Miss her closed eyes!
178 4774 2010 4889 For these, Oh! Beatrice,have I nothing,
185 4872 1811 5005 Not word or Miss! So strange to me
2872 405 3047 590 39.
