3480 5096
1994 158 2159 378 .1.
2817 453 3030 611 36.
1001 567 1237 709 Tito
134 654 3077 796 Tho am I Lucrezia? The same my beauty,whom you permitted to-day
142 764 2254 890 to encircle your neck with those white pearls.
1017 946 1426 1060 Lucrezia
327 981 3203 1147 (Tears the pearls from her neck and throws them at his feet.)
134 1115 2994 1249 then there they are And understand me well, I neither want your
134 1229 1580 1344 earls nor will I take your arm.
390 1296 2916 1422 Antonio and Tito store at each other. Inter Filippo.)
1028 1407 1363 1604 Filippo
110 1505 1848 1706 The feast is ready will you enter in?
1013 1686 1434 1883 Isabella
118 1761 3128 1982 My dear Filippo! Von't you first these dreadful and objectionable
122 1942 906 2092 people send away?
1017 2045 1383 2277 Filippo
110 2143 839 2372 wat must I do?
1020 2321 1257 2526 Tito
319 2415 1032 2612 (To Lucrezia.)
110 2494 2896 2699 The least that you can do for us, my dear Lucrezia,id to let
95 2679 1060 2825 us sit by your side.
1020 2813 1434 2963 Lucrezia
118 2853 2269 3057 That you may do.! But listen, if you but touch
989 3034 2581 3148 that I will stab you to the heart,
106 3034 953 3152 My [k]nee,"--I swear
95 3140 930 3258 With this needle.
1020 3231 1257 3432 Tito
398 3329 942 3526 Anxiously.)
98 3404 2699 3652 Fortunately, you are not accustomed to keep your oaths.
1020 3660 1422 3778 Lucrezia
110 3763 2218 3869 I did not Hvear to love, --yet I was constant.
91 3869 1422 3999 kas your cousin in Florence.
1036 3960 1395 4169 Antonio
95 4035 2975 4259 Dearest Isabella, I hope you won’t threaten me in like manner,
95 4232 918 4389 If I should dare-
1028 4373 1478 4515 Isabella
98 4421 3077 4618 I am not as cruel as Lucrezia, but I advise you to take yourself
95 4543 3266 4724 away! You have brought us to Filippo Loschi's there your office ends
