3528 5096
2894 375 3065 528 8.
1222 490 1616 635 Guidotti
275 546 3180 732 What are you really afraid of? Tell us clearly! Do you have
275 698 1590 799 in any kind of with- peraft?
1204 806 1571 947 Magun I
264 843 3199 1044 Do not let us pay any attention to this word. But who knows,by
275 999 3202 1133 what power this meiden is controlled, with or against her will.
279 1070 3013 1193 I beg you, stand by me, when I be seach the Duke for the last
267 1141 531 1278 timol.
1204 1278 1616 1434 Guidotti
576 1315 1081 1493 Laughing.)
264 1404 996 1594 To sleep alone?
1204 1557 1516 1701 cosini
256 1601 2456 1802 It is impossible, Magnani,do you not see it is!
1181 1817 1557 1932 Magnani
249 1887 3173 2047 It is not impossible! If his desire towards her were so great,
256 1976 3095 2099 he would not be walking to and fro alone under the trees, as
241 2066 3143 2218 we saw him just now.I owear to you,the same thoughts have com
264 2132 1044 2281 to him as to us!
1178 2259 1549 2385 Magnani
241 2318 3009 2537 No, Magnani, that omen from le even, that's what is making him
249 2448 795 2578 se serious.
1167 2586 1538 2708 Magnan1
227 2630 2879 2823 Has Bonatto's advice been asked? Has he disterpreted it?
1167 2823 1497 2935 Cosini
249 2868 3106 3020 Yes. And no difficulty than we all to ourselves and the Duke
245 2991 3113 3102 That is what is making him thoughtful, for whether he has been
238 3065 3069 3180 convinced or not, that to-morrow's sun can bring no good,-it
223 3150 3083 3284 makes one shurder, to know, that it is already foreerdained by
234 3213 739 3351 the stars.
1181 3329 1571 3474 Guidotti
223 3429 2816 3563 The devil take you, Cosini, and the prophete Bonatte, too!
234 3511 2987 3667 I tell you such things are not worth much! Doyou know, what
234 3604 2857 3700 happened to me on the day before we went on our journey'
245 3678 2935 3786 The body of a murdered man was found in front of my wind
230 3760 2991 3908 had seventeen Wounds! And do you know, who uwore to no most
227 3838 2827 3934 insistently, to remain at home? Our poor Pitti! And see:
230 3882 3213 4057 I came home in safety, and poor Pitti lies on the high-read, just
227 3997 2196 4120 as dead, as he prophesied I would be. It
219 4057 1545 4213 things happen, as they will.
204 4246 1096 4439 Mid-nigh is near.
201 4495 498 4625 If it
1791 4499 1969 4621 De Du
2812 4529 3187 4659 dviee
227 4603 390 4688 The
643 4347 1679 4737 Lands are already in the
1861 4610 2381 4748 als of the!
2820 4621 3083 4748 e they
201 4651 431 4803 not?
