3384 5112
2838 458 3045 618 23.
1039 480 1254 658 Duke
1228 563 1886 716 I have been so
131 581 2515 850 Anaringly befooled! By them! By her! By everybody.
196 730 2129 934 whom I shall know soon! Order that music
124 799 1381 938 to stop. The feast is over.
403 901 2039 1017 Musie stops playing in the garden.
116 919 2286 1119 post hear 'tis over! Send those harlots forth,
149 1036 2649 1232 on out the castle and the garden. That nude one there
131 1105 1951 1257 rive forth with lashes! And put an end
134 1185 781 1337 o Mariseotti.
298 1301 3140 1537 ( vnter the old Nardis; behind them the watehjalso Bennozzo.
138 1355 1174 1530 were is your daughter?
149 1490 2224 1639 mere have you hidden her?How much did Borgia
149 1555 1079 1679 you, or his knaves
156 1628 1377 1802 rthis extraordinary Joke?
985 1759 1439 1919 Mrs. Nardi
156 1813 2122 2002 jur Highness,your gramous highness,merey--
156 1955 2587 2108 rey! 1 am innocent! I have not hidden Beatrice away.
156 2028 2733 2202 do not know where she is, I Ewear it by the leavens, that
164 2108 1948 2264 know not where that wretched child is.
956 2257 1185 2402 Duke
262 2271 956 2453 and the
171 2373 1323 2540 sak you! Do you not hear?
956 2529 1217 2682 Nardi
229 2602 1693 2813 ( Claps his hands and laughs.)
934 2762 1152 2922 Dule
1130 2845 2006 3045 He playe tte fool.
945 2987 1403 3158 Mrs.Nardi
124 3085 2762 3299 ###ighness, how dkres he so prætend? My husk nd is insane,
138 3209 3052 3358 is longt imo, for many years. Your Highness,I am to blam for the
124 3267 3041 3459 brought him to it.You see that I speak the truth. I acknowledge
167 3339 2907 3510 I am speaking truly, I am a wretehed woman to have brought
138 3430 2925 3619 to this st to, through my sin, he knows as little as I,where
120 3477 570 3641 atrice is!
901 3612 1134 3768 Duke
134 3692 2580 3884 a hair of your head will be hurt, speak as you will,
113 3786 607 3935 ak freely!
672 3823 2856 4004 I give my princely word: that you shall not be
661 3888 1112 4030 punished!
879 4015 1337 4186 Mrs. Nardi
65 4063 2918 4313 san tell you nothing... I know nothing.. were I on the raak,
76 4193 2754 4353 sould say nothing more! No mother was everhhappier than I
76 4273 1679 4422 a Duke had chosen her humble dav
1773 4302 2664 4455 unter für his bride.
879 4404 1119 4542 Duke
62 4408 2064 4622 man! You bore her, brought her up, before.
120 4589 1581 4684 went to her marriage, you dress
1701 4618 2006 4709 her ha
113 4662 1541 4786 spoke to her! She to you, who
1573 4669 2416 4797 said she? ere go*
91 4724 1381 4869 re was she early yesterday,
1424 4757 1642 4858 where
2198 4782 2547 4924 vening?
313 4800 894 4946 the name of
1232 4826 1595 4964 whom
