3944 5128
1605 930 2718 1126 THE Aparted
1129 1416 3393 1553 A man of substantial family, who had frequented
914 1563 3471 1710 society in both town and country when a youth, besides
907 1713 3236 1873 pursuing various orts and Iciences as an amateur,
914 1869 3386 2016 journeyed to distant lands in his maturer years, and
914 2016 3249 2166 returned home only when his hair was beginning to
914 2183 3364 2336 se to go to do
897 2329 3282 2493 he built himself a house overlooking a wide plain,
927 2476 3380 2610 and he took to wife the faireing and lately orphaned
914 2620 3259 2763 danghter of a farmer. His parents and relatives
920 2776 3380 2923 were long since dead, for his friends of former days
914 2930 3426 3135 he felt no ottraction, and was little tepted to make
920 3103 3478 3262 new ones; so in this district, which was almost always
914 3276 3439 3416 irradiated by an asure sky, he devòted himself to his
930 3406 2320 3599 facourite study of astronomy.
1158 3553 3406 3729 One sultry night, when Erasmus was in his tower,
914 3732 3334 3908 as usual, and engrossed in this occupation, a mist
927 3860 3377 4042 arose from the hamp meadowe, and gradually obscured
920 4055 3537 4228 the whole view of the distant heavens. Erasmus walked
927 4212 3413 4424 down-steirs, and, earlier than was his want on clear
