3522 5848
1325 975 2006 1093 SHE NEVER KSchw.”
654 1096 2638 1266 right. We could see on itsdtst the winding lrthway leading to
666 1209 2638 1325 the church, which was now behind us. Over all lay the25hne
661 1315 1031 1406 and silence.
730 1355 2645 1463 Friederika and I had not spoken a word the whole way. I felt no
679 1434 2643 1542 desire to talk, and was perfectly satisfied to wonder with her through
681 1532 1251 1633 this great stillness.
753 1589 1727 1695 But at last she broke the silence.
750 1663 1902 1796 "A fortnight ago to-day she said.
755 1752 1026 1833 “Well?”
760 1789 2455 1898 "I hadn't an idea—not the least idea-where I was going.
750 1890 1263 1984 I did not answer.
762 1939 2653 2065 "Oh, it's quite too beautiful!" she explained, and seized my
693 2031 856 2129 hand.
750 2063 2662 2174 I felt her inclining towards me, and would have like then and
691 2162 2073 2255 there to take her in my arms and Miss her eyes.
765 2238 1656 2347 "Yes?" I interrogated softly.
765 2297 2672 2418 She was silent, and her expression became serious. We had
691 2371 2662 2468 come to the little cottage that was built on to the lighthouse. Here
691 2448 2667 2537 the road ended, and we had to turn back. Another path over the
693 2524 2670 2638 fields led up the steepest part of the hill. I hesitated. “Come
696 2613 1202 2709 along,” she said.
762 2660 2667 2769 The way we now took brought the church in full view. We drew
691 2714 2665 2830 near it. The sun was very hot. I put my arm round Friederika’s
691 2815 2667 2912 neck, and she was forced to lean close to me or she would have
708 2875 2361 2981 slid backward down the hill. I st lroked her warm cheeks.
777 2944 2680 3030 "Why did we never hear from you all that long time?" she asked
2105 3013 2677 3129 —.” She looked up
703 3030 2036 3121 suddenly. "You might at least have let me
701 3121 1059 3213 in my face.
777 3161 1823 3287 ¬Why? ” I asked in bewilderment.
777 3252 1453 3358 " Because you might.”
785 3324 1399 3420 “But how could I? ”
787 3346 2653 3474 "Oh, what did that matter? ” she said. “were you offered?”
777 3469 1843 3553 I was too annexed to find an answer.
782 3524 2307 3622 Now tell me just what you thought,” she went on.
767 3610 1086 3714 "What I-
785 3669 2068 3768 "Yes, or have you forgotten all about it?"
785 3719 2653 3837 "No. I remember perfectly well. But why do you allude to it?"
790 3825 2090 3933 "I have often wanted to ask you, "she said.
782 3881 2184 3983 “Then ask me, ” I answered, profoundly moved.
785 3950 2662 4069 “You thought it was jancy on my part? Oh, I know you did,
723 4034 2699 4136 she added quickly when she noticed I was at a loss what to reply,
738 4106 2699 4205 "but I tell you it was nothing of the kind. I suffered tortures all
740 4192 1063 4308 that year.”
797 4269 1278 4363 „Which year?”
797 4330 2714 4419 “The year you were with us, of course. How can you ask that?
797 4407 2228 4506 At first I myself but why do I tell you?"
797 4479 2709 4582 I caught hold of her arm with violence. “Go on, please, go on.
750 4562 1809 4691 I entreat you. I am so fond of you.
