<?xml version="1.0" encoding="UTF-8" standalone="yes"?>
<PcGts xmlns="http://schema.primaresearch.org/PAGE/gts/pagecontent/2013-07-15" xmlns:xsi="http://www.w3.org/2001/XMLSchema-instance" xsi:schemaLocation="http://schema.primaresearch.org/PAGE/gts/pagecontent/2013-07-15 http://schema.primaresearch.org/PAGE/gts/pagecontent/2013-07-15/pagecontent.xsd">
    <Metadata>
        <Creator>prov=READ-COOP:name=TrHtr:version=2.1.0:model_id=51170:date=15_08_2023_08:06</Creator>
        <Created>2023-05-10T15:12:03.405+02:00</Created>
        <LastChange>2023-08-15T08:06:44.183+02:00</LastChange>
        <TranskribusMetadata docId="1428822" pageId="55432637" pageNr="154" tsid="132842058" status="IN_PROGRESS" userId="64420" imgUrl="https://files.transkribus.eu/Get?id=FMBHNXGEUOSIWJLEQJRKIKRS&amp;fileType=view" xmlUrl="https://files.transkribus.eu/Get?id=HYBORYJVFJGKOHXYISIIFHIE" imageId="44706673"/>
    </Metadata>
    <Page imageFilename="1428822_0154.jpg" imageWidth="3400" imageHeight="5112">
        <ReadingOrder>
            <OrderedGroup id="ro_1711803474859" caption="Regions reading order">
                <RegionRefIndexed index="0" regionRef="tr_1"/>
                <RegionRefIndexed index="1" regionRef="tr_2"/>
            </OrderedGroup>
        </ReadingOrder>
        <TextRegion id="tr_1" custom="readingOrder {index:0;}">
            <Coords points="136,590 3020,590 3020,3716 136,3716"/>
            <TextLine id="tr_1_tl_1" custom="readingOrder {index:0;}">
                <Coords points="2750,658 2768,655 2782,665 2810,655 2910,679 2946,672 2924,473 2910,473 2871,505 2814,480 2796,494 2782,484 2736,505"/>
                <Baseline points="2771,640 2856,646 2941,657 2952,663"/>
                <TextEquiv>
                    <Unicode>20.</Unicode>
                </TextEquiv>
            </TextLine>
            <TextLine id="tr_1_tl_2" custom="readingOrder {index:1;}">
                <Coords points="274,719 445,704 583,786 1106,704 1999,765 1946,583 1679,644 1156,523 274,548"/>
                <Baseline points="294,697 379,691 464,691 549,691 634,691 719,697 804,697 889,697 974,702 1059,697 1144,702 1229,697 1314,697 1399,702 1484,702 1569,702 1654,702 1739,708 1824,708 1909,714 1994,719 2006,719"/>
                <TextEquiv>
                    <Unicode>(several young nobles in the hall.)</Unicode>
                </TextEquiv>
            </TextLine>
            <TextLine id="tr_1_tl_3" custom="readingOrder {index:2;}">
                <Coords points="978,861 1021,872 1046,854 1071,872 1131,868 1142,857 1195,872 1249,864 1249,768 1220,768 1192,790 1153,776 1128,790 1113,779 1099,793 1064,768 1035,783 978,783"/>
                <Baseline points="997,844 1082,844 1167,844 1252,844 1258,844"/>
                <TextEquiv>
                    <Unicode>First</Unicode>
                </TextEquiv>
            </TextLine>
            <TextLine id="tr_1_tl_4" custom="readingOrder {index:3;}">
                <Coords points="359,946 566,929 715,1007 889,943 971,996 1252,968 1327,993 1323,818 1242,872 985,875 697,761 569,793 530,761 356,761"/>
                <Baseline points="379,918 464,918 549,918 634,918 719,923 804,923 889,923 974,929 1059,929 1144,929 1229,929 1314,935 1337,940"/>
                <TextEquiv>
                    <Unicode>Looking into garden)</Unicode>
                </TextEquiv>
            </TextLine>
            <TextLine id="tr_1_tl_5" custom="readingOrder {index:4;}">
                <Coords points="142,1053 174,1064 217,1028 267,1057 281,1039 345,1028 370,1053 388,1035 573,1067 569,932 406,932 381,957 270,914 210,929 178,914 139,936"/>
                <Baseline points="158,986 243,991 328,991 413,997 498,997 583,1003 589,997"/>
                <TextEquiv>
                    <Unicode>so is she?</Unicode>
                </TextEquiv>
            </TextLine>
            <TextLine id="tr_1_tl_6" custom="readingOrder {index:5;}">
                <Coords points="971,1174 1042,1163 1078,1174 1089,1163 1106,1178 1170,1174 1188,1188 1295,1174 1295,1096 1220,1099 1138,1081 1106,1096 1064,1064 1042,1078 971,1064"/>
                <Baseline points="991,1156 1076,1156 1161,1156 1246,1156 1303,1161"/>
                <TextEquiv>
                    <Unicode>Second</Unicode>
                </TextEquiv>
            </TextLine>
            <TextLine id="tr_1_tl_7" custom="readingOrder {index:6;}">
                <Coords points="146,1274 1572,1295 1910,1274 1964,1202 1697,1131 1060,1181 868,1071 142,1081"/>
                <Baseline points="164,1224 249,1229 334,1224 419,1229 504,1229 589,1229 674,1229 759,1235 844,1235 929,1229 1014,1235 1099,1235 1184,1235 1269,1241 1354,1235 1439,1241 1524,1241 1609,1241 1694,1241 1779,1241 1864,1246 1949,1246 1972,1252"/>
                <TextEquiv>
                    <Unicode>don't know her. I have never seen her.</Unicode>
                </TextEquiv>
            </TextLine>
            <TextLine id="tr_1_tl_8" custom="readingOrder {index:7;}">
                <Coords points="985,1405 1057,1402 1096,1430 1185,1430 1206,1409 1249,1405 1242,1306 1192,1302 1146,1270 1110,1291 1092,1277 1046,1281 1010,1263 975,1270"/>
                <Baseline points="1003,1371 1088,1382 1173,1388 1258,1394"/>
                <TextEquiv>
                    <Unicode>Third</Unicode>
                </TextEquiv>
            </TextLine>
            <TextLine id="tr_1_tl_9" custom="readingOrder {index:8;}">
                <Coords points="153,1533 213,1558 413,1515 566,1555 786,1526 829,1548 875,1519 1039,1544 1035,1398 786,1355 587,1387 420,1359 345,1402 206,1366 149,1402"/>
                <Baseline points="170,1456 255,1462 340,1462 425,1462 510,1462 595,1462 680,1467 765,1467 850,1467 935,1467 1020,1473 1048,1473"/>
                <TextEquiv>
                    <Unicode>me is from Florence.</Unicode>
                </TextEquiv>
            </TextLine>
            <TextLine id="tr_1_tl_10" custom="readingOrder {index:9;}">
                <Coords points="982,1647 1028,1647 1078,1665 1106,1636 1146,1647 1167,1636 1181,1651 1245,1633 1245,1537 1206,1526 1178,1544 1138,1526 1117,1548 1078,1558 1053,1544 982,1555"/>
                <Baseline points="1003,1615 1088,1615 1173,1620 1252,1615"/>
                <TextEquiv>
                    <Unicode>First</Unicode>
                </TextEquiv>
            </TextLine>
            <TextLine id="tr_1_tl_11" custom="readingOrder {index:10;}">
                <Coords points="189,1782 1377,1711 2408,1754 2334,1562 1071,1661 768,1562 605,1636 189,1555"/>
                <Baseline points="209,1688 294,1694 379,1700 464,1700 549,1705 634,1711 719,1705 804,1705 889,1705 974,1711 1059,1711 1144,1705 1229,1705 1314,1705 1399,1711 1484,1705 1569,1705 1654,1705 1739,1705 1824,1705 1909,1705 1994,1705 2079,1705 2164,1705 2249,1711 2334,1711 2414,1711"/>
                <TextEquiv>
                    <Unicode>her hair glistens in the glare of the torches!</Unicode>
                </TextEquiv>
            </TextLine>
            <TextLine id="tr_1_tl_12" custom="readingOrder {index:11;}">
                <Coords points="971,1871 1007,1878 1085,1861 1156,1875 1202,1864 1234,1889 1277,1889 1274,1768 1234,1768 1199,1797 1178,1775 1128,1775 1110,1793 1053,1775 1032,1789 1010,1775 968,1786"/>
                <Baseline points="991,1847 1076,1847 1161,1847 1246,1853 1286,1853"/>
                <TextEquiv>
                    <Unicode>second</Unicode>
                </TextEquiv>
            </TextLine>
            <TextLine id="tr_1_tl_13" custom="readingOrder {index:12;}">
                <Coords points="146,1964 2597,1989 2597,1818 2508,1804 2021,1882 1469,1811 1259,1893 555,1782 374,1875 146,1829"/>
                <Baseline points="164,1921 249,1926 334,1926 419,1926 504,1926 589,1926 674,1926 759,1926 844,1932 929,1932 1014,1932 1099,1932 1184,1932 1269,1932 1354,1932 1439,1932 1524,1932 1609,1932 1694,1938 1779,1938 1864,1938 1949,1938 2034,1938 2119,1938 2204,1938 2289,1938 2374,1938 2459,1938 2544,1943 2601,1943"/>
                <TextEquiv>
                    <Unicode>have never dreamed, that woman could be so beautiful!</Unicode>
                </TextEquiv>
            </TextLine>
            <TextLine id="tr_1_tl_14" custom="readingOrder {index:13;}">
                <Coords points="975,2099 1010,2095 1042,2110 1092,2099 1149,2120 1167,2110 1178,2120 1195,2099 1224,2099 1220,1982 1192,1985 1160,2014 1089,1974 1042,2014 971,2010"/>
                <Baseline points="991,2074 1076,2074 1161,2079 1229,2079"/>
                <TextEquiv>
                    <Unicode>First</Unicode>
                </TextEquiv>
            </TextLine>
            <TextLine id="tr_1_tl_15" custom="readingOrder {index:14;}">
                <Coords points="157,2170 1199,2273 1427,2177 3013,2199 3010,2081 2700,2049 157,2095"/>
                <Baseline points="175,2153 260,2159 345,2153 430,2153 515,2159 600,2164 685,2164 770,2159 855,2164 940,2159 1025,2159 1110,2164 1195,2164 1280,2164 1365,2164 1450,2170 1535,2170 1620,2170 1705,2170 1790,2170 1875,2170 1960,2170 2045,2170 2130,2176 2215,2176 2300,2170 2385,2176 2470,2176 2556,2176 2641,2176 2726,2176 2811,2176 2896,2181 2981,2181 3020,2181"/>
                <TextEquiv>
                    <Unicode>W curious! And no one dares to abproach her; she stands there</Unicode>
                </TextEquiv>
            </TextLine>
            <TextLine id="tr_1_tl_16" custom="readingOrder {index:15;}">
                <Coords points="171,2277 206,2263 224,2277 263,2277 285,2259 356,2287 402,2255 438,2280 523,2263 523,2184 487,2195 455,2167 434,2188 302,2167 277,2181 238,2170 213,2191 171,2181"/>
                <Baseline points="192,2232 277,2238 362,2232 447,2238 527,2238"/>
                <TextEquiv>
                    <Unicode>alone.</Unicode>
                </TextEquiv>
            </TextLine>
            <TextLine id="tr_1_tl_17" custom="readingOrder {index:16;}">
                <Coords points="961,2398 993,2412 1021,2401 1035,2416 1053,2405 1284,2412 1281,2327 1206,2316 1160,2341 1081,2302 1046,2309 1007,2273 957,2287"/>
                <Baseline points="980,2385 1065,2385 1150,2385 1235,2391 1292,2391"/>
                <TextEquiv>
                    <Unicode>Seeond</Unicode>
                </TextEquiv>
            </TextLine>
            <TextLine id="tr_1_tl_18" custom="readingOrder {index:17;}">
                <Coords points="196,2547 477,2476 541,2536 662,2487 950,2519 1039,2483 1163,2526 1338,2501 1338,2408 993,2412 825,2312 758,2341 196,2305"/>
                <Baseline points="215,2465 300,2465 385,2459 470,2459 555,2465 640,2465 725,2465 810,2465 895,2465 980,2465 1065,2470 1150,2470 1235,2470 1320,2470 1348,2470"/>
                <TextEquiv>
                    <Unicode>sinka down--sriks down-</Unicode>
                </TextEquiv>
            </TextLine>
            <TextLine id="tr_1_tl_19" custom="readingOrder {index:18;}">
                <Coords points="256,2647 544,2629 615,2672 697,2622 868,2618 968,2657 1146,2643 1259,2704 1405,2682 1402,2512 1355,2501 1099,2501 889,2558 815,2515 665,2558 256,2540"/>
                <Baseline points="277,2618 362,2618 447,2618 532,2618 617,2618 702,2618 787,2618 872,2618 957,2618 1042,2624 1127,2624 1212,2624 1297,2624 1382,2629 1411,2629"/>
                <TextEquiv>
                    <Unicode>(All exeunt to garden.)</Unicode>
                </TextEquiv>
            </TextLine>
            <TextLine id="tr_1_tl_20" custom="readingOrder {index:19;}">
                <Coords points="263,2789 427,2793 519,2839 598,2796 786,2828 840,2793 879,2832 1028,2850 1025,2640 765,2633 690,2700 612,2711 484,2629 395,2707 313,2650 260,2654"/>
                <Baseline points="283,2771 368,2765 453,2771 538,2771 623,2771 708,2771 793,2771 878,2771 963,2777 1037,2782"/>
                <TextEquiv>
                    <Unicode>( Enter Rosina.)</Unicode>
                </TextEquiv>
            </TextLine>
            <TextLine id="tr_1_tl_21" custom="readingOrder {index:20;}">
                <Coords points="950,2938 1003,2931 1053,2953 1096,2935 1131,2946 1266,2935 1266,2835 1234,2828 1206,2842 1174,2821 1160,2832 1146,2825 1113,2853 1071,2860 1049,2846 1032,2860 1014,2850 950,2860"/>
                <Baseline points="969,2924 1054,2924 1139,2924 1224,2924 1275,2924"/>
                <TextEquiv>
                    <Unicode>Rosina</Unicode>
                </TextEquiv>
            </TextLine>
            <TextLine id="tr_1_tl_22" custom="readingOrder {index:21;}">
                <Coords points="171,3006 1967,3027 1928,2864 1053,2953 171,2892"/>
                <Baseline points="192,2986 277,2992 362,2998 447,2992 532,2998 617,2998 702,2998 787,2998 872,2998 957,2998 1042,2998 1127,2998 1212,2998 1297,2998 1382,2998 1467,3003 1552,3003 1637,3003 1722,3003 1807,3009 1892,3009 1977,2998"/>
                <TextEquiv>
                    <Unicode>it not the ardent desire of my elghts</Unicode>
                </TextEquiv>
            </TextLine>
            <TextLine id="tr_1_tl_23" custom="readingOrder {index:22;}">
                <Coords points="160,3091 1437,3106 1437,3020 1387,3013 160,3010"/>
                <Baseline points="181,3071 266,3071 351,3071 436,3071 521,3071 606,3071 691,3077 776,3077 861,3071 946,3071 1031,3071 1116,3077 1201,3077 1286,3071 1371,3077 1445,3088"/>
                <TextEquiv>
                    <Unicode>be embraced by strong arms,</Unicode>
                </TextEquiv>
            </TextLine>
            <TextLine id="tr_1_tl_24" custom="readingOrder {index:23;}">
                <Coords points="167,3173 1793,3177 1793,3084 1597,3042 1427,3106 167,3095"/>
                <Baseline points="187,3151 272,3151 357,3151 442,3151 527,3151 612,3151 697,3151 782,3151 867,3151 952,3151 1037,3151 1122,3151 1207,3156 1292,3151 1377,3156 1462,3156 1547,3162 1632,3162 1717,3162 1802,3162 1807,3156"/>
                <TextEquiv>
                    <Unicode>feel passionateen kisses on my breast</Unicode>
                </TextEquiv>
            </TextLine>
            <TextLine id="tr_1_tl_25" custom="readingOrder {index:24;}">
                <Coords points="185,3227 1982,3259 1982,3166 1882,3152 185,3177"/>
                <Baseline points="204,3224 289,3224 374,3224 459,3224 544,3230 629,3230 714,3230 799,3230 884,3224 969,3230 1054,3230 1139,3230 1224,3230 1309,3230 1394,3230 1479,3230 1564,3236 1649,3236 1734,3236 1819,3236 1904,3236 1989,3241"/>
                <TextEquiv>
                    <Unicode>to have my whole body sore with kisses</Unicode>
                </TextEquiv>
            </TextLine>
            <TextLine id="tr_1_tl_26" custom="readingOrder {index:25;}">
                <Coords points="128,3316 1715,3330 1715,3244 128,3237"/>
                <Baseline points="147,3292 232,3298 317,3298 402,3304 487,3304 572,3304 657,3304 742,3304 827,3304 912,3304 997,3304 1082,3304 1167,3304 1252,3309 1337,3304 1422,3304 1507,3309 1592,3309 1677,3309 1722,3315"/>
                <TextEquiv>
                    <Unicode>andoned to drinken eyes as is she!</Unicode>
                </TextEquiv>
            </TextLine>
            <TextLine id="tr_1_tl_27" custom="readingOrder {index:26;}">
                <Coords points="139,3394 1853,3429 1853,3333 1786,3312 139,3316"/>
                <Baseline points="158,3377 243,3377 328,3377 413,3377 498,3377 583,3377 668,3377 753,3383 838,3383 923,3383 1008,3377 1093,3383 1178,3383 1263,3383 1348,3383 1433,3383 1518,3389 1603,3389 1688,3389 1773,3389 1858,3400 1864,3400"/>
                <TextEquiv>
                    <Unicode>I now that the desired hour has come,</Unicode>
                </TextEquiv>
            </TextLine>
            <TextLine id="tr_1_tl_28" custom="readingOrder {index:27;}">
                <Coords points="132,3472 1242,3465 1238,3401 1167,3390 128,3394"/>
                <Baseline points="147,3445 232,3451 317,3451 402,3451 487,3457 572,3457 657,3457 742,3457 827,3457 912,3457 997,3457 1082,3451 1167,3457 1252,3462"/>
                <TextEquiv>
                    <Unicode>shrink from every touch.</Unicode>
                </TextEquiv>
            </TextLine>
            <TextLine id="tr_1_tl_29" custom="readingOrder {index:28;}">
                <Coords points="117,3614 320,3611 448,3547 679,3597 786,3550 864,3590 1071,3547 1594,3575 1590,3486 1448,3454 114,3479"/>
                <Baseline points="136,3530 221,3536 306,3530 391,3536 476,3536 561,3536 646,3542 731,3542 816,3542 901,3542 986,3536 1071,3536 1156,3542 1241,3536 1326,3536 1411,3536 1496,3542 1581,3547 1603,3542"/>
                <TextEquiv>
                    <Unicode>d my longing is turned to hat,</Unicode>
                </TextEquiv>
            </TextLine>
            <TextLine id="tr_1_tl_30" custom="readingOrder {index:29;}">
                <Coords points="338,3764 978,3700 1192,3767 1416,3703 1708,3760 1821,3710 1903,3764 1996,3725 1996,3593 1647,3636 1363,3572 875,3636 466,3550 334,3590"/>
                <Baseline points="357,3689 442,3689 527,3689 612,3689 697,3689 782,3689 867,3689 952,3689 1037,3689 1122,3689 1207,3695 1292,3695 1377,3689 1462,3695 1547,3695 1632,3700 1717,3700 1802,3700 1887,3700 1972,3706 2006,3706"/>
                <TextEquiv>
                    <Unicode>Etter Bennozzo quickly from garden)</Unicode>
                </TextEquiv>
            </TextLine>
        </TextRegion>
        <TextRegion id="tr_2" custom="readingOrder {index:1;}">
            <Coords points="90,3792 2578,3792 2578,4951 90,4951"/>
            <TextLine id="tr_2_tl_1" custom="readingOrder {index:0;}">
                <Coords points="936,3895 971,3885 1014,3906 1060,3888 1099,3906 1131,3885 1202,3892 1249,3860 1288,3863 1284,3718 1249,3710 1192,3764 1167,3746 1117,3782 971,3757 932,3778"/>
                <Baseline points="952,3842 1037,3842 1122,3848 1207,3848 1292,3848 1297,3848"/>
                <TextEquiv>
                    <Unicode>Benozzo</Unicode>
                </TextEquiv>
            </TextLine>
            <TextLine id="tr_2_tl_2" custom="readingOrder {index:1;}">
                <Coords points="1302,3945 1437,3935 1476,3956 1558,3942 1622,3963 1676,3942 1672,3803 1629,3792 1608,3803 1555,3775 1444,3824 1409,3803 1331,3842 1302,3835"/>
                <Baseline points="1320,3921 1405,3921 1490,3927 1575,3927 1660,3927 1683,3921"/>
                <TextEquiv>
                    <Unicode>Rosina!</Unicode>
                </TextEquiv>
            </TextLine>
            <TextLine id="tr_2_tl_3" custom="readingOrder {index:2;}">
                <Coords points="921,4084 982,4084 1099,4159 1121,4144 1163,4155 1202,4123 1284,4112 1277,3938 1231,3942 1192,3920 1138,3927 1096,3906 914,3935"/>
                <Baseline points="940,4069 1025,4074 1110,4080 1195,4080 1280,4086 1292,4080"/>
                <TextEquiv>
                    <Unicode>Rosina</Unicode>
                </TextEquiv>
            </TextLine>
            <TextLine id="tr_2_tl_4" custom="readingOrder {index:3;}">
                <Coords points="320,4166 512,4184 541,4159 690,4191 754,4166 957,4173 1000,4194 1000,4088 861,4080 811,4102 768,4077 715,4102 608,4059 502,4095 402,4066 359,4098 320,4088"/>
                <Baseline points="340,4154 425,4154 510,4154 595,4159 680,4159 765,4159 850,4159 935,4159 1008,4165"/>
                <TextEquiv>
                    <Unicode>Starting back)</Unicode>
                </TextEquiv>
            </TextLine>
            <TextLine id="tr_2_tl_5" custom="readingOrder {index:4;}">
                <Coords points="146,4269 299,4319 416,4251 601,4319 687,4269 822,4297 1039,4248 1327,4319 1441,4294 1441,4166 1377,4141 1202,4127 989,4201 146,4173"/>
                <Baseline points="164,4239 249,4239 334,4239 419,4239 504,4239 589,4239 674,4239 759,4239 844,4239 929,4239 1014,4244 1099,4239 1184,4239 1269,4239 1354,4239 1439,4244 1450,4244"/>
                <TextEquiv>
                    <Unicode>is you? How dared you come?</Unicode>
                </TextEquiv>
            </TextLine>
            <TextLine id="tr_2_tl_6" custom="readingOrder {index:5;}">
                <Coords points="879,4411 904,4404 946,4436 964,4426 975,4436 1039,4433 1064,4415 1106,4458 1124,4458 1128,4287 1103,4287 1057,4315 1021,4308 989,4319 936,4305 882,4312"/>
                <Baseline points="901,4386 986,4392 1071,4386 1133,4386"/>
                <TextEquiv>
                    <Unicode>Bern</Unicode>
                </TextEquiv>
            </TextLine>
            <TextLine id="tr_2_tl_7" custom="readingOrder {index:6;}">
                <Coords points="1316,4482 1683,4486 1779,4525 1818,4497 2024,4490 2021,4333 1733,4329 1708,4305 1572,4333 1313,4326"/>
                <Baseline points="1337,4465 1422,4465 1507,4465 1592,4471 1677,4471 1762,4471 1847,4471 1932,4477 2017,4477 2028,4477"/>
                <TextEquiv>
                    <Unicode>I sought thee!</Unicode>
                </TextEquiv>
            </TextLine>
            <TextLine id="tr_2_tl_8" custom="readingOrder {index:7;}">
                <Coords points="75,4557 1604,4568 1604,4490 1334,4497 1213,4415 779,4465 441,4408 302,4493 75,4479"/>
                <Baseline points="96,4539 181,4545 266,4545 351,4545 436,4545 521,4545 606,4545 691,4545 776,4545 861,4545 946,4545 1031,4545 1116,4545 1201,4545 1286,4545 1371,4550 1456,4550 1541,4550 1615,4550"/>
                <TextEquiv>
                    <Unicode>as in a, thee! What a feast is this?</Unicode>
                </TextEquiv>
            </TextLine>
            <TextLine id="tr_2_tl_9" custom="readingOrder {index:8;}">
                <Coords points="92,4628 2021,4643 2021,4554 1932,4532 92,4554"/>
                <Baseline points="113,4618 198,4624 283,4624 368,4624 453,4624 538,4624 623,4624 708,4624 793,4618 878,4624 963,4624 1048,4624 1133,4630 1218,4624 1303,4624 1388,4630 1473,4630 1558,4630 1643,4630 1728,4630 1813,4630 1898,4630 1983,4624 2028,4624"/>
                <TextEquiv>
                    <Unicode>thank God on my knew, that you are here!</Unicode>
                </TextEquiv>
            </TextLine>
            <TextLine id="tr_2_tl_10" custom="readingOrder {index:9;}">
                <Coords points="89,4714 2569,4778 2483,4607 85,4628"/>
                <Baseline points="107,4692 192,4698 277,4698 362,4703 447,4698 532,4698 617,4698 702,4703 787,4698 872,4698 957,4698 1042,4698 1127,4698 1212,4703 1297,4698 1382,4703 1467,4703 1552,4703 1637,4703 1722,4703 1807,4709 1892,4709 1977,4709 2062,4715 2147,4709 2232,4715 2317,4715 2402,4715 2487,4720 2573,4720 2578,4720"/>
                <TextEquiv>
                    <Unicode>I Strubled to think that you might be one of those</Unicode>
                </TextEquiv>
            </TextLine>
            <TextLine id="tr_2_tl_11" custom="readingOrder {index:10;}">
                <Coords points="185,4781 1729,4788 1729,4728 1352,4699 185,4714"/>
                <Baseline points="204,4771 289,4771 374,4777 459,4777 544,4777 629,4777 714,4783 799,4777 884,4783 969,4777 1054,4777 1139,4777 1224,4777 1309,4777 1394,4777 1479,4777 1564,4777 1649,4777 1734,4777"/>
                <TextEquiv>
                    <Unicode>lie on the grass under the trees</Unicode>
                </TextEquiv>
            </TextLine>
            <TextLine id="tr_2_tl_12" custom="readingOrder {index:11;}">
                <Coords points="139,4867 1967,4874 1917,4749 1690,4810 135,4778"/>
                <Baseline points="158,4845 243,4845 328,4851 413,4851 498,4851 583,4851 668,4851 753,4851 838,4856 923,4851 1008,4856 1093,4856 1178,4862 1263,4851 1348,4851 1433,4856 1518,4856 1603,4862 1688,4862 1773,4862 1858,4862 1943,4862 1972,4868"/>
                <TextEquiv>
                    <Unicode>laugh, and sob,and cry,and whose faces</Unicode>
                </TextEquiv>
            </TextLine>
            <TextLine id="tr_2_tl_13" custom="readingOrder {index:12;}">
                <Coords points="71,4973 441,4991 719,4938 921,4991 1142,4995 1202,4948 1480,4995 1565,4973 1565,4870 71,4881"/>
                <Baseline points="90,4930 175,4930 260,4930 345,4930 430,4936 515,4936 600,4930 685,4936 770,4941 855,4941 940,4936 1025,4941 1110,4941 1195,4936 1280,4941 1365,4936 1450,4936 1535,4936 1575,4940"/>
                <TextEquiv>
                    <Unicode>did not seek to recognize—At</Unicode>
                </TextEquiv>
            </TextLine>
        </TextRegion>
    </Page>
</PcGts>
