3400 5112
2695 438 2893 601 24.
1255 619 1878 782 Mrs. Nardi
240 718 2970 873 Your Highness, she knows no one, but the trades people who
248 831 2903 934 llve in our noighborhood, their wives and children. All
258 912 2942 1022 quite harmless, good people — There is one, for instance.
230 994 2960 1075 named Capponi, and another — but how can I name them all?
230 1061 3073 1163 And the lived like all the young girls of our position. She
1772 1142 3016 1273 - she was a good child! She
248 1142 1701 1262 was a good child — by heavens
237 1224 1259 1358 never went out alone.
1351 1347 1687 1471 Rosina
230 1425 2337 1591 That is not truc! Ine often want out alone.
1340 1584 1860 1704 Mrs. Nardi
219 1648 2875 1782 Well, and if she went alone? Hever elsewhere than before
251 1761 2871 1874 the gate, on tho medows, for a walk, and when we sought
230 1842 2829 1931 her, we never had to go further, than to the hill where
248 1913 2871 2005 the Convent St. Luke stands. Thore she lay in the grass
237 1984 2914 2111 in front of the wall, and often fast asleep. And when we
230 2065 690 2203 wakod her
1379 2196 1559 2316 Duke
230 2263 2921 2422 Don't talk so much that’s useless! You know more, Rosina.
1414 2398 1712 2550 Rosina
248 2493 2914 2656 Oh, Siro, I Ewear to you – if I knew where she was to be
248 2599 484 2705 kounen
258 2627 2422 2787 I would bring her here myself; That the insult,
240 2726 2702 2882 She has done you, should be punished as it deserves!
1351 2861 1559 3006 Duke
230 2942 1270 3101 What I think of doing,
1305 2949 2115 3094 keep I to myself.
230 3059 1270 3154 If she were only here:
1358 3031 2398 3151 I must have her again!
237 3126 3006 3260 What drove her forth? And what power was it controlled her?
424 3218 1938 3328 (Inter Guidotti from the garden)
1354 3317 1761 3466 Guidotti
212 3427 2376 3572 My Prince, your comnands have been donfilled!
1340 3579 1559 3699 Duke
428 3639 2688 3798 (looks at him without answering; then continues)
138 3745 1818 3890 Had I but known her! Had I used the
134 3862 2086 3971 One hour vouelisafed me, so had I known her
138 3872 2723 4099 And could now devine, where she is,and what entieed her;
134 4014 2507 4148 Thether she was yet a child, whether she was versed
138 4091 2419 4215 In blandishments and deceit, whether she was etc.
134 4144 2497 4307 Thether guileless. Yet those questions, which would
117 4258 2299 4353 Deprive a man of his sober senses in the morai
138 4325 2246 4438 Why puzzle over them on such a night as this?
120 4392 1277 4502 And yet I thirst so far.
1347 4420 2214 4516 answor, it is as 1
120 4477 2500 4636 An endless number of daysenehed out before me;
