3544 5240
2864 466 3044 643 31.
1074 607 1518 795 Beatrice
1328 593 3185 855 I shall not come again? Or ever see you?
1105 830 1480 1038 Filippo
162 1013 999 1144 Not in this life.
1102 1144 1529 1324 Beatrice
406 1275 918 1444 ( Langhs.)
1112 1423 1490 1571 Filippo
893 1504 1727 1699 Why do you laugh?
1126 1720 1557 1861 Beatrice
194 1819 1342 1978 because you say in life.
205 1875 1819 2055 I feel I can not live without you,
205 2006 1970 2140 And so if I must die, I 'll come again,
205 2108 1229 2281 And take you with me.
1151 2246 1526 2391 Filippo
1148 2274 3026 2468 And so you play with death,just aswith
212 2426 1487 2620 Life! Go!And farc you well!
1151 2581 1578 2765 Beatrice
237 2673 1571 2878 We shall meet again, Filippo!
1169 2846 1547 3062 Philippo
1370 2920 2069 3160 Fare you well!
1172 3153 1596 3302 Beatrice
491 3160 3083 3432 (Goes slowly up the dark path at back and disappears.)
1183 3372 1547 3584 Filippo.
512 3514 2073 3687 ( Looks after her. A long watt.)
265 3605 2867 3775 She's gone as if she'd vanished from me, like her dream
265 3683 2641 3877 And I thought she was mine.I'méeresol with shame!
300 3831 2143 3969 Is it man s lot not wholly to possess,
311 3916 1896 4047 They flout this curse; for no one
318 3937 2712 4149 Gives himself kholly up. Only I,comply betrayed
311 3997 3150 4245 Gave everything for nothing, reputation, honor, and courage,
307 4185 2391 4343 And was ready, to free as a silly boy, away
318 4290 1822 4432 From therichreatening fee, today
328 4361 1808 4513 Or from the dagger of a friend!
1893 4375 3030 4548 Should I not follow her?
346 4506 2793 4707 There is no means, no way, bold and streight forward
1042 4633 2391 4764 For, she ended my existence,
339 4690 2973 4901 By the truthfulness of her dream! Therefore, the whim,
339 4682 886 4810 To win her!
