3544 5128
463 476 2389 692 (Goes to up stage and calls into garden).
319 576 2660 785 do all, enjoy this night! I give my garden to you,
308 744 2787 874 is a spot, in which to level, to your heart’s content.
494 826 1008 956 (Points up)
312 860 2242 1056 the canony of heaven glorsously bespangled
315 1021 2495 1155 ith glittering star,shall makingly look down,
367 1100 2252 1251 a last fearful scene ofkeme, as calmly
360 1210 2787 1357 when in olden times noble fluples in chaste freedom
312 1296 2440 1436 boudly embraced each ou er. I, as your Duke,
302 1402 1943 1494 shall bless all unions that are made
312 1484 2434 1621 is night. If other marraiges are hallowed by
302 1563 2478 1745 disolubility, and permanent, I give to these,
302 1676 2341 1793 hat you restless, changeable men like better
298 1762 1532 1906 quick brief dissolution.
1560 1765 2444 1889 They all shall end
312 1844 994 1988 beak of day!
1138 1844 2667 1981 Yet, they who out of the ecstacy
336 1947 2434 2077 these hours shall spring, in their due time,
295 2043 2458 2159 unk shall they have as long as they shall live.
312 2125 2461 2272 shall ennoble all the offspring of this night,
305 2218 2296 2341 acause your Prince shall with you celebrate
319 2314 3068 2447 a marriage feast and bring you Beatrice Nardi, as his wife.
442 2406 864 2560 (EXIT L.)
446 2584 2982 2732 (They all cross to other side, leaving the halluupty,
425 2694 3074 2821 lightes go out, totches in garden flicker, and industinet
425 2766 3150 2913 figures are seen. Couples glide along, embrace each other
425 2872 2982 3013 andad sink down appearing asbringing. Women dash across
418 2955 3023 3092 stage as if pursued. This scene and the next should be
404 3040 1381 3212 ployed veryduickly.
1481 3064 2982 3256 Eater ORIANDINO and ROSINA from
422 3146 977 3325 the garden.)
1326 3205 1803 3386 Orlandino
226 3290 524 3499 Rosina!
1340 3390 1666 3554 Rosina
199 3465 1213 3633 my did you lie to me?
1340 3499 3150 3667 There is no bedroom there -- certainly
202 3602 1299 3798 not that of the Duchess,
1340 3616 2108 3777 for it is "empty".
1333 3746 1786 3935 Orlandino
165 3842 1457 3983 You dared to look in th ere?
1570 3856 2944 4079 What ails you, Rosina? What
165 3962 2022 4113 do you want with Beatrice at this time?
1302 4113 1679 4288 Rosina
151 4243 1645 4449 It is too late to tell you now.
1313 4411 1810 4624 Orlandino
130 4476 514 4713 Rosina!
1316 4596 1638 4751 Rosina
141 4692 1261 4881 Is it true, that you re
1392 4675 1892 4884 n'y love me?
