3528 5112
2844 444 3076 717 24.
1056 579 1500 709 Francesco
108 664 2042 858 at passed through your thoughts, Beatrice,
216 746 1038 914 these last sultry
1067 769 1728 885 evening hours?
1079 892 1515 1053 Vittorino
127 944 1224 1138 Don't askher, francesco!
1056 1127 1471 1247 Beatrice
123 1153 1411 1310 No, Vittorino, never shall we
123 1291 2411 1415 Ask each other about dreams. Life is to be awake,
116 1381 1743 1482 And light is intended for us both.
127 1444 1683 1609 take me to Lugano, dear Vittorino!
1067 1583 1504 1717 Vittorino
116 1605 2874 1777 Yes, Beatrice,I will take you there, there prepare a home for
112 1762 2844 1911 you, where you may rest from your dreams, and where you will
116 1833 709 1963 forget them.
1053 1960 1500 2109 Francesco
1056 2049 2086 2206 all of this, Beatrice?
116 2045 1030 2206 Then you say yes to
1045 2169 1456 2322 Bestrice
116 2269 2090 2445 I did not say no,did I? Yes,Vittorino,yes!
1056 2415 1508 2579 Francesco
97 2497 601 2658 Then come!
1041 2650 1430 2792 Beatrice
1094 2710 1784 2896 To the church?
1038 2859 1504 3023 Francesco
1601 2941 2486 3128 First to the house,
108 3012 1359 3214 That father may bless you.
1038 3206 1493 3341 Vittorino
97 3281 1161 3445 Will he understand it?
1034 3430 1486 3565 Francesco
101 3523 1706 3662 A child’s prayer soles to heaven.
101 3632 694 3759 Why not his?
1038 3725 1482 3871 Vittorino
101 3833 2829 3953 Beatrice,I thank you! I am most happy! I feel that you are
108 3927 2915 4031 all in all to me. 'Tis true I know that you art born to quite
101 4009 3008 4109 a different life, than to be the wife of a toadesman. Think but
97 4095 2967 4177 this though, than you have given me your word for all time, and
97 4158 3098 4266 that no man in the world can give you so much love as I, and that
101 4240 2534 4367 I would surely die, if you ever forget your promise.
321 4363 1527 4546 (All three enter house.)
403 4505 2993 4654 Four touch beerers appear at the end of the street. Be-
403 4639 2919 4729 hind them, coming slowly to the front of the stage,the
414 4703 2967 4837 Duke, Carlo Magnani, Guidotti, young Malvezzi, and several
418 4789 1094 4916 other nobles.)
