3816 5144
2613 193 2887 352 1,1
530 591 3618 723 what does it contain? There must be something else in it besides
522 703 1136 823 rose leaves.
1465 781 1832 939 Capponi
537 893 1890 1055 What else should it contain?
1480 1032 1836 1171 Claudia
533 1090 3552 1248 Is there not something in it which is often placed in love phil-
533 1225 2485 1360 tres.. I have good reason to assume that
1465 1357 1817 1473 Cappon
537 1438 3579 1542 What are you thinking about. My name is Capponi, of good standing
549 1507 3517 1627 Capponi! I don't deal in all sorts of quaer mixtures like other
537 1604 2060 1755 people, like Basini, for instance.
1492 1732 1886 1863 Caterina
549 1789 1511 1952 What does Basini do?
1476 1929 1828 2076 Capponi
545 1987 3482 2161 God forbid,that I should talk about it.I could send him to the
549 2126 2539 2292 gallows and the women who buy of him also,
1476 2257 1898 2408 Caterina
557 2342 1480 2493 What are you saying,
885 2447 1391 2539 To Claudia)
537 2470 3104 2640 Why only yesterday I saw your sister go into his shop.
1476 2640 1844 2775 Capponi
545 2713 3405 2837 He can easily say it is an accident, that he is seen at night
564 2767 3664 2926 in the laghborhood of the grave aard; also that it is an accident
557 2883 3301 2995 that in the middle of the night he digs near the wall with
564 2934 3486 3084 his nails. Well I won’t say any more.What Basini can do others
557 3053 3046 3150 can do.But we have to be careful about our customers.
564 3119 3301 3227 Young women go to buy of him who have great need to excite
564 3181 3351 3297 their lovers. On the other hand the most beautiful women of
557 3281 3297 3421 Bologna come to yours truly,who only need to while to have
545 3363 1422 3494 men at their feet.
765 3451 3223 3625 (Basini enters slowly down the street from up stage.)
785 3564 3355 3718 He’s a tall,haggard,old man,who treats the others with
781 3668 1503 3807 consideration.
1476 3811 1805 3950 Basini
545 3877 1190 4043 Good evening!
1480 4027 1851 4174 Capponi
564 4116 1152 4248 There he is.
870 4139 1929 4298 Makes a sign to them.)
557 4232 3509 4391 I was just speaking to these ladies of your wonderful wares, my
553 4360 1190 4495 dear Basini.
