3416 5128
2821 446 3021 624 10.,
1038 492 1444 656 Lucrezia
1423 546 2158 770 No, it is a voir,
121 592 1430 827 As sacred, as any ever made.
1052 777 1448 956 Malvezzi
132 813 1808 1052 And when you so delight me, Lucrezia,
125 981 2004 1155 That I dare it? Onee let me embrace you-
428 1091 1961 1213 A couple go over in the garden.)
1041 1166 1434 1341 Lucrezia
121 1245 1904 1412 And then fare well forever to all joyr
132 1369 2232 1523 Oh!, thank me, that I am honorable towards you.
196 1455 1651 1566 tell you, any other,whom you saw
139 1519 2290 1658 And found so worth possesing as you seem  me
136 1601 1858 1755 would have kept silent about her voi,
136 1680 1455 1805 and in the rupture of a Miss,
139 1751 1851 1915 tun you to the heart with her dagger!
1020 1858 1416 2051 Malvezzi
1416 1969 2261 2118 Yet think of this:
182 2001 2443 2208 have been turned, I can guard myself against you,
189 2154 1416 2257 am supple, and can slip out
160 2204 1837 2332 If I so choose, fromonderath your arm,
999 2322 1387 2511 Luerezk
1380 2400 2136 2593 Do you thik so?
321 2578 2967 2764 (At this instant Isabella runs across stag,tearing her
407 2668 1209 2810 clothes pff her.)
1006 2735 1416 2878 Isabella
403 2807 956 2931 In a fremzy)
139 2892 2896 3049 ! Why is the most beautiful Hounster,not^ handsons enough—?
185 2989 3060 3142 y is the strongest man not strong enough? why is the deepest
132 3060 2004 3185 oluptuousness not lust? I die of desire!
310 3138 1209 3270 Exits to garden.)
991 3242 1391 3402 Lucrezia
128 3299 2257 3506 I he not more beautiful than I? I beg of you,
128 3441 2072 3581 ske her instead of me. I am sorry for you,
118 3509 999 3638 wise and amiable.
981 3613 1391 3794 Malvezzi
1444 3745 1897 3894 Each word
89 3780 1783 3966 Pills me with desr e again! Oh! come!
956 3951 1373 4144 Luerezia
1426 4044 1829 4219 Heally,-
125 4066 1394 4283 tremble before the 16zzling
1426 4165 1698 4262 power
93 4183 1954 4351 which sent me from Florence to this city,
945 4312 1352 4497 Malvezzi
1316 4390 2742 4636 Love me, most superb Luerezia!
303 4543 1173 4722 (Exeunt to garden
