3496 5080
1524 655 1884 807 Filippo
315 759 2419 872 What a strange idea! Tonight – by heaven! -
318 856 2827 982 This is a novel way to spend his last remaining hours
318 947 2124 1102 And so assembles many guess in hasto.
1485 1112 1897 1248 Isabella
1252 1213 2374 1329 By all means let us go!
318 1307 2438 1414 I think I shall find there, what I'm seeking.
577 1394 2876 1543 (goes to edow with Ercole, Lucrezia joins them)
1485 1579 1855 1706 Filippo
584 1657 905 1790 (aside)
318 1764 1731 1881 Has Beatrice heard this call?
318 1864 1719 1965 Surely she must have done so
1806 1851 2600 1975 and will she go?
344 1955 1851 2088 Why not! nothing is impossible!
1492 2111 1910 2237 Isabella
1252 2218 2782 2370 But tell me — who is the bridge?
1485 2374 1806 2500 Ercole
781 2474 2847 2617 My news in this regard, is most surprising
318 2571 2409 2691 She is the daughter of an heraldic engraver.
318 2678 2409 2785 A simple maiden, but sixteen years of age –
318 2766 2925 2886 And beautiful! Oh wondrous beautiful! Beyond compare!
1492 2921 1868 3054 Filippo
1239 3032 1851 3174 Her name is.
1479 3197 1800 3330 Ereole
1722 3278 2451 3421 Beatrice Nardi.
1485 3486 1855 3606 Filippo
315 3570 2130 3690 What dist thou say! Repeat thy words?
1485 3748 1816 3872 Ercole
1485 3852 1968 3988 Beatrice -
315 3927 1391 4089 But what moves you so?
1521 4118 1897 4244 Filippo
571 4196 2075 4329 (t Il y a) to control his Hl.s.
318 4254 2429 4423 A simple maiden? What! Are you less moved?
318 4413 2409 4543 The name was -- Did Iunderstand you rightly
308 4510 730 4647 Menardi?
