3560 5176
110 540 1311 704 To us, and a kingdom arise.
102 642 2078 782 As mighty and powerful as Rome has become,
415 747 912 853 To Cosini)
110 743 2735 935 And if in future years we saw it a pile ofSubbish only,
113 841 2856 1009 Even though it had flourished greatly, for a thousand years
110 888 3048 1088 There'd come a time, when it would fall in runs, as all others.
113 998 2527 1166 Men of later days to whom our deeds, are nothing but
110 1111 2524 1236 Mere words, and who regard us only as those who lie,
125 1162 2054 1319 Under cold stone raised in commemoration,
121 1272 1901 1401 Shall like us, his cotemporaries enjoy,
125 1287 2484 1475 Also with the same smiles and with he same tears,
125 1444 1099 1557 What he has left us.
125 1467 1714 1628 He was a messenger,who bore to us,
145 1545 2265 1702 Theagreetings of a long since vanished world,
137 1659 1440 1804 To put new life into us,and
137 1757 1244 1913 To vanquish even death.
442 1784 3040 1991 During this it grows lighter, and as he speaks the last
470 1917 2688 2101 denis a messenger enters and speaks to Cosini.)
1084 2074 1393 2218 cosini
145 2124 2246 2348 Sire,a messenger brings news from the tower.
1080 2328 1307 2461 Duke
141 2430 919 2606 From Garisenda?
1084 2500 1866 2672 Fourth Messenger
1283 2617 2152 2747 Yes,mighty Prince!
168 2641 3314 2856 It is as if all the thousands about the city had been waked at once
184 2750 3298 2934 by a command. The streets as far as we can see, the fields, the hille
176 2837 3181 3017 bristle with armed hosta,and from St.Lueca the stands of Bor-
192 2919 3063 3087 gia, fly not alone, but those of Naples and of France wve with
184 3067 939 3212 them.in the air.
1107 3142 1330 3330 Duke
430 3247 1088 3443 ( To Magnani.)
180 3361 454 3513 Well.
426 3435 1628 3670 ( unter Hifth Messenger.)
1131 3611 1319 3764 Dule
180 3686 1491 3889 And what does this one say?
1131 3866 1432 3983 cosini
994 3873 2782 4085 Prince, he dares not give his message.
188 3987 919 4206 And I myself--
1135 4151 1365 4284 Duke
203 4206 2007 4366 I thought it was surely something ill,
219 4265 2281 4488 There is not much more time left to bewail.
1170 4433 1495 4550 cosini
188 4499 1866 4687 The arrows have reached their mark.
2809 411 2997 595 10.
