<?xml version="1.0" encoding="UTF-8" standalone="yes"?>
<PcGts xmlns="http://schema.primaresearch.org/PAGE/gts/pagecontent/2013-07-15" xmlns:xsi="http://www.w3.org/2001/XMLSchema-instance" xsi:schemaLocation="http://schema.primaresearch.org/PAGE/gts/pagecontent/2013-07-15 http://schema.primaresearch.org/PAGE/gts/pagecontent/2013-07-15/pagecontent.xsd">
    <Metadata>
        <Creator>prov=READ-COOP:name=TrHtr:version=2.1.0:model_id=51170:date=15_08_2023_08:06</Creator>
        <Created>2023-05-10T15:11:42.936+02:00</Created>
        <LastChange>2023-08-15T08:06:08.884+02:00</LastChange>
        <TranskribusMetadata docId="1428822" pageId="55431734" pageNr="37" tsid="132841941" status="IN_PROGRESS" userId="64420" imgUrl="https://files.transkribus.eu/Get?id=XUFKVCNGUUFORALJRCAOHGNL&amp;fileType=view" xmlUrl="https://files.transkribus.eu/Get?id=EMYFVQVZNFTCULTEECFGRNUL" imageId="44705771"/>
    </Metadata>
    <Page imageFilename="1428822_0037.jpg" imageWidth="3544" imageHeight="5192">
        <ReadingOrder>
            <OrderedGroup id="ro_1711803231533" caption="Regions reading order">
                <RegionRefIndexed index="0" regionRef="tr_2"/>
                <RegionRefIndexed index="1" regionRef="tr_3"/>
                <RegionRefIndexed index="2" regionRef="tr_4"/>
                <RegionRefIndexed index="3" regionRef="tr_1"/>
            </OrderedGroup>
        </ReadingOrder>
        <TextRegion id="tr_2" custom="readingOrder {index:0;}">
            <Coords points="189,700 2917,700 2917,2313 189,2313"/>
            <TextLine id="tr_2_tl_1" custom="readingOrder {index:0;}">
                <Coords points="175,783 1615,773 1615,657 1291,690 938,634 545,720 426,654 175,634"/>
                <Baseline points="194,761 206,761 295,761 383,761 472,761 561,756 649,756 738,756 826,756 915,756 1004,756 1092,756 1181,756 1269,750 1358,750 1447,750 1535,750 1624,756"/>
                <TextEquiv>
                    <Unicode>My life soars on lightolings;</Unicode>
                </TextEquiv>
            </TextLine>
            <TextLine id="tr_2_tl_2" custom="readingOrder {index:1;}">
                <Coords points="195,869 1361,855 1489,905 1892,865 1896,713 1529,789 198,789"/>
                <Baseline points="212,856 218,856 307,850 395,850 484,850 572,850 661,850 750,850 838,844 927,844 1015,844 1104,844 1193,844 1281,844 1370,844 1458,838 1547,838 1636,838 1724,838 1813,838 1901,838"/>
                <TextEquiv>
                    <Unicode>You would hang heavy words upon it,</Unicode>
                </TextEquiv>
            </TextLine>
            <TextLine id="tr_2_tl_3" custom="readingOrder {index:2;}">
                <Coords points="188,968 2232,954 2318,938 2322,836 1489,905 188,875"/>
                <Baseline points="206,939 289,939 378,945 466,945 555,939 643,939 732,939 821,939 909,933 998,939 1086,933 1175,933 1264,933 1352,933 1441,939 1529,933 1618,927 1707,927 1795,921 1884,927 1972,921 2061,915 2150,915 2238,915 2327,915"/>
                <TextEquiv>
                    <Unicode>To drag it to your Iepths. What is all this</Unicode>
                </TextEquiv>
            </TextLine>
            <TextLine id="tr_2_tl_4" custom="readingOrder {index:3;}">
                <Coords points="175,1057 2272,1044 2272,951 175,987"/>
                <Baseline points="194,1027 242,1027 330,1027 419,1027 507,1033 596,1027 685,1027 773,1027 862,1027 950,1027 1039,1021 1128,1027 1216,1027 1305,1021 1393,1021 1482,1015 1571,1015 1659,1015 1748,1015 1836,1021 1925,1021 2014,1010 2102,1010 2191,1010 2279,1004"/>
                <TextEquiv>
                    <Unicode>To me? Where I am, means nothing, as far</Unicode>
                </TextEquiv>
            </TextLine>
            <TextLine id="tr_2_tl_5" custom="readingOrder {index:4;}">
                <Coords points="172,1149 2170,1133 2232,1034 172,1053"/>
                <Baseline points="189,1122 200,1122 289,1128 378,1122 466,1122 555,1116 643,1116 732,1116 821,1116 909,1116 998,1116 1086,1116 1175,1116 1264,1116 1352,1110 1441,1110 1529,1104 1618,1104 1707,1104 1795,1104 1884,1104 1972,1098 2061,1092 2150,1092 2238,1104"/>
                <TextEquiv>
                    <Unicode>As fate and road determine. Escape, say I?</Unicode>
                </TextEquiv>
            </TextLine>
            <TextLine id="tr_2_tl_6" custom="readingOrder {index:5;}">
                <Coords points="1205,1222 2302,1209 2302,1133 2239,1126 1668,1120 1450,1162 1347,1126 1209,1159"/>
                <Baseline points="1228,1204 1246,1204 1334,1199 1423,1193 1512,1193 1600,1187 1689,1187 1777,1187 1866,1187 1955,1187 2043,1187 2132,1187 2220,1187 2309,1199"/>
                <TextEquiv>
                    <Unicode>I do not look the door,</Unicode>
                </TextEquiv>
            </TextLine>
            <TextLine id="tr_2_tl_7" custom="readingOrder {index:6;}">
                <Coords points="188,1232 644,1242 687,1212 911,1252 1050,1232 1053,1159 826,1129 542,1159 192,1146"/>
                <Baseline points="206,1216 265,1210 354,1216 443,1216 531,1210 620,1210 708,1204 797,1204 886,1204 974,1204 1063,1199"/>
                <TextEquiv>
                    <Unicode>This is no exight.</Unicode>
                </TextEquiv>
            </TextLine>
            <TextLine id="tr_2_tl_8" custom="readingOrder {index:7;}">
                <Coords points="188,1321 2365,1304 2315,1222 2071,1189 188,1232"/>
                <Baseline points="206,1305 242,1305 330,1299 419,1305 507,1305 596,1299 685,1299 773,1299 862,1299 950,1299 1039,1293 1128,1293 1216,1293 1305,1293 1393,1287 1482,1287 1571,1287 1659,1287 1748,1281 1836,1281 1925,1275 2014,1275 2102,1275 2191,1275 2279,1281 2368,1281"/>
                <TextEquiv>
                    <Unicode>And should Andrea come, I will speak with him.</Unicode>
                </TextEquiv>
            </TextLine>
            <TextLine id="tr_2_tl_9" custom="readingOrder {index:8;}">
                <Coords points="172,1410 2295,1400 2322,1301 172,1324"/>
                <Baseline points="189,1393 200,1393 289,1393 378,1388 466,1388 555,1388 643,1388 732,1388 821,1388 909,1382 998,1382 1086,1382 1175,1388 1264,1382 1352,1382 1441,1376 1529,1376 1618,1376 1707,1370 1795,1364 1884,1370 1972,1370 2061,1364 2150,1364 2238,1370 2327,1370"/>
                <TextEquiv>
                    <Unicode>But to wait for him, hold me here as little,</Unicode>
                </TextEquiv>
            </TextLine>
            <TextLine id="tr_2_tl_10" custom="readingOrder {index:9;}">
                <Coords points="182,1526 2338,1513 2361,1387 185,1420"/>
                <Baseline points="200,1488 236,1488 324,1482 413,1482 502,1476 590,1482 679,1476 767,1476 856,1476 945,1476 1033,1476 1122,1476 1210,1470 1299,1470 1388,1470 1476,1470 1565,1464 1653,1470 1742,1464 1831,1464 1919,1458 2008,1458 2096,1458 2185,1458 2274,1458 2362,1470"/>
                <TextEquiv>
                    <Unicode>As the danger to this city. And had I power,</Unicode>
                </TextEquiv>
            </TextLine>
            <TextLine id="tr_2_tl_11" custom="readingOrder {index:10;}">
                <Coords points="201,1605 1721,1608 1721,1526 1516,1463 1037,1532 201,1509"/>
                <Baseline points="218,1571 307,1571 395,1577 484,1571 572,1571 661,1571 750,1571 838,1571 927,1565 1015,1565 1104,1565 1193,1565 1281,1565 1370,1559 1458,1559 1547,1559 1636,1559 1724,1571 1730,1571"/>
                <TextEquiv>
                    <Unicode>To free it with a single breath,</Unicode>
                </TextEquiv>
            </TextLine>
            <TextLine id="tr_2_tl_12" custom="readingOrder {index:11;}">
                <Coords points="182,1691 1189,1655 1463,1697 1608,1681 1608,1579 518,1625 314,1572 182,1628"/>
                <Baseline points="200,1665 289,1665 378,1665 466,1665 555,1665 643,1659 732,1659 821,1659 909,1659 998,1659 1086,1659 1175,1653 1264,1653 1352,1653 1441,1647 1529,1647 1618,1665"/>
                <TextEquiv>
                    <Unicode>And in so doing lose Beatrice,</Unicode>
                </TextEquiv>
            </TextLine>
            <TextLine id="tr_2_tl_13" custom="readingOrder {index:12;}">
                <Coords points="182,1780 2061,1780 2147,1744 2147,1648 1707,1625 1275,1717 182,1694"/>
                <Baseline points="200,1760 206,1760 295,1754 383,1754 472,1754 561,1754 649,1748 738,1754 826,1748 915,1754 1004,1748 1092,1748 1181,1742 1269,1742 1358,1742 1447,1736 1535,1736 1624,1736 1712,1736 1801,1736 1890,1736 1978,1736 2067,1730 2155,1736"/>
                <TextEquiv>
                    <Unicode>I'd give Bologna up; – And should my home</Unicode>
                </TextEquiv>
            </TextLine>
            <TextLine id="tr_2_tl_14" custom="readingOrder {index:13;}">
                <Coords points="201,1856 1843,1869 1899,1859 1902,1754 201,1783"/>
                <Baseline points="218,1842 224,1842 313,1848 401,1848 490,1848 578,1848 667,1842 756,1842 844,1842 933,1842 1021,1836 1110,1836 1199,1831 1287,1831 1376,1831 1464,1831 1553,1825 1642,1831 1730,1825 1819,1831 1907,1836"/>
                <TextEquiv>
                    <Unicode>Vanish in flames, it would to me be,</Unicode>
                </TextEquiv>
            </TextLine>
            <TextLine id="tr_2_tl_15" custom="readingOrder {index:14;}">
                <Coords points="182,1968 2120,1968 2467,1935 2470,1833 182,1859"/>
                <Baseline points="200,1937 259,1937 348,1937 437,1937 525,1937 614,1937 702,1937 791,1931 880,1931 968,1931 1057,1925 1145,1925 1234,1925 1323,1925 1411,1925 1500,1925 1588,1919 1677,1919 1766,1919 1854,1919 1943,1919 2031,1913 2120,1913 2209,1913 2297,1913 2386,1913 2474,1907"/>
                <TextEquiv>
                    <Unicode>No more than a worthy sacrifice to my happiness.</Unicode>
                </TextEquiv>
            </TextLine>
            <TextLine id="tr_2_tl_16" custom="readingOrder {index:15;}">
                <Coords points="429,2120 2497,2147 2814,2107 2814,1995 1612,2067 1499,1998 429,2011"/>
                <Baseline points="448,2120 519,2114 608,2108 696,2114 785,2114 874,2108 962,2108 1051,2108 1139,2108 1228,2108 1317,2102 1405,2096 1494,2102 1582,2102 1671,2096 1760,2096 1848,2096 1937,2090 2026,2090 2114,2090 2203,2090 2291,2085 2380,2085 2469,2085 2557,2079 2646,2085 2734,2079 2823,2079"/>
                <TextEquiv>
                    <Unicode>(It has grown quite dark, BEATRICE comes from back</Unicode>
                </TextEquiv>
            </TextLine>
            <TextLine id="tr_2_tl_17" custom="readingOrder {index:16;}">
                <Coords points="449,2252 2738,2232 2910,2206 2913,2107 449,2140"/>
                <Baseline points="466,2203 525,2203 614,2203 702,2203 791,2203 880,2197 968,2197 1057,2197 1145,2197 1234,2197 1323,2191 1411,2191 1500,2197 1588,2197 1677,2191 1766,2191 1854,2191 1943,2191 2031,2185 2120,2185 2209,2185 2297,2185 2386,2179 2474,2179 2563,2179 2652,2179 2740,2173 2829,2179 2917,2185"/>
                <TextEquiv>
                    <Unicode>down the path, not veryduickly, but with a lwinging</Unicode>
                </TextEquiv>
            </TextLine>
            <TextLine id="tr_2_tl_18" custom="readingOrder {index:17;}">
                <Coords points="429,2325 1797,2361 1873,2292 1995,2312 1995,2199 429,2256"/>
                <Baseline points="448,2303 496,2303 584,2303 673,2297 761,2297 850,2291 939,2297 1027,2297 1116,2297 1204,2291 1293,2285 1382,2285 1470,2285 1559,2285 1647,2285 1736,2285 1825,2279 1913,2279 2002,2279"/>
                <TextEquiv>
                    <Unicode>gait. Filippo goes to meet her)</Unicode>
                </TextEquiv>
            </TextLine>
        </TextRegion>
        <TextRegion id="tr_3" custom="readingOrder {index:1;}">
            <Coords points="212,2407 2486,2407 2486,3678 212,3678"/>
            <TextLine id="tr_3_tl_1" custom="readingOrder {index:0;}">
                <Coords points="1351,2467 1450,2493 1486,2477 1536,2493 1549,2480 1585,2507 1638,2477 1777,2483 1777,2384 1727,2374 1631,2388 1605,2361 1575,2381 1546,2358 1427,2388 1400,2374 1351,2381"/>
                <Baseline points="1370,2463 1429,2469 1518,2463 1606,2463 1695,2463 1783,2457"/>
                <TextEquiv>
                    <Unicode>Beatrice</Unicode>
                </TextEquiv>
            </TextLine>
            <TextLine id="tr_3_tl_2" custom="readingOrder {index:1;}">
                <Coords points="195,2589 2005,2592 2090,2579 2094,2477 198,2483"/>
                <Baseline points="212,2575 242,2575 330,2569 419,2569 507,2569 596,2569 685,2569 773,2563 862,2563 950,2569 1039,2569 1128,2563 1216,2557 1305,2551 1393,2557 1482,2557 1571,2551 1659,2551 1748,2557 1836,2551 1925,2551 2014,2551 2102,2545"/>
                <TextEquiv>
                    <Unicode>Now you have me!. How dark it is here!</Unicode>
                </TextEquiv>
            </TextLine>
            <TextLine id="tr_3_tl_3" custom="readingOrder {index:2;}">
                <Coords points="195,2682 2457,2678 2477,2586 195,2609"/>
                <Baseline points="212,2669 271,2669 360,2658 448,2663 537,2658 626,2658 714,2658 803,2658 891,2652 980,2658 1069,2658 1157,2658 1246,2652 1334,2652 1423,2646 1512,2646 1600,2646 1689,2646 1777,2646 1866,2646 1955,2646 2043,2646 2132,2640 2220,2640 2309,2640 2398,2640 2486,2640"/>
                <TextEquiv>
                    <Unicode>Theakreets are still quite light. One can hear</Unicode>
                </TextEquiv>
            </TextLine>
            <TextLine id="tr_3_tl_4" custom="readingOrder {index:3;}">
                <Coords points="1192,2771 1569,2774 1622,2734 1886,2784 2104,2744 2196,2804 2199,2662 2094,2642 1909,2705 1727,2659 1622,2698 1575,2662 1371,2695 1192,2665"/>
                <Baseline points="1210,2740 1234,2740 1323,2740 1411,2740 1500,2734 1588,2734 1677,2734 1766,2734 1854,2734 1943,2734 2031,2734 2120,2734 2209,2734"/>
                <TextEquiv>
                    <Unicode>But here it is still.</Unicode>
                </TextEquiv>
            </TextLine>
            <TextLine id="tr_3_tl_5" custom="readingOrder {index:4;}">
                <Coords points="201,2774 347,2791 393,2754 548,2791 680,2758 832,2787 1093,2754 1093,2678 1024,2668 902,2692 756,2665 694,2698 601,2672 403,2715 360,2685 205,2685"/>
                <Baseline points="218,2758 301,2752 389,2752 478,2752 567,2752 655,2746 744,2746 832,2752 921,2746 1010,2746 1098,2746"/>
                <TextEquiv>
                    <Unicode>The noise without!</Unicode>
                </TextEquiv>
            </TextLine>
            <TextLine id="tr_3_tl_6" custom="readingOrder {index:5;}">
                <Coords points="201,2863 928,2843 1400,2939 1615,2837 1843,2916 1866,2754 201,2771"/>
                <Baseline points="218,2858 277,2852 366,2847 454,2847 543,2847 632,2841 720,2841 809,2841 897,2841 986,2841 1075,2841 1163,2835 1252,2835 1340,2829 1429,2835 1518,2829 1606,2829 1695,2823 1783,2829 1872,2835"/>
                <TextEquiv>
                    <Unicode>I wish I could stay long with thee.</Unicode>
                </TextEquiv>
            </TextLine>
            <TextLine id="tr_3_tl_7" custom="readingOrder {index:6;}">
                <Coords points="1371,3048 1526,3071 1559,3045 1608,3035 1638,3045 1704,3022 1747,3032 1747,2949 1661,2943 1612,2906 1565,2923 1536,2916 1513,2933 1483,2913 1466,2929 1417,2919 1394,2939 1371,2933"/>
                <Baseline points="1388,3018 1399,3012 1488,3012 1577,3018 1665,3012 1754,3006"/>
                <TextEquiv>
                    <Unicode>Filippo</Unicode>
                </TextEquiv>
            </TextLine>
            <TextLine id="tr_3_tl_8" custom="readingOrder {index:7;}">
                <Coords points="195,3134 604,3127 660,3167 816,3111 1120,3134 1120,3028 1077,3015 892,3058 766,3022 195,3018"/>
                <Baseline points="212,3124 242,3124 330,3124 419,3118 507,3118 596,3118 685,3112 773,3112 862,3112 950,3112 1039,3112 1128,3112"/>
                <TextEquiv>
                    <Unicode>Thou shalist do so.</Unicode>
                </TextEquiv>
            </TextLine>
            <TextLine id="tr_3_tl_9" custom="readingOrder {index:8;}">
                <Coords points="1374,3306 1450,3296 1486,3316 1509,3302 1579,3316 1592,3302 1678,3312 1744,3299 1767,3312 1810,3296 1810,3217 1747,3200 1635,3200 1615,3217 1575,3203 1542,3227 1509,3207 1483,3220 1456,3197 1374,3203"/>
                <Baseline points="1393,3284 1482,3284 1571,3284 1659,3284 1748,3284 1819,3284"/>
                <TextEquiv>
                    <Unicode>Beatrice</Unicode>
                </TextEquiv>
            </TextLine>
            <TextLine id="tr_3_tl_10" custom="readingOrder {index:9;}">
                <Coords points="429,3402 677,3438 1001,3385 1080,3418 1258,3385 1473,3415 1473,3299 429,3306"/>
                <Baseline points="448,3390 537,3390 626,3390 714,3390 803,3390 891,3384 980,3384 1069,3384 1157,3378 1246,3384 1334,3384 1423,3384 1482,3390"/>
                <TextEquiv>
                    <Unicode>(Sitting on the bench)</Unicode>
                </TextEquiv>
            </TextLine>
            <TextLine id="tr_3_tl_11" custom="readingOrder {index:10;}">
                <Coords points="1186,3487 2341,3474 2341,3405 2176,3359 1968,3411 1839,3369 1744,3405 1189,3398"/>
                <Baseline points="1204,3467 1293,3467 1382,3467 1470,3467 1559,3467 1647,3461 1736,3467 1825,3461 1913,3467 2002,3461 2090,3461 2179,3467 2268,3461 2350,3467"/>
                <TextEquiv>
                    <Unicode>Now let me rest a while.</Unicode>
                </TextEquiv>
            </TextLine>
            <TextLine id="tr_3_tl_12" custom="readingOrder {index:11;}">
                <Coords points="211,3596 1902,3590 2001,3577 2005,3484 215,3497"/>
                <Baseline points="230,3567 248,3573 336,3573 425,3573 513,3573 602,3573 691,3567 779,3567 868,3567 956,3567 1045,3561 1134,3561 1157,3561 1210,3561 1299,3561 1388,3561 1476,3555 1565,3555 1653,3555 1742,3549 1831,3549 1919,3555 2008,3544"/>
                <TextEquiv>
                    <Unicode>I am quite tired. What have I today</Unicode>
                </TextEquiv>
            </TextLine>
            <TextLine id="tr_3_tl_13" custom="readingOrder {index:12;}">
                <Coords points="201,3689 1767,3689 1882,3676 1886,3570 201,3590"/>
                <Baseline points="218,3662 295,3668 383,3668 472,3668 561,3662 649,3668 738,3662 826,3662 915,3662 1004,3656 1092,3656 1181,3656 1269,3656 1358,3656 1447,3650 1535,3650 1624,3650 1712,3650 1801,3650 1890,3644"/>
                <TextEquiv>
                    <Unicode>Seen — heard. I am all confused.</Unicode>
                </TextEquiv>
            </TextLine>
        </TextRegion>
        <TextRegion id="tr_4" custom="readingOrder {index:2;}">
            <Coords points="2752,487 2900,487 2900,559 2752,559"/>
            <TextLine id="tr_4_tl_1" custom="readingOrder {index:0;}">
                <Coords points="2731,591 2761,588 2771,598 2781,591 2804,611 2886,611 2900,469 2883,469 2847,429 2771,479 2764,469 2741,469"/>
                <Baseline points="2752,549 2811,549 2900,537"/>
                <TextEquiv>
                    <Unicode>19</Unicode>
                </TextEquiv>
            </TextLine>
        </TextRegion>
        <TextRegion id="tr_1" custom="readingOrder {index:3;}">
            <Coords points="206,3777 2912,3777 2912,4670 206,4670"/>
            <TextLine id="tr_1_tl_1" custom="readingOrder {index:0;}">
                <Coords points="1384,3851 1440,3877 1480,3854 1582,3854 1618,3871 1668,3861 1681,3874 1714,3847 1760,3874 1757,3755 1714,3748 1651,3775 1575,3748 1522,3762 1470,3752 1446,3768 1380,3762"/>
                <Baseline points="1399,3833 1488,3827 1577,3833 1665,3833 1754,3833 1766,3833"/>
                <TextEquiv>
                    <Unicode>Filippo</Unicode>
                </TextEquiv>
            </TextLine>
            <TextLine id="tr_1_tl_2" custom="readingOrder {index:1;}">
                <Coords points="452,3973 641,3940 789,3986 888,3950 974,3980 1100,3946 1285,3966 1314,3956 1314,3844 1156,3844 1126,3871 700,3851 594,3884 452,3847"/>
                <Baseline points="472,3939 525,3939 614,3939 702,3939 791,3933 880,3927 968,3933 1057,3927 1145,3927 1234,3927 1323,3927"/>
                <TextEquiv>
                    <Unicode>(As if to a child)</Unicode>
                </TextEquiv>
            </TextLine>
            <TextLine id="tr_1_tl_3" custom="readingOrder {index:2;}">
                <Coords points="1896,4019 2071,4046 2160,4019 2226,4049 2285,4022 2335,4036 2401,4019 2490,4055 2490,3970 2371,3923 2067,3946 2001,3920 1896,3940"/>
                <Baseline points="1913,4004 2002,4004 2090,4010 2179,4004 2268,4004 2356,4004 2445,4010 2498,4016"/>
                <TextEquiv>
                    <Unicode>Knowst thou,</Unicode>
                </TextEquiv>
            </TextLine>
            <TextLine id="tr_1_tl_4" custom="readingOrder {index:3;}">
                <Coords points="205,4181 1810,4108 2054,4155 2084,4039 205,4046"/>
                <Baseline points="224,4122 230,4122 318,4122 407,4122 496,4122 584,4122 673,4122 761,4116 850,4116 939,4116 1027,4111 1116,4111 1204,4111 1293,4111 1382,4105 1470,4105 1559,4105 1647,4105 1736,4105 1825,4105 1913,4105 2002,4105 2090,4105"/>
                <TextEquiv>
                    <Unicode>That great disaster threatens the city?</Unicode>
                </TextEquiv>
            </TextLine>
            <TextLine id="tr_1_tl_5" custom="readingOrder {index:4;}">
                <Coords points="1328,4323 1446,4303 1460,4316 1754,4310 1754,4224 1714,4207 1651,4227 1615,4204 1589,4224 1539,4211 1486,4224 1413,4204 1367,4221 1328,4211"/>
                <Baseline points="1346,4288 1435,4288 1523,4288 1612,4288 1701,4288 1760,4288"/>
                <TextEquiv>
                    <Unicode>Beatrice</Unicode>
                </TextEquiv>
            </TextLine>
            <TextLine id="tr_1_tl_6" custom="readingOrder {index:5;}">
                <Coords points="195,4425 2546,4389 2586,4283 195,4326"/>
                <Baseline points="212,4400 289,4400 378,4400 466,4400 555,4394 643,4394 732,4388 821,4388 909,4388 998,4382 1086,4388 1175,4382 1264,4376 1352,4382 1441,4376 1529,4376 1618,4376 1707,4376 1795,4376 1884,4376 1972,4370 2061,4376 2150,4370 2238,4370 2327,4370 2415,4365 2504,4365 2593,4359"/>
                <TextEquiv>
                    <Unicode>I am not a child? Why should I not know it? Ere</Unicode>
                </TextEquiv>
            </TextLine>
            <TextLine id="tr_1_tl_7" custom="readingOrder {index:6;}">
                <Coords points="188,4518 2807,4508 2843,4376 188,4422"/>
                <Baseline points="206,4483 277,4489 366,4489 454,4489 543,4483 632,4483 720,4483 809,4483 897,4477 986,4477 1075,4477 1163,4471 1252,4471 1340,4471 1429,4471 1518,4471 1606,4465 1695,4465 1783,4465 1872,4465 1961,4465 2049,4465 2138,4465 2226,4465 2315,4459 2404,4453 2492,4459 2581,4459 2669,4459 2758,4459 2847,4465"/>
                <TextEquiv>
                    <Unicode>Long I could not have reached this. spot. At the Square</Unicode>
                </TextEquiv>
            </TextLine>
            <TextLine id="tr_1_tl_8" custom="readingOrder {index:7;}">
                <Coords points="201,4617 2262,4614 2262,4485 201,4501"/>
                <Baseline points="218,4589 230,4583 318,4583 407,4583 496,4577 584,4577 673,4583 761,4577 850,4577 939,4571 1027,4571 1116,4571 1204,4571 1293,4565 1382,4565 1470,4565 1559,4565 1647,4565 1736,4565 1825,4565 1913,4559 2002,4559 2090,4559 2179,4559 2268,4559"/>
                <TextEquiv>
                    <Unicode>before St. Peter's there was a great orush!</Unicode>
                </TextEquiv>
            </TextLine>
            <TextLine id="tr_1_tl_9" custom="readingOrder {index:8;}">
                <Coords points="2351,4673 2427,4706 2497,4676 2556,4690 2589,4666 2876,4729 2900,4723 2903,4567 2853,4584 2827,4561 2784,4584 2741,4551 2688,4574 2642,4551 2513,4574 2467,4604 2351,4577"/>
                <Baseline points="2368,4660 2457,4660 2545,4654 2634,4654 2722,4654 2811,4654 2900,4654 2912,4660"/>
                <TextEquiv>
                    <Unicode>Just think,</Unicode>
                </TextEquiv>
            </TextLine>
        </TextRegion>
    </Page>
</PcGts>
