3522 5848
819 651 1071 780 1: =
1402 945 2060 1051 “SENEVER KW.”
809 1068 2734 1194 And I like you,” sheusszontaneously, taking both my hands
750 1152 2524 1241 in hers and hissing them. “I always have... always shall.”
819 1226 1907 1342 "tell me all,” I implored, “all, all.”
809 1298 2724 1394 She continued as we slowly made our way in the sun over the
743 1374 911 1463 field.
814 1419 2724 1535 "To begin with," I said to myself, 'he is a mere child. I like
755 1505 2729 1594 him in a motherly sort of fashion.' But then when the time came
738 1582 1476 1690 for you to go away
812 1668 2125 1740 She passed for a moment and then went on.
809 1735 2712 1816 “When the hour actually came... I didn’t mean to
748 1809 2712 1890 don’t know what made me, but I could not help coming up to you,
743 1888 2278 1994 and when I came I didn’t mean to hiss you, but
819 1957 1520 2050 "Go on, go on,” I said.
819 2016 2724 2107 "And then all of a sudden I told you to leave the room. You
738 2110 2236 2203 must have thought it was all a hoax, didn’t you?"
819 2169 1594 2253 "I don’t understand you.”
809 2236 2712 2329 That is what I am sure you have thought the whole time. I
750 2307 2709 2406 wanted to write to you, but what would have been the good?” Well,
743 2384 2727 2458 the reason that I sent you away was..I suddenly had a
743 2460 952 2556 fright.'
827 2527 1120 2618 'I know.”
809 2593 2699 2665 "If you knew, why did I never hear a word more from you'?
725 2675 1567 2778 she exclaimed reproachfully.
790 2746 2712 2862 "Why were you frightened?" I asked, beginning by degrees to
743 2823 1291 2919 grasp her meaning.
832 2897 2201 2986 because I thought there was someone coming.
819 2963 1379 3055 "You thought"
819 3020 2699 3109 I thought 1 heard footsteps in the passage. Yes, footsteps.
725 3099 2699 3190 I thought it was And oh, I was so frightened it would
743 3183 2695 3262 have been so terrible. I can't bear to think of it. But no one
738 3255 2709 3378 was there—no one. He came home quite late that evening. You
738 3321 1488 3430 had been gone long ago."
797 3405 2707 3482 As she related this I was conscious of something within me
725 3472 2697 3553 turning to stone. And when she ended her story I felt as if I must
730 3538 2714 3632 ask her “ Who are you?” I turned involuntarily towards the herbour,
725 3603 2709 3714 where I saw the sails of our boat gleaming, and I thought to myself,
743 3679 2717 3793 "What ages, what infinite ages, we have been wondering on this
725 3758 2699 3852 island." For I had landed on it with a woman whom I had loved,
725 3837 2709 3933 and now a stranger walked at my side. I found it impossible to
723 3916 2709 3985 utter a word. But she hardly noticed; she was hanging on my arm,
725 3985 2699 4057 andInibuted my silence doubtless to tender sentiment. And I was
725 4044 2697 4140 thing of him. So he had never said anything. She doesn’t know,
725 4126 2699 4207 she never has known, that he saw her lying at my feet. He had
730 4200 2695 4298 gone away onus-toe from the door as quietly as he had come,
725 4284 2699 4367 gone out and not come in till hours afterwards. He had come in
730 4355 2702 4432 late and said nothing. He had lived at her side for years, and not
725 4419 2697 4513 betrayed his knowledge by a single word. He had forgiven her
716 4491 1355 4597 and she never knew.
