3448 5144
472 552 1631 737 (Filippo remains silent)
1400 715 1826 916 Agostino
253 811 1394 1018 collect yourself and go.
1409 987 1785 1184 Filippo
1465 1144 1758 1264 Where?
1403 1261 1829 1468 Agostino
1742 1425 2146 1533 There is
1317 1493 2439 1641 Do you forget your past,
253 1459 1200 1634 But one way for you.
234 1613 2165 1727 Do you forget your truth, - in this hour
241 1699 2353 1804 Memories should awake from the deepest sleep.
247 1785 2193 1897 And dost hesitate to week to see the face
253 1881 2180 2020 Of the bridge who's trusting thee? Think,
234 1983 1952 2112 At a deathbed many a sin'sKorgiven.
1397 2162 1773 2279 Filippo
487 2239 1563 2393 (With sulden vehemence)
253 2347 2263 2464 who speaks of sin? Leaves fall in autumn,
253 2439 2365 2566 Others sprout in Spring! Shall ye say then,
1718 2535 2270 2664 I have not!
265 2526 1696 2658 That one of them had sinned?
259 2630 1773 2748 Is it, that sinning means; to be
1539 2726 1853 2834 If so,
247 2729 1326 2828 Subject to eternal law.
259 2825 2140 2923 Then sin waits for us from childhood on,
234 2899 2014 3037 Just as our death wants in our breast
1246 2991 2078 3118 If I have sinned,
241 2991 1153 3130 So long we breathe.
247 3084 1708 3207 Then is youth a gift from hell,
234 3167 1773 3309 Beauty is sin, happiness a venom
234 3269 1668 3408 As the malignant or any other.
1403 3438 1708 3562 Ereole
1730 3497 2267 3660 Is it that?
234 3626 2717 3765 Well, have I made you understand with simple language
1304 3716 2550 3861 In short, it is like this;
234 3741 1144 3858 What is to be done?
234 3839 2128 3941 I never did believe in long engagement,
231 3941 2458 4034 My hardy youth looked forward to a truth-plight
234 4015 2492 4175 To one, who pleasing was, and beautiful besides.
1369 4185 1755 4339 Filippo
478 4299 1465 4404 (After a short cause)
225 4339 2273 4521 say what you must, then go I beg you, both.
