3480 5112
2834 674 3041 850 35.
1926 733 2179 921 Çome
201 811 1034 963 Theü maiest waits.
1138 963 1349 1122 Duke
512 1041 1680 1196 Since all remain quiet.)
191 1141 678 1242 Give room!
545 1222 1102 1339 This occurs)
691 1271 2033 1420 And you,Bestrice,forgive me,
201 1372 2503 1501 That I asked so much for the little I would give.
214 1469 2497 1576 Take it not as a too low estimate, not as avarice,
276 1547 1767 1657 see that I am too poor for you!
1135 1683 1537 1809 Beatrice
1637 1751 2053 1874 ly Prince
503 1832 2626 1939 General movement as Beatrice begins to speak
185 1923 2792 2088 It was not too little, but it was not of the right kind!
1125 2053 1336 2185 Duke
503 2150 1855 2250 Vehemently,with renewed hope
201 2218 2727 2351 Then tell me what you would'st have! I may possess it!
1132 2348 1524 2487 Beatrice
201 2419 2445 2568 certainly you possess it. For that alone I wish
201 2542 2283 2675 That to-morrow morning I shall not be called
185 2610 629 2720 A harlot!
1125 2753 1320 2863 Dule
1106 2798 2406 2960 Whom a Prince has embraced,
195 2896 1767 3006 Wero she but a Trol.s sport before
201 2977 2202 3100 Is so no longer! And thinkest thou,any one
191 3077 1524 3197 would dare to insult you so?
1132 3187 1524 3324 Leatrice
1080 3265 2438 3408 And should they not voice it
191 3366 1245 3521 They would whisper it.
1125 3515 1320 3654 Duke
1323 3586 2481 3755 Why should it.werry you?
1119 3729 1547 3901 Beatrice
2205 3813 2704 3969 And though
178 3901 2283 4037 You might erueify them, 'twould be the truth,
185 4008 2078 4115 That you bought me—but at a high price!
201 4060 2727 4199 Therefore, Sire,koep everything, they are nothing to me,
185 4167 1372 4287 But take me as your wife!
477 4199 2386 4390 (Movement of astronishment on all sides.)
1119 4322 1326 4429 Duko
1728 4368 2299 4527 As Duchess?
460 4364 1686 4556 He turns to his courtiers.
240 4491 1569 4663 What think you of the child?
