3640 5832
1348 845 2016 970 “SHE NEVER KW.”
699 972 2700 1121 first time she could see me. She greeted me with a smile. At
701 1077 2695 1201 last she reached the end of the bridge; I held out my hand, and
701 1171 2693 1270 helped her into the boat. Jansen loopened the moorings, and our
696 1251 2685 1340 craft glided off. We sat close to each other; she leaned against my
696 1330 2698 1412 arm. She was dressed entirely in white, and looked like a girl of
701 1390 987 1477 eighteen.
763 1445 2280 1574 "What is there to see on this island?" she asked.
751 1534 1512 1628 I could not help smiling.
756 1601 2501 1681 She blished and said, “At any rate, there is a lighthouse.”
768 1678 1904 1778 “And perhaps a church too," I added.
763 1750 1892 1830 " ksk the man.” She blicated Jansen.
751 1800 2215 1919 I asked, “How old is the church on the Island?”
751 1890 2675 1991 But he couldn’t understand a word of German, and so after this
684 1979 2024 2056 attempt we felt more tête-à-tête than before.
738 2021 2668 2136 "What's that over there? An island too?" she asked, pointing
684 2108 1104 2213 with her eyes
751 2188 2195 2272 No," I replied, “that is Sweden, the mainland.”
738 2258 2168 2345 "That would be more interesting still," she said.
738 2330 2658 2444 "Yes," I answered, "but you would have to stay there a long
666 2399 1273 2501 time, always..."
738 2469 2650 2573 If she had said to me then: “Come, let us go together into a
679 2558 2655 2633 foreign land and never come back, I should have consented on the
666 2618 840 2712 selle für spot.
738 2695 2658 2785 As we thus scudded over the wa^xes in the little boat, the fresh
666 2770 2643 2867 breeze playing round us, the Ioudless sky above, and the glittering
664 2842 2653 2936 cea ahead, it seemed to me like a festal voyage, and as if we were
666 2914 2643 2998 a veritable royal pair, disencumbered of all the responsibles of our
666 2974 1169 3071 former existence.
726 3048 2650 3158 Son the cottages on the island came in sight; the white-washed
654 3138 2633 3215 church on the hill, which, with its gradual slope, ran the whole
666 3205 2640 3287 length of the Island, stood out in sharp outline against the sky. We
666 3272 2633 3361 were in thenetst of tiny fishing smacks as our boat shot ‘straight
654 3351 2633 3426 for the island; some with their oars Conpped were Irifting lazily on
651 3411 2633 3501 the breast of the waves. Friederika kept her eyes mostly fixed on
661 3481 2625 3593 the Island, though she did not appear to be looking at it. In less
632 3565 2625 3662 than an hour we were entering the harbour, which was enclosed by
654 3640 2623 3719 a wooden jetty, so that you might imagine yourself in a small pond.
691 3714 2628 3792 A group of children stood on the jetty. We landed, and strolled
636 3774 2635 3874 slowly along the shore, the children following, but they soon 12,pped
646 3861 2623 3956 off. The whole village consisted of about twenty houses at most,
639 3926 2616 4010 and these wereseltered. Our feet sahk dieply in the fine, known
641 4005 2616 4100 sand, from which the sea had receded. We came to an open sunny
629 4090 2625 4179 selvot, where nets were spread out to dry; a couple ofKfisher wives
632 4152 2625 4239 sat at their doors mending sails. After we had gone another hundred
649 4224 2613 4299 wards we were quite alone. We found ourselvesorrsuing a rrow
646 4296 2623 4386 path which led from the village to the end of the island, where the
646 4366 2611 4468 lighthouse stood. On our left the sea was now divided from us by a
632 4443 2625 4532 bor'der oi barren fields which grew nairower. The hill rose on our
