3544 5256
222 770 2801 963 Of remaining here alone instead of going to the Castle
232 952 2041 1064 Of the Duke, and the power of decision
232 1017 2034 1144 Died on the steep path ofolrmanoe.
229 1126 1991 1242 That I sent her home with fine words,
229 1191 1773 1344 Is enough for me. And if a poem
2183 1224 3149 1369 "twill be the highest
251 1300 2150 1424 Springs some time from this--foolishness,
2833 1348 3124 1489 prize
243 1420 2114 1613 That life will give me for the distance,
145 1544 2310 1696 Though I am too weak with pride to travive it.
494 1671 1057 1791 (He listens)
243 1762 1152 1896 The gate is opened!
487 1838 1329 1983 (With expectation)
1191 1911 2230 2034 Oh, if it were Andrea,
240 1976 2910 2136 How quickly it would come! In this city there’s no other
262 2103 1769 2274 So ready as I am, to end it all.
498 2270 1642 2437 (Antonio Rigetti andTito
1638 2350 3146 2499 Tibaldi,the one short and think,
465 2466 2826 2594 and the other them and small, appear in the doorway
465 2543 3102 2706 – leading out on the terrace. They are followed by Lucrezia
469 2644 3011 2782 and Isabella, two Florentine courtesans. Behind them,at
479 2750 2968 2891 a little distance, four musicians, two fiddlers,a flute
476 2837 3000 2975 player, and a lute player. They play before they enter.
498 2924 3026 3073 The musicians remain on the terrace. Two servants with
479 3004 2466 3226 torches, stand on either side of the door.)
1090 3189 1326 3360 Tito
403 3306 828 3451 ( Gally.)
163 3364 2074 3549 is Filippo Loschi's house,and here he is
200 3491 1725 3698 Give us greeting, Filippo Loschi!
1090 3658 1453 3807 Antonio
476 3763 825 3905 Drunk.)
203 3821 1972 3985 Be still,you Mmed musicians.Or I '11
193 3959 1867 4072 Break those things over your heads.
403 4050 1119 4217 ( Music stops.)
1108 4192 1337 4348 Tito
214 4228 3135 4450 We wish you good evening, Filippo Loschi.As unimportant person-
214 4384 3102 4530 ages as we are, we have a perfect right to wish you a pleasant
211 4501 1983 4650 evening,which we vongratulate you on.
1101 4635 1518 4799 Antonio.
229 4668 3102 4900 We vongratulate ourselves, though we are good for nothing fel-
214 4900 483 5035 lows.
