3576 5096
355 658 1463 823 It's now past midbright!
1548 844 2072 971 Ist Fiddler
616 932 2796 1069 (rapping Lute Player on the head with his bow)
362 1038 1453 1175 Get up! I say, get up!
623 1115 3106 1256 (All the musicians rise and arrange themselves on the
665 1245 1854 1375 terrace remaing in sight)
1537 1386 1959 1520 Isabella
619 1470 2554 1604 (awaking, miles and looks up at Filippo)
362 1579 1337 1734 My handsome Filippo!
1548 1745 1906 1878 Filippo
369 1804 2452 1987 I hope youebeted well, and sweetly dreamed!
1555 2026 1959 2149 Isabella
376 2128 1906 2293 Yet was it all a dream, Filippo?
1551 2258 1910 2438 Filippo
383 2388 1393 2526 I really do not know!
682 2487 1618 2606 (the Iusicians play)
387 2575 3092 2708 Oh cease! Enough! I have already told you, the feast is
405 2698 640 2810 over!
387 2754 2329 2884 Get you to your houses -- all of you, all!
640 2846 3085 2986 (looks at Isabella and Lucrezia carelessly, Lucrezian
665 2923 3036 3074 has waken and fits on steps of Alcove and looks at
679 3046 1062 3211 Filippo)
1555 3190 1977 3331 Isabella
387 3257 2726 3430 Do you send us away? In the middle of the night?
397 3412 2008 3525 So young, and art wearied so soon,
415 3500 2054 3648 Where should we go at such an hour?
1600 3637 2089 3799 Musicians
654 3743 1625 3901 (erning ready to go)
397 3809 3229 4013 Good night, honored Master! Mary thanks! Good night! Good
390 3975 704 4108 night!
1572 4101 1945 4260 Filippo
654 4193 1509 4344 (to the Iusicians)
408 4295 1959 4443 You should certainly know, where
405 4400 2708 4555 Joyous company may still be found, tonight. lead
412 4499 1379 4682 These maidens there.
