3528 5080
1124 123 1416 303 1 1 1
602 641 1596 754 (turning to Lucrezia)
356 719 1920 856 I will have one just like Flavia!
359 793 3036 944 Lucrezia, art thou remaining? The rest of us are leaving!
1575 990 1941 1134 Filipoo
352 1067 2061 1229 on stay, and she will go with you also.
1508 1261 1948 1448 Lucrezia
581 1310 1275 1508 (entreatingly)
1504 1420 2512 1610 No! Filippo, let me
352 1522 1863 1656 Remain with you! See what I do!
592 1620 3012 1765 (pours a few doops, from small battle into the wine
613 1737 930 1892 glass.
1497 1888 1870 2043 Filippo
1733 1969 2420 2131 A love notion?
331 2110 2850 2240 I did not think, so cheap a victory would please you!
1508 2265 1920 2395 Lucrezia
331 2360 3163 2469 Not at all! That would I have blyly, pounds into the class.
356 2452 2230 2589 This is quite a different kind of stuff.
1504 2621 1881 2779 Filippo
574 2698 1332 2846 (veryisonisly)
338 2818 1536 2969 And this, what is it for?
1497 3001 1916 3121 Lucrezia
331 3096 3015 3216 Let me but stay with thee taught, and in the early down,
338 3181 2420 3301 I’ll quaff it off, and when I drink to thee,
352 3276 2843 3396 Thou’llduickly see how true my heart eats for thee.
588 3364 3026 3477 (Filippo looks at her, reached out for the goblet as
599 3470 2941 3575 if to still its contents. At this moment a man's
602 3547 2089 3695 voice is heard from the garden)
1490 3709 1832 3871 Ercole
574 3780 1205 3963 (from garden)
328 3899 733 4072 Filippo!
1486 3991 1906 4118 Isabella
321 4068 2177 4262 Some one is calling you, dost not hear?
1469 4188 1888 4414 Filippo
560 4273 1106 4495 (listening)
317 4463 1846 4583 I hear! Hey, there! Who calls?
550 4533 2589 4692 (puts the glass on small table near window)
