3512 5128
193 643 2004 809 still warm. You breathe - you live.
206 760 2477 933 This was but a test to see if I still loved you?
1312 865 1909 999 We will fly,
180 865 1172 1002 Rise, Filippo, come!
193 946 1609 1071 Arise! We will fly together,
193 1022 2474 1201 Happiness shall yet be aura, and life, and love.
209 1172 2265 1270 The sun shall rise on us again. Came than,
193 1224 2428 1358 We will Hee, and live and live.– Filippe.
463 1292 2764 1459 (She omnds over him, and then appreciates thät he
437 1403 3045 1563 is dead, Leases with a fearful cry of onguish, pull the
457 1505 3074 1645 curtains of the alcove together, as that they completely
450 1603 2915 1805 over Filippo’s body, andaua rushes out sereaning as if
450 1720 904 1877 demented)
202 1785 463 1962 Live!
1371 2585 2383 2771 -: - CURTAIN - : -
