<?xml version="1.0" encoding="UTF-8" standalone="yes"?>
<PcGts xmlns="http://schema.primaresearch.org/PAGE/gts/pagecontent/2013-07-15" xmlns:xsi="http://www.w3.org/2001/XMLSchema-instance" xsi:schemaLocation="http://schema.primaresearch.org/PAGE/gts/pagecontent/2013-07-15 http://schema.primaresearch.org/PAGE/gts/pagecontent/2013-07-15/pagecontent.xsd">
    <Metadata>
        <Creator>prov=READ-COOP:name=TrHtr:version=2.1.0:model_id=51170:date=15_08_2023_08:06</Creator>
        <Created>2023-05-10T15:11:39.084+02:00</Created>
        <LastChange>2023-08-15T08:06:02.072+02:00</LastChange>
        <TranskribusMetadata docId="1428822" pageId="55431573" pageNr="14" tsid="132841917" status="IN_PROGRESS" userId="64420" imgUrl="https://files.transkribus.eu/Get?id=UJJQILGYDJWTOMTIYENKCEXB&amp;fileType=view" xmlUrl="https://files.transkribus.eu/Get?id=JIYDGYRNQMASIHUHWIATPQWT" imageId="44705610"/>
    </Metadata>
    <Page imageFilename="1428822_0014.jpg" imageWidth="3564" imageHeight="6016">
        <ReadingOrder>
            <OrderedGroup id="ro_1711803179968" caption="Regions reading order">
                <RegionRefIndexed index="0" regionRef="tr_2"/>
                <RegionRefIndexed index="1" regionRef="tr_1"/>
            </OrderedGroup>
        </ReadingOrder>
        <TextRegion id="tr_2" custom="readingOrder {index:0;}">
            <Coords points="593,775 2589,775 2589,2504 593,2504"/>
            <TextLine id="tr_2_tl_1" custom="readingOrder {index:0;}">
                <Coords points="1267,831 1351,884 1463,854 1541,876 1575,856 1667,884 1697,866 1799,881 1839,856 1911,856 1914,781 1695,769 1610,809 1379,764 1327,789 1269,781"/>
                <Baseline points="1282,825 1371,843 1460,843 1550,843 1639,849 1728,843 1817,837 1906,825 1918,825"/>
                <TextEquiv>
                    <Unicode>sibn never inew.</Unicode>
                </TextEquiv>
            </TextLine>
            <TextLine id="tr_2_tl_2" custom="readingOrder {index:1;}">
                <Coords points="657,1000 2071,1033 2576,998 2576,908 2394,963 2143,903 1384,951 657,911"/>
                <Baseline points="671,968 760,979 849,979 938,979 1027,979 1116,979 1205,979 1294,979 1383,979 1472,979 1561,979 1650,979 1740,979 1829,979 1918,979 2007,979 2096,979 2185,979 2274,979 2363,985 2452,985 2541,985 2583,973"/>
                <TextEquiv>
                    <Unicode>We were by this time close to the church; it lay before us at the</Unicode>
                </TextEquiv>
            </TextLine>
            <TextLine id="tr_2_tl_3" custom="readingOrder {index:2;}">
                <Coords points="580,1080 2576,1090 2573,1008 2412,996 1000,1030 577,973"/>
                <Baseline points="593,1051 623,1051 712,1051 801,1051 890,1051 979,1057 1068,1051 1158,1051 1247,1051 1336,1051 1425,1051 1514,1051 1603,1051 1692,1051 1781,1051 1870,1051 1959,1051 2048,1057 2137,1057 2227,1051 2316,1051 2405,1057 2494,1057 2583,1045"/>
                <TextEquiv>
                    <Unicode>distance of a few yards. Aard by was a lough, uneven path, by</Unicode>
                </TextEquiv>
            </TextLine>
            <TextLine id="tr_2_tl_4" custom="readingOrder {index:3;}">
                <Coords points="597,1147 2576,1147 2499,1073 597,1088"/>
                <Baseline points="611,1128 623,1122 712,1122 801,1128 890,1122 979,1128 1068,1122 1158,1122 1247,1122 1336,1128 1425,1122 1514,1122 1603,1128 1692,1128 1781,1122 1870,1128 1959,1128 2048,1128 2137,1128 2227,1128 2316,1122 2405,1128 2494,1128 2583,1122"/>
                <TextEquiv>
                    <Unicode>descending which the village could be reached in a few minutes.</Unicode>
                </TextEquiv>
            </TextLine>
            <TextLine id="tr_2_tl_5" custom="readingOrder {index:4;}">
                <Coords points="597,1219 1857,1227 1834,1147 1585,1180 1451,1147 1334,1175 1272,1132 1197,1172 597,1145"/>
                <Baseline points="611,1205 617,1199 706,1199 795,1193 884,1199 973,1193 1063,1199 1152,1199 1241,1193 1330,1193 1419,1199 1508,1199 1597,1199 1686,1199 1775,1199 1864,1199"/>
                <TextEquiv>
                    <Unicode>I started down it hastily, and she followed.</Unicode>
                </TextEquiv>
            </TextLine>
            <TextLine id="tr_2_tl_6" custom="readingOrder {index:5;}">
                <Coords points="664,1262 759,1307 2185,1279 2185,1224 1979,1200 1814,1244 664,1227"/>
                <Baseline points="677,1247 766,1270 855,1270 944,1270 1033,1270 1122,1264 1211,1264 1300,1270 1389,1270 1478,1270 1567,1270 1656,1264 1746,1264 1835,1264 1924,1270 2013,1270 2102,1270 2191,1259 2197,1253"/>
                <TextEquiv>
                    <Unicode>"Let me take your hand," she said, "or I shall slip.'</Unicode>
                </TextEquiv>
            </TextLine>
            <TextLine id="tr_2_tl_7" custom="readingOrder {index:6;}">
                <Coords points="664,1356 1931,1389 1931,1307 1824,1287 1685,1317 664,1289"/>
                <Baseline points="677,1342 766,1342 855,1342 944,1342 1033,1342 1122,1342 1211,1336 1300,1336 1389,1342 1478,1342 1567,1342 1656,1348 1746,1348 1835,1342 1924,1348 1936,1342"/>
                <TextEquiv>
                    <Unicode>I held out my hand without looking at her,</Unicode>
                </TextEquiv>
            </TextLine>
            <TextLine id="tr_2_tl_8" custom="readingOrder {index:7;}">
                <Coords points="669,1409 809,1456 1339,1416 1550,1443 1662,1434 1662,1369 1461,1389 1371,1359 1210,1389 1175,1361 1035,1386 973,1359 941,1389 667,1356"/>
                <Baseline points="682,1401 772,1413 861,1413 950,1413 1039,1413 1128,1413 1217,1407 1306,1401 1395,1413 1484,1413 1573,1413 1662,1419 1668,1419"/>
                <TextEquiv>
                    <Unicode>"What's the matter?" she asked.</Unicode>
                </TextEquiv>
            </TextLine>
            <TextLine id="tr_2_tl_9" custom="readingOrder {index:8;}">
                <Coords points="664,1516 2571,1518 2571,1436 2499,1431 664,1431"/>
                <Baseline points="677,1490 706,1484 795,1484 884,1484 973,1484 1063,1484 1152,1490 1241,1484 1330,1484 1419,1490 1508,1484 1597,1484 1686,1490 1775,1484 1864,1490 1953,1484 2042,1490 2132,1490 2221,1484 2310,1490 2399,1490 2488,1490 2577,1484"/>
                <TextEquiv>
                    <Unicode>I couldn't speak, but I pressed her hand with a passion that</Unicode>
                </TextEquiv>
            </TextLine>
            <TextLine id="tr_2_tl_10" custom="readingOrder {index:9;}">
                <Coords points="597,1570 776,1575 804,1595 839,1568 963,1595 1107,1570 1237,1598 1299,1583 1299,1503 1010,1531 829,1503 762,1528 597,1506"/>
                <Baseline points="611,1561 700,1555 789,1561 878,1555 968,1561 1057,1555 1146,1555 1235,1561 1306,1567"/>
                <TextEquiv>
                    <Unicode>seemed to reassure her.</Unicode>
                </TextEquiv>
            </TextLine>
            <TextLine id="tr_2_tl_11" custom="readingOrder {index:10;}">
                <Coords points="657,1667 2272,1682 2571,1645 2571,1568 657,1575"/>
                <Baseline points="671,1633 706,1633 795,1633 884,1633 973,1633 1063,1627 1152,1627 1241,1633 1330,1633 1419,1633 1508,1633 1597,1633 1686,1633 1775,1633 1864,1633 1953,1633 2042,1633 2132,1633 2221,1633 2310,1633 2399,1633 2488,1633 2577,1627"/>
                <TextEquiv>
                    <Unicode>And then for the sake of saying something I remembered that it</Unicode>
                </TextEquiv>
            </TextLine>
            <TextLine id="tr_2_tl_12" custom="readingOrder {index:11;}">
                <Coords points="597,1727 1672,1742 1814,1717 1814,1650 597,1653"/>
                <Baseline points="611,1704 700,1704 789,1704 878,1698 968,1704 1057,1704 1146,1698 1235,1698 1324,1704 1413,1704 1502,1704 1591,1704 1680,1704 1769,1704 1817,1704"/>
                <TextEquiv>
                    <Unicode>was a city we hadn’t visited the church.</Unicode>
                </TextEquiv>
            </TextLine>
            <TextLine id="tr_2_tl_13" custom="readingOrder {index:12;}">
                <Coords points="674,1792 2516,1809 2501,1720 674,1717"/>
                <Baseline points="688,1775 742,1775 831,1775 920,1775 1009,1775 1098,1763 1187,1769 1276,1775 1365,1775 1455,1775 1544,1775 1633,1775 1722,1775 1811,1781 1900,1775 1989,1769 2078,1769 2167,1775 2256,1775 2345,1775 2434,1775 2523,1763"/>
                <TextEquiv>
                    <Unicode>She laughed. "We have passed it long ago without nothing it."</Unicode>
                </TextEquiv>
            </TextLine>
            <TextLine id="tr_2_tl_14" custom="readingOrder {index:13;}">
                <Coords points="664,1844 928,1881 1822,1867 1822,1792 1177,1819 1107,1789 926,1822 664,1792"/>
                <Baseline points="677,1829 766,1841 855,1846 944,1846 1033,1846 1122,1846 1211,1846 1300,1846 1389,1846 1478,1841 1567,1835 1656,1846 1746,1846 1829,1852"/>
                <TextEquiv>
                    <Unicode>“Would you like to go back?” I asked.</Unicode>
                </TextEquiv>
            </TextLine>
            <TextLine id="tr_2_tl_15" custom="readingOrder {index:14;}">
                <Coords points="669,1914 2571,1949 2571,1849 669,1869"/>
                <Baseline points="682,1900 772,1918 861,1918 950,1918 1039,1918 1128,1918 1217,1918 1306,1918 1395,1918 1484,1918 1573,1918 1662,1918 1751,1918 1841,1918 1930,1918 2019,1918 2108,1918 2197,1918 2286,1918 2375,1918 2464,1918 2553,1918 2577,1918"/>
                <TextEquiv>
                    <Unicode>"Oh, no. I want to be sitting in the boat again. One day I</Unicode>
                </TextEquiv>
            </TextLine>
            <TextLine id="tr_2_tl_16" custom="readingOrder {index:15;}">
                <Coords points="597,2021 2576,2008 2536,1941 597,1929"/>
                <Baseline points="611,1989 700,1995 789,1989 878,1989 968,1989 1057,1995 1146,1989 1235,1989 1324,1995 1413,1995 1502,1995 1591,1995 1680,1995 1769,1995 1858,1995 1947,1995 2037,1989 2126,1989 2215,1989 2304,1989 2393,1989 2482,1995 2571,1995 2583,1989"/>
                <TextEquiv>
                    <Unicode>should like to take a said like this with you alone; I mean without</Unicode>
                </TextEquiv>
            </TextLine>
            <TextLine id="tr_2_tl_17" custom="readingOrder {index:16;}">
                <Coords points="597,2071 664,2086 714,2068 742,2088 794,2078 821,2096 841,2078 908,2073 911,2013 846,2008 801,2033 781,2013 762,2026 737,2008 697,2031 669,2013 627,2021 600,2011"/>
                <Baseline points="611,2060 647,2066 736,2066 825,2066 914,2054"/>
                <TextEquiv>
                    <Unicode>the man."</Unicode>
                </TextEquiv>
            </TextLine>
            <TextLine id="tr_2_tl_18" custom="readingOrder {index:17;}">
                <Coords points="664,2128 1839,2173 2056,2138 2056,2061 1727,2101 1628,2058 1568,2093 664,2078"/>
                <Baseline points="677,2120 724,2132 813,2137 902,2132 991,2132 1080,2132 1169,2132 1259,2137 1348,2132 1437,2137 1526,2137 1615,2137 1704,2137 1793,2137 1882,2137 1971,2132 2060,2114"/>
                <TextEquiv>
                    <Unicode>"I don’t understand theUmanipulation of saifs.</Unicode>
                </TextEquiv>
            </TextLine>
            <TextLine id="tr_2_tl_19" custom="readingOrder {index:18;}">
                <Coords points="672,2220 2586,2227 2583,2145 669,2163"/>
                <Baseline points="682,2191 772,2203 861,2197 950,2203 1039,2209 1128,2203 1217,2209 1306,2209 1395,2209 1484,2203 1573,2209 1662,2203 1751,2209 1841,2209 1930,2209 2019,2209 2108,2209 2197,2209 2286,2209 2375,2209 2464,2209 2553,2209 2589,2209"/>
                <TextEquiv>
                    <Unicode>"Oh!” she began, and stopped as if something had occurred to</Unicode>
                </TextEquiv>
            </TextLine>
            <TextLine id="tr_2_tl_20" custom="readingOrder {index:19;}">
                <Coords points="595,2300 2573,2300 2571,2235 2441,2225 592,2217"/>
                <Baseline points="605,2280 617,2280 706,2280 795,2280 884,2274 973,2274 1063,2280 1152,2274 1241,2280 1330,2280 1419,2280 1508,2280 1597,2274 1686,2274 1775,2280 1864,2280 1953,2280 2042,2280 2132,2280 2221,2280 2310,2280 2399,2286 2488,2280 2577,2274"/>
                <TextEquiv>
                    <Unicode>her suddenly that she could not mention. I asked no questions.</Unicode>
                </TextEquiv>
            </TextLine>
            <TextLine id="tr_2_tl_21" custom="readingOrder {index:20;}">
                <Coords points="592,2369 2583,2362 2514,2302 592,2300"/>
                <Baseline points="605,2345 694,2345 783,2345 873,2345 962,2351 1051,2345 1140,2351 1229,2345 1318,2345 1407,2351 1496,2345 1585,2345 1674,2345 1763,2351 1852,2345 1941,2351 2031,2345 2120,2351 2209,2351 2298,2351 2387,2357 2476,2351 2565,2351 2589,2351"/>
                <TextEquiv>
                    <Unicode>Boon we came to the jetty. The boat was ready to set said. The</Unicode>
                </TextEquiv>
            </TextLine>
            <TextLine id="tr_2_tl_22" custom="readingOrder {index:21;}">
                <Coords points="592,2434 2583,2444 2504,2369 592,2369"/>
                <Baseline points="605,2423 694,2423 783,2423 873,2423 962,2423 1051,2423 1140,2417 1229,2423 1318,2417 1407,2423 1496,2423 1585,2417 1674,2423 1763,2423 1852,2423 1941,2423 2031,2417 2120,2423 2209,2423 2298,2423 2387,2423 2476,2423 2565,2423 2589,2423"/>
                <TextEquiv>
                    <Unicode>ofhildreu had collected again to see us off. They stand at us with</Unicode>
                </TextEquiv>
            </TextLine>
            <TextLine id="tr_2_tl_23" custom="readingOrder {index:22;}">
                <Coords points="610,2531 2576,2516 2576,2454 2454,2446 610,2441"/>
                <Baseline points="623,2494 712,2488 801,2494 890,2494 979,2494 1068,2488 1158,2488 1247,2488 1336,2488 1425,2488 1514,2494 1603,2494 1692,2494 1781,2494 1870,2494 1959,2494 2048,2488 2137,2494 2227,2494 2316,2494 2405,2494 2494,2494 2583,2488"/>
                <TextEquiv>
                    <Unicode>wide-open, blue eyes. We sailed away. The een had become</Unicode>
                </TextEquiv>
            </TextLine>
        </TextRegion>
        <TextRegion id="tr_1" custom="readingOrder {index:1;}">
            <Coords points="593,2509 2601,2509 2601,4315 593,4315"/>
            <TextLine id="tr_1_tl_1" custom="readingOrder {index:0;}">
                <Coords points="592,2593 2556,2603 2588,2529 592,2536"/>
                <Baseline points="605,2565 635,2559 724,2565 813,2565 902,2565 991,2565 1080,2565 1169,2559 1259,2565 1348,2559 1437,2565 1526,2565 1615,2565 1704,2565 1793,2565 1882,2571 1971,2571 2060,2571 2149,2571 2238,2571 2328,2571 2417,2571 2506,2571 2595,2559"/>
                <TextEquiv>
                    <Unicode>calmer, and when you closed your eyes it was difficult to believe</Unicode>
                </TextEquiv>
            </TextLine>
            <TextLine id="tr_1_tl_2" custom="readingOrder {index:1;}">
                <Coords points="602,2660 732,2646 839,2680 916,2646 1095,2680 1157,2648 1573,2655 1555,2591 1247,2586 1045,2621 988,2593 602,2588"/>
                <Baseline points="617,2636 706,2636 795,2636 884,2636 973,2636 1063,2636 1152,2636 1241,2636 1330,2636 1419,2636 1508,2642 1579,2636"/>
                <TextEquiv>
                    <Unicode>that there was any motion at all.</Unicode>
                </TextEquiv>
            </TextLine>
            <TextLine id="tr_1_tl_3" custom="readingOrder {index:2;}">
                <Coords points="657,2703 2576,2753 2576,2655 657,2665"/>
                <Baseline points="671,2696 760,2708 849,2708 938,2708 1027,2708 1116,2708 1205,2708 1294,2708 1383,2708 1472,2708 1561,2708 1650,2714 1740,2708 1829,2708 1918,2708 2007,2708 2096,2708 2185,2714 2274,2714 2363,2714 2452,2714 2541,2714 2583,2708"/>
                <TextEquiv>
                    <Unicode>“Lie at my feet,” said Friederika, and Iötched myself on the</Unicode>
                </TextEquiv>
            </TextLine>
            <TextLine id="tr_1_tl_4" custom="readingOrder {index:3;}">
                <Coords points="602,2792 2571,2820 2516,2730 602,2725"/>
                <Baseline points="617,2779 706,2773 795,2779 884,2779 973,2779 1063,2779 1152,2779 1241,2779 1330,2779 1419,2779 1508,2785 1597,2779 1686,2779 1775,2779 1864,2785 1953,2779 2042,2779 2132,2779 2221,2779 2310,2785 2399,2785 2488,2785 2577,2791 2583,2785"/>
                <TextEquiv>
                    <Unicode>floor of the boat,ebsting my head on her lap. I preferred a position</Unicode>
                </TextEquiv>
            </TextLine>
            <TextLine id="tr_1_tl_5" custom="readingOrder {index:4;}">
                <Coords points="602,2879 2583,2892 2526,2810 602,2792"/>
                <Baseline points="617,2856 706,2850 795,2850 884,2850 973,2850 1063,2850 1152,2850 1241,2850 1330,2850 1419,2850 1508,2850 1597,2850 1686,2850 1775,2850 1864,2850 1953,2850 2042,2856 2132,2856 2221,2856 2310,2856 2399,2856 2488,2856 2577,2856 2589,2856"/>
                <TextEquiv>
                    <Unicode>in which I need not look her in the face. She14lked, and her voice</Unicode>
                </TextEquiv>
            </TextLine>
            <TextLine id="tr_1_tl_6" custom="readingOrder {index:5;}">
                <Coords points="602,2937 2571,2977 2516,2884 602,2892"/>
                <Baseline points="617,2921 706,2921 795,2921 884,2921 973,2921 1063,2921 1152,2921 1241,2927 1330,2927 1419,2927 1508,2927 1597,2927 1686,2921 1775,2921 1864,2927 1953,2927 2042,2927 2132,2927 2221,2927 2310,2927 2399,2927 2488,2933 2577,2927"/>
                <TextEquiv>
                    <Unicode>sounded far off. I understood now everything, and could pursue my</Unicode>
                </TextEquiv>
            </TextLine>
            <TextLine id="tr_1_tl_7" custom="readingOrder {index:6;}">
                <Coords points="592,3001 709,3029 791,3016 844,3029 869,3011 981,3029 1100,3009 1100,2959 1020,2947 958,2967 881,2942 814,2944 791,2962 687,2942 590,2954"/>
                <Baseline points="605,2993 694,2993 783,2993 873,2993 962,2993 1051,2999 1104,2999"/>
                <TextEquiv>
                    <Unicode>tain of thought.</Unicode>
                </TextEquiv>
            </TextLine>
            <TextLine id="tr_1_tl_8" custom="readingOrder {index:7;}">
                <Coords points="669,3094 1740,3089 1712,3014 1588,3041 1421,3011 1322,3039 1182,3009 961,3041 669,3021"/>
                <Baseline points="682,3070 772,3070 861,3064 950,3070 1039,3064 1128,3070 1217,3064 1306,3064 1395,3070 1484,3070 1573,3070 1662,3070 1746,3076"/>
                <TextEquiv>
                    <Unicode>I was afraid of her, and I thembled.</Unicode>
                </TextEquiv>
            </TextLine>
            <TextLine id="tr_1_tl_9" custom="readingOrder {index:8;}">
                <Coords points="669,3146 2576,3163 2576,3084 2247,3066 669,3096"/>
                <Baseline points="682,3129 772,3135 861,3135 950,3135 1039,3141 1128,3141 1217,3141 1306,3141 1395,3141 1484,3141 1573,3141 1662,3147 1751,3141 1841,3147 1930,3141 2019,3141 2108,3141 2197,3135 2286,3147 2375,3147 2464,3147 2553,3147 2583,3153"/>
                <TextEquiv>
                    <Unicode>"Shall we come out in a boat again this evening?" she asked.</Unicode>
                </TextEquiv>
            </TextLine>
            <TextLine id="tr_1_tl_10" custom="readingOrder {index:9;}">
                <Coords points="602,3240 2573,3255 2551,3161 1369,3196 602,3138"/>
                <Baseline points="617,3212 706,3212 795,3212 884,3212 973,3212 1063,3212 1152,3212 1241,3212 1330,3212 1419,3218 1508,3212 1597,3212 1686,3212 1775,3212 1864,3218 1953,3218 2042,3218 2132,3212 2221,3218 2310,3224 2399,3212 2488,3218 2577,3218"/>
                <TextEquiv>
                    <Unicode>There seemed something almost weird about her now. "This</Unicode>
                </TextEquiv>
            </TextLine>
            <TextLine id="tr_1_tl_11" custom="readingOrder {index:10;}">
                <Coords points="597,3303 2150,3305 2110,3233 597,3225"/>
                <Baseline points="611,3284 641,3284 730,3290 819,3284 908,3284 997,3284 1086,3284 1175,3284 1264,3290 1354,3284 1443,3290 1532,3284 1621,3284 1710,3284 1799,3284 1888,3290 1977,3290 2066,3284 2155,3266"/>
                <TextEquiv>
                    <Unicode>evening in a rowing boat. You can row, I suppose?”</Unicode>
                </TextEquiv>
            </TextLine>
            <TextLine id="tr_1_tl_12" custom="readingOrder {index:11;}">
                <Coords points="657,3375 2583,3390 2583,3327 2317,3300 657,3318"/>
                <Baseline points="671,3337 760,3349 849,3355 938,3355 1027,3355 1116,3355 1205,3355 1294,3355 1383,3355 1472,3355 1561,3361 1650,3361 1740,3361 1829,3361 1918,3361 2007,3361 2096,3361 2185,3361 2274,3361 2363,3367 2452,3367 2541,3367 2589,3361"/>
                <TextEquiv>
                    <Unicode>"Yes,” I said. I shivered when I thought of the great, unex-</Unicode>
                </TextEquiv>
            </TextLine>
            <TextLine id="tr_1_tl_13" custom="readingOrder {index:12;}">
                <Coords points="597,3449 2576,3454 2576,3407 2302,3377 597,3407"/>
                <Baseline points="611,3432 700,3426 789,3426 878,3426 968,3426 1057,3432 1146,3426 1235,3432 1324,3432 1413,3432 1502,3432 1591,3432 1680,3432 1769,3432 1858,3432 1947,3432 2037,3432 2126,3438 2215,3432 2304,3438 2393,3438 2482,3444 2571,3438 2583,3432"/>
                <TextEquiv>
                    <Unicode>ampled act of Iorgiveness which sitently en Ioped her without her</Unicode>
                </TextEquiv>
            </TextLine>
            <TextLine id="tr_1_tl_14" custom="readingOrder {index:13;}">
                <Coords points="597,3537 630,3544 672,3517 767,3541 1030,3522 1105,3544 1145,3512 1222,3532 1222,3457 1202,3454 1063,3482 993,3452 724,3472 684,3447 645,3467 597,3449"/>
                <Baseline points="611,3497 700,3497 789,3497 878,3497 968,3497 1057,3497 1146,3503 1229,3503"/>
                <TextEquiv>
                    <Unicode>being conscious of it.</Unicode>
                </TextEquiv>
            </TextLine>
            <TextLine id="tr_1_tl_15" custom="readingOrder {index:14;}">
                <Coords points="645,3579 2419,3619 2571,3599 2571,3529 642,3527"/>
                <Baseline points="659,3569 748,3569 837,3569 926,3569 1015,3575 1104,3563 1193,3563 1282,3569 1371,3575 1460,3575 1550,3575 1639,3575 1728,3581 1817,3575 1906,3581 1995,3581 2084,3581 2173,3581 2262,3587 2351,3581 2440,3587 2529,3587 2577,3581"/>
                <TextEquiv>
                    <Unicode>She went on. "We will row ourselves out to sea, and we shall</Unicode>
                </TextEquiv>
            </TextLine>
            <TextLine id="tr_1_tl_16" custom="readingOrder {index:15;}">
                <Coords points="592,3661 794,3676 891,3641 1272,3688 1628,3653 1628,3594 1354,3629 1130,3586 1020,3614 592,3576"/>
                <Baseline points="605,3646 653,3646 742,3646 831,3640 920,3640 1009,3640 1098,3646 1187,3646 1276,3646 1365,3646 1455,3652 1544,3646 1633,3634"/>
                <TextEquiv>
                    <Unicode>be alone. Why don’t you speak?"</Unicode>
                </TextEquiv>
            </TextLine>
            <TextLine id="tr_1_tl_17" custom="readingOrder {index:16;}">
                <Coords points="664,3723 2571,3756 2514,3668 664,3663"/>
                <Baseline points="677,3699 766,3711 855,3717 944,3711 1033,3717 1122,3717 1211,3711 1300,3711 1389,3723 1478,3723 1567,3723 1656,3723 1746,3729 1835,3723 1924,3723 2013,3723 2102,3723 2191,3729 2280,3729 2369,3729 2458,3729 2547,3729 2577,3723"/>
                <TextEquiv>
                    <Unicode>"I am too happy,” I said. I shuddered at theulb destiny</Unicode>
                </TextEquiv>
            </TextLine>
            <TextLine id="tr_1_tl_18" custom="readingOrder {index:17;}">
                <Coords points="592,3810 2494,3845 2576,3770 590,3753"/>
                <Baseline points="605,3777 694,3788 783,3788 873,3788 962,3788 1051,3788 1140,3794 1229,3788 1318,3794 1407,3794 1496,3794 1585,3794 1674,3794 1763,3800 1852,3800 1941,3800 2031,3800 2120,3800 2209,3800 2298,3806 2387,3806 2476,3806 2565,3800 2583,3800"/>
                <TextEquiv>
                    <Unicode>which had been hers for so many years, though she had had no</Unicode>
                </TextEquiv>
            </TextLine>
            <TextLine id="tr_1_tl_19" custom="readingOrder {index:18;}">
                <Coords points="597,3885 650,3895 672,3880 707,3890 762,3877 789,3892 886,3875 906,3890 1033,3897 1033,3823 1000,3813 926,3813 879,3838 794,3808 772,3830 747,3810 647,3828 597,3808"/>
                <Baseline points="611,3866 682,3854 772,3860 861,3860 950,3860 1039,3860"/>
                <TextEquiv>
                    <Unicode>suspicion of it.</Unicode>
                </TextEquiv>
            </TextLine>
            <TextLine id="tr_1_tl_20" custom="readingOrder {index:19;}">
                <Coords points="657,3940 2576,3982 2576,3885 2322,3868 657,3892"/>
                <Baseline points="671,3925 760,3931 849,3931 938,3931 1027,3937 1116,3931 1205,3937 1294,3937 1383,3937 1472,3937 1561,3937 1650,3937 1740,3943 1829,3943 1918,3943 2007,3943 2096,3943 2185,3943 2274,3943 2363,3943 2452,3943 2541,3949 2583,3943"/>
                <TextEquiv>
                    <Unicode>We glided on. For a second it shot through my brain. Why</Unicode>
                </TextEquiv>
            </TextLine>
            <TextLine id="tr_1_tl_21" custom="readingOrder {index:20;}">
                <Coords points="597,4049 2573,4057 2598,3977 595,3960"/>
                <Baseline points="611,4008 700,4002 789,4002 878,4008 968,4002 1057,4008 1146,4008 1235,4008 1324,4008 1413,4008 1502,4014 1591,4008 1680,4008 1769,4014 1858,4014 1947,4014 2037,4014 2126,4014 2215,4014 2304,4014 2393,4020 2482,4020 2571,4020 2601,4020"/>
                <TextEquiv>
                    <Unicode>not tell her? take from her this secret mystery, and she will be a</Unicode>
                </TextEquiv>
            </TextLine>
            <TextLine id="tr_1_tl_22" custom="readingOrder {index:21;}">
                <Coords points="592,4099 2576,4131 2536,4029 592,4044"/>
                <Baseline points="605,4074 694,4079 783,4079 873,4079 962,4079 1051,4079 1140,4079 1229,4079 1318,4079 1407,4085 1496,4079 1585,4079 1674,4085 1763,4085 1852,4085 1941,4085 2031,4085 2120,4085 2209,4091 2298,4091 2387,4091 2476,4091 2565,4091 2583,4091"/>
                <TextEquiv>
                    <Unicode> Coman to be desired once more. But I dared not. We unchored.</Unicode>
                </TextEquiv>
            </TextLine>
            <TextLine id="tr_1_tl_23" custom="readingOrder {index:22;}">
                <Coords points="592,4171 2041,4181 2026,4106 592,4099"/>
                <Baseline points="605,4151 694,4151 783,4151 873,4151 962,4151 1051,4151 1140,4151 1229,4151 1318,4151 1407,4157 1496,4157 1585,4157 1674,4157 1763,4157 1852,4157 1941,4163 2031,4163 2048,4157"/>
                <TextEquiv>
                    <Unicode>I jumped out of the boat, and helped her to land.</Unicode>
                </TextEquiv>
            </TextLine>
            <TextLine id="tr_1_tl_24" custom="readingOrder {index:23;}">
                <Coords points="657,4216 2596,4248 2596,4194 2315,4171 657,4186"/>
                <Baseline points="671,4204 760,4216 849,4222 938,4222 1027,4222 1116,4222 1205,4228 1294,4222 1383,4228 1472,4222 1561,4228 1650,4228 1740,4228 1829,4234 1918,4234 2007,4234 2096,4240 2185,4234 2274,4228 2363,4240 2452,4246 2541,4246 2601,4240"/>
                <TextEquiv>
                    <Unicode>"The boy will be wondering where I am," she said. “I must</Unicode>
                </TextEquiv>
            </TextLine>
            <TextLine id="tr_1_tl_25" custom="readingOrder {index:24;}">
                <Coords points="580,4311 772,4345 884,4308 943,4335 1120,4303 1262,4340 1710,4323 1710,4261 1648,4248 580,4263"/>
                <Baseline points="593,4293 647,4293 736,4293 825,4299 914,4299 1003,4299 1092,4299 1181,4299 1270,4299 1359,4299 1449,4299 1538,4305 1627,4305 1716,4287"/>
                <TextEquiv>
                    <Unicode>make haste, so I will hurry on alone.</Unicode>
                </TextEquiv>
            </TextLine>
        </TextRegion>
    </Page>
</PcGts>
