3544 5224
2816 562 3008 712 27.
105 634 1821 847 Dundall other dreams vanighed, when I woke,
213 814 1460 932 But this one still I see--
1157 908 1524 1103 Filippo
1833 989 2332 1178 What kind
219 1091 1106 1313 Of a dream was it?
1148 1271 1563 1430 Beatrice
877 1364 2311 1575 only think; I was the Duchess!
1172 1551 1527 1737 Filippo
219 1650 397 1839 On!
469 1722 1980 1932 Comes down steps and join her.)
1163 1929 1590 2061 Beatrice
246 2007 1578 2215 What is the matter with you?
1181 2176 1536 2347 Filippo
947 2263 2515 2467 Beatrice! – –Çome relate it to me.
1175 2443 1596 2617 „Bestrice
264 2590 1689 2711 I was the Duchess. On a throne
255 2680 1292 2804 In a great hall I sat,
267 2738 2194 2879 The Duke was near me, and crowds of men –
273 2849 2076 2990 There were a hundred or a thousand men
285 2945 2248 3083 saamen and children who were there besides,
279 3029 1833 3167 whom I daily meet in our streets.
288 3104 2308 3266 You also were there, and knelt before me low,
267 3239 2055 3339 As all the others. Yet I did not know,
285 3275 2599 3441 That you were Filippo;it was your semblance only
258 3408 1893 3549 That passed by,like the others, and
276 3453 2055 3606 Then vanished. You see, I still recall
288 3582 1415 3705 That I leaned thia hand,
532 3669 1650 3840 (Raises her left hand.)
1370 3693 2686 3861 upon the throne chair’s arm,
282 3858 2287 3979 Strokedtho soft satin with my finger tips,
279 3934 2275 4066 And laughed, just like a royal personage!
288 3991 2374 4174 A little proved, also good natured. Then music
291 4099 2371 4261 Sounded, beautiful and full like many organe!
300 4189 2714 4351 Yet knew I: there were no organ there—and sought
313 4306 1962 4447 With my eyes to see the misicicians
288 4384 2386 4520 But could not find them. Then rose the Duke,
313 4438 2590 4631 Took me by the hand, and led me through the room,
288 4565 1881 4775 By every one who bowed low to me.
