3736 5080
2125 362 3286 530 The Shepherd's Flute, 8.
740 743 3178 904 and, had Erasmus not hastened to her, she would have
746 926 2456 1078 lain ernshed below the next instant.
979 1069 3107 1214 "Un happy creature!" he explained, holding the
734 1248 3141 1409 trembling form in his arms: "what were you about to
734 1360 939 1543 do?"
970 1533 3125 1716 "End a life which is worth nothing more to me,
728 1701 2521 1818 now that I have lost your confidence."
954 1831 3262 2004 Erasmus’ laps touched his wife’s brow, as she lay
716 2007 3085 2159 seemingly unconscious in his arms, and he bleathed
725 2159 982 2286 deep.
939 2295 3113 2478 All at once delicious notes broke from the si¬
712 2469 3094 2614 lence of the valley, which lay in the grey morning
709 2630 3172 2744 light. Dionysia openod her eyes; she listened, and
697 2782 3175 2909 her feetures, which had just been relaxed in despair-
712 2927 3073 3063 ing weariness, again grew tense. Erasmus noticed
709 3091 3132 3252 this, and immediately released Dionysia from his em-
694 3215 3094 3376 brace. "Do you know what sound rose up to us just
688 3407 3048 3568 now?" he asked. "It is the music of a shepherd’s
694 3547 3054 3736 flute. And see, although you would notcoillingly
685 3711 3023 3872 admit it to yourself, although indeed you are not
675 3853 3101 4064 really conscious of it, you, who were just ready to
672 4061 3098 4225 go to your death, are curious to know on whose laps
650 4197 3138 4355 lies the flute from which come these notes. So now
