3563 5720
2077 449 2429 615 F.T.K.
1233 826 1841 970 sibue never ine.
531 970 2526 1092 and I called out "Good morning" to her. She looked up. “ Awake
543 1050 2253 1184 already,” she said. “Won’t you come down and join us?”
610 1134 2536 1236 The next minute I was sitting at her table. It was a perfect
556 1201 2533 1318 morning, uol and sunny. We chatted again on the same indifferent
553 1260 2533 1394 topics as last time, but all was different. Remembrance glowed
561 1360 1528 1466 one behind our commonplace words.
633 1409 2536 1533 We took a walk in the forest. Then she began to speak of herself
563 1519 1015 1623 and her home.
628 1519 2533 1665 Everything with us is just as it always was,” she said, “only
556 1643 2538 1739 the garden has improved. My husband devotes a great deal of time
563 1700 2541 1811 and trouble to it since the boy came. Next year we shall have a
563 1809 1000 1901 conservatory.”
653 1878 1117 1968 She chatted on :
645 1935 2556 2017 “We’ve had aötteatre for two years now in the town. Plays are
563 1997 2548 2119 acted all through the winter till Palm Sunday. I go twice, some-
578 2064 2541 2166 times three times, a week, generally with my mother. It's great
568 2161 734 2263 fun."
638 2213 2548 2315 "I go to thedenitre too," cried the little boy, whom Friederika
583 2308 1092 2409 led by the hand.
645 2317 2556 2451 "Of course, dear, you go too. On Sunday afternoons," she
578 2422 2558 2536 explained, turning to me, “they often give pieces for children, and
578 2511 2258 2615 I take the boy. But I enjoy it quite as much as he does.
633 2585 2561 2685 Then she made me tell her a great deal about myself. She ques¬
583 2657 2571 2762 tioned me little with regard to my profession and other serious
586 2722 2558 2824 things she was much more anxious to know how I spent my free
591 2791 2566 2901 time, and wanted to be informed on the subject of bachelor gaieties
578 2858 2558 2963 in the capital. The whole conversation flowed on merrily without
578 2935 2563 3025 a hitch; not a word hinted at anyIIutual memories, and yet they
596 3015 2573 3126 must have been lninterruptedly present with her as with me. We
598 3089 2566 3193 walked about for hours, and I felt almost happy. Ofter the little
591 3144 2578 3270 fællow was between us, and then our hands met in his curls. But
598 3226 2583 3325 we both pretended not to notice the contact, and unembkrrassed we
610 3332 908 3417 talked on.
675 3365 2573 3471 When I was alone again my good spirits completely deserted me.
603 3429 2578 3551 For once more I was conscious of my ignorance with regard to
603 3513 2588 3628 Friederika's aselings. It seemed inexplicable that this uncertainty
603 3593 2590 3687 had not tormented me during the whole of our conversation, and it
608 3660 2583 3779 seemed to me old that Friederika herself had not felt the necessity
610 3737 2598 3856 of alluding to it. Even ifI accept the fact that for years that last
613 3819 2588 3910 bour has not been mentioned between her and her husband, she
628 3861 2583 3997 herself cannot have forgotten it. Some serious consequence there
618 3958 2603 4062 must have been of my demb fairewell. How had she been able not
620 4052 1087 4154 to speak of it?
692 4099 2603 4208 Had she, maybe, expected that I would be the first to begin?
628 4178 2603 4280 What was it that had prevented me?” The same shvness perhaps
628 4243 2608 4342 that forbade her asking a question. Were we both afraid to touch
628 4320 2615 4422 on the subject? Quite possibly that might be it. And yet it must
625 4407 2603 4523 come to it, at last; till it does, something stands between us separat-
