3576 5128
2793 390 2957 551 18
1513 698 1828 825 Andrea
308 773 2957 907 Art in such haste to die, that your sere anguished heart
308 886 3060 1010 Nust throw itself upon aichidly lword, and seek oblivion!
291 975 3036 1133 Listen, I know a better method of atinement for. Some with
996 1085 1160 1222 me!
1455 1225 1817 1383 Filippo
558 1335 1058 1485 (surprised)
287 1448 794 1598 But where?
1458 1626 1780 1728 Andrea
308 1691 1958 1841 Into the midst of greatest dangers.
1455 1876 1821 2016 Filippo
322 1958 767 2119 With you?
1479 2040 1804 2184 Andrea
311 2163 1893 2283 Yes by my side, follow me closely!
301 2255 2782 2372 And if thou dost see the glitter of the morning star,
308 2355 1811 2502 Heaven has not decreed your end.
1458 2478 1814 2652 Filippo
322 2598 1995 2724 Shall I at last pay with false coin?
322 2697 2372 2813 It were not honorable to march out with you,
322 2793 2512 2913 Tousociate myself with you and your good men!
315 2889 1667 2998 Your life is a splendid gift.
301 2933 2854 3097 Like a desight golden blood poured into a noble beaker.
301 3063 2601 3183 Filled to the brim with a thousand possibility.
322 3166 2084 3272 Therein lies adventures, highest fame,
308 3258 2563 3368 The riches of youth, the happiness of the world,
315 3347 2625 3457 White immeasurably the ground drink up the blood
322 3422 1951 3539 Which recklesaly flows inChreams.
301 3529 1571 3635 To offer my weakness merely
315 3614 1954 3754 would be as shameful as traitorous.
1472 3778 1787 3912 Andrea
301 3874 2101 4011 subscribe to-day — strength to-morrow,
301 3984 2036 4097 Since your sacrifice is for eternity.
291 4083 2639 4196 And before you go, I will lead you to one at once,
308 4169 2519 4278 For whom to-morrow the convent doore will open,
301 4282 2146 4388 And then be closed on her for all time.
308 4340 2283 4470 Perhaps your repentance and your decision,
298 4439 2375 4545 light to her darkened soul will bring again,
315 4528 2519 4651 Then to bless you her pure hand she will raise,
301 4648 1982 4744 And then, absolved, to Isiah's gate
308 4703 2478 4874 With me — thou will'st go – to fearful days!
