3640 5816
392 601 633 756 11 1
1244 953 1880 1072 “SE NEVER KNEU.“
584 1087 2576 1204 and it came about that I had at last nearly completely forgotten the
601 1192 1529 1302 young wife of my late professor.
666 1232 2566 1357 And now it has all come back, with a lash, all that made of that
596 1319 2574 1431 incident an experience and it is all the more (motional than
594 1389 1696 1496 it was then because I love Friederika.
661 1506 2569 1641 To-day everything appears clear, and most clear that which
584 1586 2584 1708 during the last few days has presented problemo. We sat together
594 1671 2581 1773 on the beach late, we two by ourselves; the boy had been put to
618 1736 2579 1870 bed. I hadoraged her to come in the morning, and had spoken
623 1805 2584 1943 without any wicked intention of how beautiful the sea looked at
623 1878 2586 2012 night, and how wonderful it was when everything was at rest and
606 1953 2591 2082 still on the coast to gaze into darkness and silence. She had not
618 2030 2584 2150 responded, but I knew that she would come. And so we sat
623 2100 2594 2212 together on the beach, scarcely speaking, our hands looked in each
623 2162 2594 2289 other’s, and I felt that Friederika must belong to me if I so willed
618 2239 2598 2352 it. Why should we refer to the past, I thought, and I was sure that
621 2327 2586 2431 she-too, from our first meeting again, had felt the futility of such a
631 2379 2603 2516 proceeding. Are we still the same creatures as we were then? We
631 2456 2603 2596 are so light-desrtea, so free; memories Aoat far above us like distant
628 2541 2613 2638 summer birth. Perhaps she, like me, during these seven years has
643 2606 2603 2711 lived through varied experiences. What 'do I care? Now we are
643 2683 2608 2798 beings of to-day, and gravitate to each other. yesterday she may
643 2761 2618 2865 have been an unfortunate, perhaps even a wanton; to-day she fits
648 2818 2608 2928 silently besides me, looking out to sea. She hold my hand, and
641 2915 1354 3017 longs to lie in my arms.
708 2980 2623 3077 Slowly I lccompanied her the few steps back to her lodgings. The
661 3040 2032 3150 trees cast long, blackNazi's across the street.
726 3100 2524 3207 "To-morrow we will take a little trip in a sailing boat," I said.
711 3202 1354 3302 "Yes,” she answered.
721 3254 2272 3382 "I will wait for you on the bridge at seven o'clock.
733 3354 1416 3446 “ Where shall we go? ”
733 3396 2648 3506 To the island opposite... where the lighthouse is. Do you
671 3504 903 3603 see it?
743 3564 1840 3671 “Oh, yes. The red light. Is it far?"
743 3621 2653 3718 "It will take about an hour to get there. We can be back
673 3726 843 3815 early.
743 3756 1800 3890 "Goodnight,” she said, and went in.
733 3853 2646 3955 I walked on. “In a few days you will probably have forgotten
678 3918 2287 4040 me,” I thought, “but to-morrow will be aoglorious day.
751 3997 2651 4090 I was on the bridge before she came. The little boat was waiting.
696 4062 2668 4165 Old Jansen hadaread the sails, and sat in the stern speaking his
696 4125 2653 4247 pipe. I jumped in with him, and let myself owing on the waves.
691 4199 2651 4314 I drank in the moments of anticipation like a morning draught.
691 4284 2666 4377 The street on which I fixed my gaze was quite deserted. But
688 4342 2663 4459 Friederika appeared in about a quarter of an hour. I saw her
703 4439 2663 4544 coming in the distance. It seemed to me that she walked Uuicker
703 4519 2681 4616 than usual; when she set foot on the bridge I rose; and now for the
