3768 5128
1482 468 1858 678 Guidotti
774 564 1870 749 (As if he recollected,
513 642 3326 822 I will tell you, Magnani,what proposition you should make to
516 796 3352 903 the Duke. To-morrow early, as a proper ending to tnis Bedding
513 867 3470 985 he shall throw his young wife, whether she be a with or not, out
505 951 3363 1088 of the window down into the pit,where the leepards are kept.
1453 1058 1766 1213 Cosini
516 1110 2375 1313 What good would that do? They are time!
1453 1291 1836 1431 Guidotti
513 1342 3256 1593 Oh! nothing easier, than to make them mad! Just throw a few
516 1486 1811 1652 burning torches among them.
745 1597 2688 1822 ( unter Arlotti and Valori, two captains.)
1449 1781 1733 1910 Casinz
505 1796 2511 2043 Good evening Arlotti. Good evening,Valori.
752 1995 1434 2161 ( Salutations.
1457 2017 1807 2201 Arlotti
498 2131 1715 2342 Are we in the right hall?
1457 2279 1744 2493 cosin!
502 2338 741 2555 Yes.
1460 2526 1740 2651 Valori
505 2581 2349 2747 Tho has been bidden here beside us two?
1438 2769 1763 2884 Cosini
494 2854 1792 3013 Count Fantazzi and Ribaldi.
1449 3002 1807 3109 Arlotti
498 2994 3429 3274 Why are we bidden here, Cosini? Has something else been decided
494 3164 667 3337 on?
1438 3271 1748 3481 cosini
494 3363 1512 3573 How do you mean that?
1442 3525 1792 3654 Arlotti
494 3621 2006 3721 We, I think—(laughing) our Duk
505 3684 3452 3890 having the nood th celebrate his marria,that ha night deside
505 3798 1519 3946 to have a money-noon.
1460 3883 1715 4053 Valort
1567 3920 3440 4215 Is it all true, what one says in the city
479 3894 1423 4196 Tell us though, Cos###
468 4185 3433 4384 It depends on what is said in the city, what did they tell your
1645 4370 3418 4657 Et it. They talk of this colebration as
505 4381 1589 4591 I scareely dare to repe
494 4550 867 4705 If it we
