3624 5736
1636 573 1881 716 11 1
1316 1066 1998 1210 ’sHE NEVER““ KW.”
739 1217 2647 1324 The beach presented an animated scene, and I noticed that we
659 1316 1938 1403 were observed as we passed along it.
731 1386 2655 1475 "This evening, then,” she said, “at nine o'clock. I shall be here
659 1453 2251 1579 on the beach with you. Goodtye till we meet again."
751 1539 1348 1636 And she sped away.
739 1581 2650 1695 “Goodtye,” I murmured, and remained where I was, looking
667 1673 1904 1787 after her. “Goodtye till we meet again.”
744 1755 1723 1854 But I shall never meet her again.
731 1812 2657 1926 White I write these lines I am already on the wing further
679 1889 2655 2010 away from her every moment. I am writing in a exilway carriage
684 1956 2667 2075 of the train which an hour ago started from Coopenhagen. It is
684 2035 2655 2124 exiectly nine. She is now standing on the beach waiting for me.
684 2107 2665 2196 If I close my eyes I see her figure rise before me. But it is no
672 2194 2667 2293 longer a woman who paces there up and down in the twilight.
679 2258 1163 2372 It is a shadow.
1562 2295 2613 2456 Trans1ated by BEATRICE MARSHALL;
