3560 5208
1305 570 1547 709 Duke
1225 600 2600 815 Then tell me – who it was?
1313 859 2066 987 Filth Messenger
154 863 3086 1104 Sire, of those who stood upon Isaiah's walls, three have been
157 1086 852 1232 hot to death.
1331 1115 1550 1272 Duke
1064 1243 1718 1353 That is where,
157 1265 951 1397 Isaiah's wall? -
179 1320 2219 1473 Count Andrea was stationed with his troops.
219 1466 596 1612 'Tis he?
1342 1554 2095 1733 Fifth Messenger
790 1689 1927 1814 We saw him hours before
194 1799 1751 1945 In the same place standing erect.
179 1777 2709 2037 He was the first at whom they aimed, he quickly fell.
1364 2066 1590 2190 Duke
194 2139 2450 2296 You too, before me? (Pause) Princesco, go there
216 2234 2161 2398 To Isaiah’s gate, I confide it to you and
219 2285 2574 2490 The too early orphaned trop—you shall lead them!
216 2413 2618 2581 Zoday’s calamity meant more to you than all others.
464 2541 1232 2673 (Exit Princesco)
219 2618 2018 2775 But ye, to whom the city is entristed,
216 2695 2026 2856 Till others come, no longer I and you,
230 2793 1982 2947 I command you, at down, in the first
234 2877 2578 3031 Rays of the sum, which shall bid fairewell, to him
241 2980 1909 3137 place the body of this believed post
238 3071 1704 3210 In the tomb of the Bentivoglio.
1415 3130 2143 3272 The short time,
230 3174 1298 3327 And this one with him!
256 3272 2095 3404 That she fluttered in the light of day,
252 3353 2048 3492 Means nothing now—she died with him.
263 3400 2318 3587 He loved her, he died, because he lived her,
249 3536 1905 3696 So is she honored, above all women!
1422 3616 1733 3762 cosini
271 3700 1122 3887 The sun is rising!
1419 3766 1649 3916 Duke
1254 3865 2062 4018 The day has come.
263 3974 1726 4128 And in like splendor we go out,
267 4029 2614 4227 As a year ago we went forthwith the same splendor
274 4179 1612 4303 To longed for foreign lands,
274 4249 2000 4406 Surrounded by unght sunshine, as if
274 4347 2190 4486 The down itself fremed a stately gateway
271 4468 1612 4600 As an entrance to the world,
289 4556 1686 4709 Which received us so joyfully.
314 4607 2091 4771 As if rejoizing in its own greatness.
292 4717 1766 4914 Todayno long road la before us,
