3496 5080
1240 136 1441 287 1
2742 380 2910 541 12
1512 663 1821 788 Ercole
330 738 1419 874 The poor young fellow.
1448 771 2645 925 Already is he now forget!
1494 925 1856 1064 Filippo
337 1025 1896 1158 Then he gave her up – willingly?
1502 1201 1810 1319 Ercole
1261 1304 2638 1426 I thought I had already said
323 1408 2175 1559 He stabbed himself to death, for grief.
1505 1537 1910 1688 Isabella
1735 1649 2222 1803 Peor fool!
1494 1849 1813 1964 Ercole
337 1942 2276 2043 A greater one, than you can well believe!
337 2014 2881 2190 As the Duke offered him at once a rich, and noble lady
760 2122 1383 2272 for his wife.
1512 2276 1867 2423 Filippo
337 2387 2412 2544 And the bridge. Her blood turned not to ice?
1502 2562 1821 2709 Ereole
330 2630 2390 2802 She seems not to be made of such soft stuff.
1512 2831 1871 2964 Filippo
326 2921 2243 3053 And pray what did the lady when he died?
330 3035 1097 3147 Did she cry out?
330 3121 2315 3268 Did she appear most wretched of all women?
1512 3261 1821 3419 Ercole
319 3383 2448 3498 Naught has been said, or heard of such a cry.
330 3476 2448 3595 She wasduickly dressed in greatest splendor,
337 3569 2630 3666 For her wedding, with the Duke, who came for her
330 3663 2519 3767 In regal state, and half Bologna attended them
348 3752 2362 3870 To St. Peter's church, where with due form,
337 3842 2053 3996 The cardinal performed the obremony.
1502 3996 1914 4136 Isabella
337 4096 1290 4265 were you there also.
1494 4290 1813 4419 Ercole
1029 4372 2673 4541 Of course I was. And such a crowd
337 4480 2541 4594 Was in the church, and on the Square before it,
330 4594 3211 4720 And such excitement all about us it grow so great that heaven
