3528 5096
2429 134 2679 287 11 1
1440 677 1781 808 Ercole
527 763 942 900 (closes)
1430 849 2027 1006 I — Ercole!
517 932 1322 1085 (appears at door)
1449 1127 1832 1261 Filippo
530 1197 1402 1357 (greatly surprised)
278 1303 2551 1459 You! Where do you come from? What do you want?
1427 1481 1749 1612 Ereole
581 1583 1491 1714 (greeting the women)
281 1673 2305 1801 I find more here that I expected. Filippo
281 1765 2021 1896 Now I begin to understand you better.
1437 1928 1791 2059 Filippo
281 2043 2551 2161 I repeat, what brings you here? Why do you come
281 2139 1686 2270 at this time, and in this way?
1427 2311 1749 2426 Ercole
313 2378 2864 2500 Tis not all my fault, I chose this manner of my entry.
281 2512 1411 2592 I loudly Knocked at your
1433 2490 1970 2624 door first,
278 2592 1417 2736 But no one opened to me.
1424 2752 1801 2886 Filippo
1453 2829 2768 2956 True! I sent them all away!
281 2940 2848 3055 That this night each should spend, as pleased him best.
1433 3113 1740 3244 Ercole
287 3180 2343 3333 T duly! All in Bologna are doing that today.
265 3314 2528 3419 I then rapped on your widow, but no answer got.
278 3403 2656 3518 I hastened to the garden door, but found it closed!
281 3486 2688 3598 Then nothing else remained for me except to clamber
278 3582 2423 3735 Ö'er your wall. That did I, and so I am here!
1437 3754 1791 3882 Filippo
265 3857 2069 3959 Your errand must of vast importance be
278 3949 2398 4109 Or else would not pay you to risk your neck.
1437 4096 1753 4240 Ercole
964 4208 2461 4332 important! Yes! But not to you!
252 4307 1593 4415 I came to bring you nothing;
271 4367 2621 4524 These faireing ladies form the object of my visit.
1424 4530 1858 4690 Isabella
517 4680 980 4824 (laughing)
249 4760 2270 4897 What sort of man is this? Do you know us?
