3880 5160
1428 393 2407 608 -:- A C T I I - : -
514 616 1077 820 und'scene:
982 797 3435 975 A street in Bologna. Runa from the backing flat for-
990 960 3242 1092 ward from R. to L.L. a corner house,the same R.
990 1024 3352 1179 An imaginary street runs in front of these houses
990 1145 3390 1277 across the stage. In front of these houses are por-
990 1228 3219 1360 tiooes, and part of the action takes place under
971 1289 3306 1462 these arches. The houses havetwops with counter
975 1402 3424 1576 in front on which to Heapaly goods. The corner house
971 1508 3299 1636 R. near to the street crossing is the shop of old
971 1606 3514 1746 Nardi.ss to it,but nearer theolings,Capponi s shop,
971 1689 2566 1799 a dealer in apices and perfumes.
971 1765 3654 1927 In front of Nardi’s shop an "empty table. before Capponi's
975 1852 2853 2010 twoissables with small bottles, boxes etc.
967 1931 1394 2063 Twilight.
967 2033 3310 2180 Moderate movement of people in the street. From L.
971 2120 3359 2279 enter citizens talking, who disappear up the street,
964 2241 3352 2354 meeting in the back-ground soldiers here and there.
960 2301 2426 2452 They pass through the street R.
945 2422 3363 2539 From L. young women and men, following the soldiers.
941 2475 3420 2672 Mrs Nardi and Rosina appear for a moment in the door
952 2592 2271 2702 of their shop and then exit.
945 2679 3439 2815 Capponi stands before his shop and greets passers by.
952 2770 3182 2940 Eter from R. Claudia and Caterina, two women of
933 2845 1338 3004 Bologna.
1398 3008 1776 3155 Claudia
933 3095 2445 3310 This is the place. Good evening.
1402 3276 1753 3427 Capponi
442 3329 2161 3544 Cood evening ladies.Can I serve you?
1383 3575 1750 3703 Claudia
446 3594 2101 3779 I want a battle of your rose water.
1372 3790 1731 3975 Capponi
453 3941 3424 4089 What kind of rose water? I have twenty five or thirty different
431 4036 3465 4179 kinds. The ordinary Padua rose water,the Neapolitan,the Cyprian
1368 4194 1753 4380 Claudia
673 4251 1372 4414 (Impatiently.)
416 4319 3133 4561 I don’t know what it’s called. I bought some last winter.
427 4504 2792 4659 A different person sold it then. Ainen-somme youth.
1364 4648 1716 4852 Capponi
374 4705 1466 4882 Bennozzo,my son!Oh! G
