3688 5112
1639 142 1882 288 G. J.
1392 557 2031 737 First Citizen;
449 670 2660 842 In two places at once! That s quite impossible!
707 797 2537 958 (He laughs, and others laugh with him.)
1388 943 2039 1104 Second Maiden
449 1066 2619 1231 No,don’t laugh, it’s true,my mother told me so!
1384 1178 1990 1369 Firstdaiden
434 1343 1781 1482 And Fatherliarco told it me!
1373 1478 1710 1631 Rosina
778 1586 1362 1717 To Bennozzo)
445 1669 1979 1837 Well if that all you've seen--
1377 1886 1807 2002 Bennozzo
445 1945 2574 2076 And all about the walls, quite near, no further
468 2065 1699 2159 Than we stroll at eventide
464 2129 2559 2263 There lie they by the thousand on the ground,
449 2248 2335 2346 And more draw near on field and hilltop,
449 2320 2570 2447 And it seems as if each had a place assigned;
456 2436 2709 2555 So each host is ranged in order and all is quiet
445 2514 2237 2608 No noise reached us. What is all this?
3176 176 3491 352 März
3143 524 3318 655 10.
445 2593 2443 2697 They are alive as we are, and are so near--
468 2697 2151 2840 What is it that they all are silent,
449 2780 1691 2944 And tneir steps noiseless?
707 2937 2050 3109 ( Astronishment. Whisporings.)
1388 3083 2046 3311 First Citizen
692 3206 1347 3363 (Explaining.
445 3296 3322 3438 The reason is that they are much further away than you think.
445 3438 3348 3535 The kwilight deceives your eyes. Curious image in the air are
445 3509 3352 3625 told of,and there are evenings where one sees things which are
449 3610 3457 3719 thousands of miles away. Who knows,but that the whole army,which
445 3696 3322 3816 Bennazzo thinks he saw, is not resting in the fields which are
438 3779 1923 3943 nearer to Rome than to Bologna.
1395 3902 2020 4089 Third Citizen
434 4052 3360 4205 What do you mean by that? Images in the air? That would indeed
427 4153 1077 4287 be wonderful!
1366 4273 1676 4460 Basini
438 4407 3296 4587 Why think of miracle, when the thing can be explained in the
438 4516 1070 4628 simplest way?
1354 4684 1732 4845 Several
408 4774 1119 4935 How then? How?
