3688 5064
2096 350 3249 545 The Shepherd’s Flute, 9.
696 734 3038 901 it is time for you to grasp fully, Dionysia, what
715 930 3243 1093 perhaps you could not graap before: that you are free.
712 1100 3044 1207 follow this firstinnptation which comes to you —
700 1235 3066 1383 and all the others which may succeed it, just like
700 1402 3095 1535 this. Go forth, Dionysia, accomplish your destiny
700 1519 1790 1695 to be wholly yourself."
920 1702 3016 1847 Dionysia looked at her husband with hurt as¬
703 1856 1238 2014 tonishment.
942 2017 2991 2165 "Go forth," repeated Erasmus, more decidedly
687 2140 3019 2307 than before. "This is my last injunction to you.
665 2307 3091 2477 Perhaps the music of this flute represents the only
681 2477 3164 2622 temptation to which you are hastined to succumb, per¬
665 2634 3079 2783 hips it is but the first of few, or many. Perhaps
678 2745 3214 2937 another impulse will call you home in an hour, perhaps
662 2934 2968 3088 you will appear after years, perhaps never again.
662 3107 3060 3249 But remember one thing always: whenever you return,
659 3246 3044 3419 and with whatever memories you may be laden — bed,
646 3447 3066 3580 rainent, and domicile await you; no question and no
649 3596 3139 3731 reproach will mortify you, and I myself shall receive
646 3750 3013 3911 you exactly as I did on the evening when you first
652 3930 3079 4046 possed this threshold as my young beide. And nov.
643 4053 3063 4213 Dionysia, fairewell!" With these words, and a last
605 4194 3063 4405 look, he turned away, walked to the door, closed it
