3512 5128
1937 123 2133 276 G.C.
456 149 701 272 .... 1 :
1455 149 1646 348 10
2799 421 3048 605 38.
1034 517 1417 678 Magnan!
364 620 976 766 (To Malvezzi
111 720 1007 896 This is necromancy!
1038 727 2385 900 Beware it will result bodily!
1030 858 1459 1038 Malvezzi
107 969 2573 1187 But she is beautiful—she is beautiful. Lock at her.
1034 1141 1413 1313 Magnani
111 1256 1306 1432 We shall be on our guard!
1049 1440 1509 1589 Mrs. Nardi
126 1554 2898 1711 come, Beatrice, come! I will let down your hair,that it may
107 1646 984 1800 fall to the floor.
1011 1643 2156 1803 Some.Duchess of Bologna!
1053 1792 1378 1953 Basini
126 1903 2948 2045 Why this jubilation? All mirth and mercy of the Duke's is but
126 2014 2906 2136 for the time in which he lives, and to-morrow evening Borgia
126 2110 1118 2274 will be in the city!
1049 2274 1512 2412 Mrs.Nardi
119 2366 2757 2500 Be silent,orathey will impression you! Have you not heard,
130 2470 2910 2653 what the Duke said? In her arms will he become a hero,and a
138 2565 1172 2734 victor! Came,my child!
1049 2741 1386 2860 Rosina
360 2829 2952 2948 (Has stood the whole time as perrifiedand now lots her
429 2914 3078 3097 glance fall on Beatrice, filled with the deepest hatred.)
1061 3113 1336 3243 Nardi
352 3197 2535 3350 ( Has entered house and he is heard to speak.)
126 3297 1888 3457 How dark! How dark! Bring me a light!
448 3388 1976 3557 The trowd has greatly dispersed)
1049 3561 1528 3710 Mrs.Nardi
440 3676 1367 3810 To a torch bearer.)
119 3787 3197 3932 Here you, light the way forthe Arents of the Duchess of Bologna.
138 3882 750 4036 Now go ahead!
364 4036 1991 4200 (A torch bearer goes into house.)
1061 4215 1348 4342 Nardi
149 4254 3029 4441 Tho lies here in he corner? See here get up! Who is it? Held
130 4399 2910 4568 your dorch nearer! Eh! Vittorino! Get up! Are you so tired?
1026 4545 1493 4729 Francesco
360 4629 2975 4840 (Who has stood the whole time dubb,becomes attentive
452 4782 1378 4981 and goes in house.)
