3496 5144
2722 504 2877 663 30
1368 656 1795 839 Beatric e
406 733 1079 903 (On her knees)
145 875 2013 1030 I do beseech you, let me stay with you!
1336 980 1696 1174 Filippo
162 1132 2539 1259 I cannot, for I love you now, no longer. Thou art
162 1231 2345 1354 nothing more to me, than other trivial things,
155 1340 2571 1453 Like light or air. ‘Twere utter selfishness for me
155 1446 1566 1583 To think to take you with me.
1347 1601 1756 1745 Beatrice
779 1710 1640 1823 Drive me not away,
155 1784 2296 1894 I cannot be so much despised by you, so soon.
155 1887 2750 1992 How dare you hold me so unworthy, just to die with you?
173 1978 2391 2116 You send me home, as if I were a haughty child,
155 2066 2497 2197 And scold, as if I did not understand the meaning
166 2169 2616 2296 of your words. Here at thy feet I do beseech you!
162 2278 758 2419 Let me stay.
1336 2426 1721 2574 Filippe
458 2525 1093 2676 (Very coldly)
864 2599 2310 2754 Beatrice, you must go quickly!
173 2719 2232 2849 With every word you..utter the danger waxes.
1351 2899 1774 3057 Beatrice
190 3018 1199 3163 What wouldst thou do?
1361 3177 1731 3304 Filippo
1266 3290 1432 3406 Go!
1552 3283 1728 3403 Go!
183 3368 1382 3537 What matters that to you?
437 3456 1432 3600 (Aside, and in doubt)
176 3533 2377 3703 Ah! One there was who came to me, my friend,
194 3618 3029 3794 The would have won me back, myorfeit strength and manhood,
190 3752 1714 3886 The nobility I lost so long ago.
183 3840 2669 3981 How could I have spurned him? He strove to save me.
190 3921 2017 4066 But, alas, I heard a stranger's voice,
183 4020 2084 4161 Her step upon the path, outside my door.
395 4136 889 4288 (Shudders)
176 4228 1044 4422 Well, it is done!
1344 4387 1820 4556 Beatrice
180 4521 550 4665 I stay.
