3976 5160
1603 406 1850 558 Männerin
1553 568 1921 775 Filippo
859 656 1607 846 ( Mechanically.)
595 798 1766 971 Borgia! This is serious.
1549 934 1955 1126 Agostino
2023 1086 3156 1194 Serious, it is far worse!
619 1167 2804 1299 For two days disturbing rumors have reached us
609 1272 1756 1370 From the South and West.
869 1353 3359 1465 (Two of Filippo a servants enter from rear of garden
937 1448 3491 1586 with beskets, strewing flowers on the path (C.) and up
950 1539 3508 1678 the steps. Two other servants enter from path (B.) bear-
944 1630 3656 1762 ing trays of fruit and sweetes. They go up steps and exeunt
947 1725 3200 1867 into house. Filippo follows them with his eyes.)
1532 1898 1952 2019 Agostino
835 1955 2686 2111 ( Stares at them and turns to Filippo.)
2013 2111 2814 2249 Why what is this?
609 2158 1708 2310 Do you prepare a feast?
1526 2334 1891 2486 Filippo
1539 2435 2378 2547 What a poor word!
602 2483 2662 2665 Thether it be the flicker of a candle flame,
616 2621 2929 2743 Or the bright rays of the sun, we call it light; –
602 2716 2483 2872 In that same sense,do I prepare a feast.
1522 2889 1928 3021 Agostino
1857 2956 2523 3122 On such a day?
589 3051 2811 3193 You are disposed towards mirth! --Listen to me;
592 3176 2997 3298 Caesar’s host advances, each hour, hearer to Bologna,
578 3261 2628 3396 And Mariscotti, who lent our dear city aid,
585 3345 2530 3474 During the Duke's absence, seems disposed,
592 3437 2385 3579 To surrender himself and us to Borgis.
582 3528 1901 3653 In the defence he undertook,
578 3616 3271 3748 He has turned a traitor, and has led us fonds,by the nose,
568 3694 2462 3863 The city gate's closed and well defended,
585 3809 2280 3937 To-morrow evening will all fly open,
585 3890 2655 4022 To Caesar,who will enter, and make us slaves.
1498 4079 1860 4221 Filippo
954 4154 1519 4292 (Disturbed.)
561 4238 2077 4424 Are the gate's closed to us also?
1485 4428 1908 4570 Agostino
538 4495 1772 4685 What do you mean—to us?
