3528 5080
377 681 2532 817 And if so, say, who sent you? Oh now I know -
384 772 1638 936 It must have been Tibaldi.
1551 912 1879 1079 Ereole
1785 1034 2515 1177 I know him not!
1551 1187 1991 1345 Isabella
377 1289 1079 1446 Nigetti, then!
1544 1491 1872 1610 Ercole
852 1572 1949 1680 I never heard his name!
374 1631 2976 1806 Yet beauteous maidens I know you better than you think.
1551 1848 1966 1980 Isabella
374 1956 2186 2099 I never saw you before in all my life!
1596 2082 1924 2235 Ereole
845 2204 2895 2368 And I see you for the first time 'neath the
370 2291 859 2424 blue arch!
384 2361 3070 2518 Yet know I this quite well, if once the farcy struck you,
381 2487 2309 2595 To ask all, who lived you, to your table,
381 2560 2850 2710 You must needs desorrow “chairs from all the lighbor¬
1533 2707 1973 2909 Isabella
615 2801 1090 2972 (laughing)
374 2927 2595 3073 I trust, at midnight only, are you so impudent.
1544 3108 1862 3234 Ereole
615 3189 1226 3328 (to Lucrezia)
374 3286 2791 3430 But since you have lived, more than thirteen years,
370 3402 2630 3513 And had these questions asked you, oft at night,
374 3451 3178 3611 That could have only then been answered, by a youth’s laps
370 3583 2207 3688 Do you now dare to say, I know you not?
356 3667 2260 3779 Although I cannot yet repeat your names.
1533 3824 1886 3971 Filippo
356 3940 1942 4051 people of wit, who would show it,
374 4020 2494 4146 Heed not clamber over walls! But never mind!
356 4125 2483 4257 Be brief! And tell us what you came here for.
1533 4285 1855 4411 Ercole
1540 4373 2637 4509 I have done so already!
349 4456 3147 4645 My mission, topsvite these ladies fair, to a great wedding.
