3512 5128
1757 133 1932 246 1 1
2880 515 3110 689 36.
1052 595 1430 754 Magnani
1392 696 2586 864 Sire,what do you command?
1061 877 1298 1010 Duke
129 919 984 1091 What would you do?
1061 1142 1421 1272 Magnani
871 1223 2097 1359 This boldness punishment, Sire!
129 1320 2654 1482 She and the impudent brother to prison, quickly send -
1065 1502 1272 1650 Duke
362 1576 1061 1741 ( To Guidotti )
110 1689 528 1816 And you?
1045 1828 1466 2006 Guidotti
819 1939 2489 2107 My Prince, I only like punishment,
126 2058 2327 2175 Which amuse others right well at the same time.
123 2159 977 2269 Thereforethought I
1019 2172 2605 2291 to brand her in the market place,
129 2243 1000 2388 With a hot iron, on
1029 2259 2327 2401 the brow, the neck and busom!
1045 2427 1262 2557 Duke
437 2495 984 2628 To Malvvzzi
110 2599 1162 2751 And what do you think?
1036 2773 1443 2922 Malvezzi
1421 2883 2702 3029 If my Prince will allow it,
110 2990 2712 3110 First to the castle to satisfy the desire of my Prince,
110 3087 2000 3210 Then to a joy house, to entertain others,
110 3175 1951 3314 And then to thẽwedding, with her from!
1039 3330 1353 3472 cosini
100 3382 2087 3570 My Prince will reach a decision I am sure.
123 3534 1625 3680 To turn away laughing and leave!
1023 3712 1256 3828 Duke
100 3799 1754 3916 Now, you hear, Beatrice,how different
107 3913 1854 4016 The opinions of all these thoughts is?
110 3984 2362 4113 But it appears to me, they see nor hear anything,
104 4084 2278 4197 otherwise they would bind the knee to Beatrice
110 4159 2502 4314 And would ask mercy for their ill considered words,
117 4278 2414 4392 To be foregiven and forgotten at the proper time!
110 4369 2544 4502 Let go your hand,at last, Francesoo, from your dagger!
117 4469 1634 4595 Thou, Beatrice, incline your brow!
110 4553 2113 4667 I take thee as wife, as thou did'st desire!
1013 4731 1447 4864 Beatrice
320 4790 2731 4958 (Bends her head towards him;he kisses her—intense
405 4922 935 5023 excitement.
