3528 5128
2827 509 2999 649 13
1394 656 1719 812 Cosini
465 713 1092 898 (To Agostino)
1203 796 2225 997 And if I mistake not,
213 898 1789 1060 I recognize In you the youngster,
216 984 1503 1086 who for us — when was it?
1388 1137 1805 1286 Agostino
1633 1207 2356 1366 When the Prince
207 1258 1573 1445 Feasted at our Duke’s table.
1379 1423 1703 1573 Cosini
471 1512 1121 1652 (Recollecting)
236 1570 1691 1722 The day before we left Bologna.
216 1652 2302 1796 Believe me, we have heard many a lute player
223 1757 1980 1894 Since that day — but none like you.
236 1843 1538 1929 So I take it as a good omen,
236 1901 1745 2063 To find three such Masters here.
1382 2050 1786 2181 Ago stino
277 2111 2203 2267 Permit our astronishment to ask a question.
229 2232 1375 2359 When did you reach here?
1398 2331 1710 2493 Ercole
1480 2416 2133 2572 Twas rumoried.
2283 2416 3098 2585 that only the Duke
216 2502 2162 2658 And Count Andrea reached home, the others
216 2604 2292 2776 Are still on the way, with very little hope,
223 2703 1557 2834 Of everauting home again.
1394 2843 1697 2964 Cosini
223 2878 2025 3060 Heaven spared us from so bad an ending
1063 2999 1856 3146 With six friends
216 3012 949 3111 Of our journey.
223 3085 1640 3171 I reached the City a few hours
210 3155 933 3254 After the Duke.
1054 3142 2372 3286 And ten richly laden beasts,
216 3228 2197 3352 And indeed three wogons did we bring home,
223 3324 2184 3442 Of such rare value that they are cq eted
207 3394 1372 3531 By savants and by Kings.
1382 3518 1691 3649 Ereole
216 3614 1872 3722 I wager they be Grecian manuscripts
216 3706 1216 3833 Which you have found!
1391 3836 1710 3977 Cost ni
1248 3916 2620 4082 These are not wanting either.
207 3986 1691 4110 And coins, jewels, old wespons,
207 4104 2178 4199 And most splendid goods, enough, to dress
223 4161 2162 4308 Twenty of Bologna's most besuteous women.
207 4253 1598 4381 And then a Spearman in merble
207 4336 2267 4432 That’s his pos — too bad he lecks an arm
216 4394 2127 4502 Rescus d before our eyes from theSubbish
207 4451 2760 4594 By Carsoli – God given to us when we have the leisr
