3528 5112
2786 340 2951 542 13
1395 479 1803 677 Campegg1
288 531 3022 823 a avaits further commanda, in the Courtyard of the Castle,
284 699 636 864 ###y Lord.
1388 770 1619 916 Duke
273 849 2180 1073 He cannot learn anything from such a man.
1395 980 1788 1111 Guidotti
266 1040 3164 1260 et me try, Dukel I'd like to bet my head, that I can make him
258 1148 1047 1343 speak our longue.
1391 1227 1604 1376 Duke
266 1298 3071 1545 of you are so sure, Guidotti, take him to the man, Campeggi.
468 1432 1758 1552 (Exit Campeggi and Guidotti)
273 1496 3228 1698 fter all -- what can we learn from these letters? How can they
262 1627 1047 1773 change our plans?
1369 1668 1747 1889 Magnani
247 1773 643 1949 isty Lord!
1365 1851 1604 2023 Duke
251 1952 1960 2165 That would you say, Captain Magnani?
1358 2173 1739 2293 Magnani
254 2259 2188 2446 Porgive your faithful servant a bold word.
1354 2401 1601 2618 Duke
239 2468 509 2700 Speak!
1339 2678 1732 2898 Magnani
213 2700 1238 2970 Sessre of the Duchess!
1361 2947 1578 3127 Duke
191 3056 2225 3243 You are more truthful than olever, Magnani!
426 3157 1530 3329 (Euter THIRD MESSINGER)
1354 3329 1661 3486 cosini
168 3400 3063 3643 Here is a Messenger, my Lord, who is from the Garisenda gate!
1395 3624 1642 3762 Duke
180 3669 1159 3863 Well, let him speak!
1339 3871 2087 4021 Third Messerger
168 3938 3086 4114 My Lord, think mist lies upon the meadow; What is going on be-
172 4099 3179 4245 hind it we have no knowledge of. One thing, though, is certain,
180 4178 3041 4312 the enemy’s troops have reached the suburt of Isiah, and are
161 4267 3164 4447 drawing close to us: those nearest can now be reached by arrows
1331 4398 1563 4574 Duke
400 4454 2233 4668 (Dismis ses him with a nod of his head)
