3528 5128
511 422 1547 600 (Exit Third Messenger)
289 529 1780 733 Where is Andreas? Send for him!
511 650 3038 829 (cosini gives an order. The others step to one side)
268 722 1926 868 have my wishes no longer any power?
275 826 2355 961 There was a time when even a thought, though
279 926 2248 1069 It were not voiced, was fulfilled at once.
268 1026 2194 1161 It would have been no wonder to me had I,
279 1119 2566 1262 Met Tillippo Loschi on the road, by which I came,
268 1222 2344 1337 In Naples, or in Rome – or elsewhere – but
268 1312 2159 1412 Now I am in Bologna, and wih to see him
261 1390 2648 1594 I sammon him, and his answer is: "I will not come".
1426 1537 1726 1701 cosini
275 1622 2677 1805 My prince! it seems that this disturbs you greatly.
1404 1815 1647 2023 Duke
1873 1933 2244 2080 Tell me
268 2008 2838 2169 More of him, I beg, explain you more fully his confusal.
1408 2187 1730 2344 cosini
261 2244 1873 2427 I will do so as well as I'm able.
1905 2291 2566 2444 Yet I believe
279 2398 2194 2534 "Tis clearer and much shorter to tell you
243 2487 2073 2662 In one word, my Lord, I think he’s mad!
1390 2634 1622 2802 Duke
232 2702 1376 2880 I doubt if this be true!
1437 2763 2973 2913 For I consider that you, Cosini,
222 2848 1383 2977 And others like yourself
1404 2863 2591 2991 cannot always understand,
222 2955 1419 3059 It matters now olever
1444 2959 3141 3120 you may be, what urges men like him,
222 3059 3013 3195 To marke their heads or nod “yes, or “no”, as they all do.
225 3141 2355 3281 It has often seemed to me as if I understood,
232 3224 1462 3356 The secrets of such souls.
472 3309 1226 3488 (Eter GUXDITTI)
1390 3370 1808 3545 Guidotti
222 3463 1254 3642 A fine Joke, my Lord!
1287 3488 2988 3667 Most wonderful! Just hear how well
222 3588 1226 3731 he speaks our longue.
468 3677 1136 3853 (Opens window)
1372 3731 2176 3928 Prisoneròs Voice
457 3831 908 3988 (OUTSIDE)
200 3928 1229 4113 Oh! my eye! my eye!
1358 4085 1612 4267 Duke
161 4185 1019 4385 What did you do?
1376 4392 1790 4560 Guido tti
193 4460 3070 4685 Listen, and you will learn that he was good an Italian as any
193 4628 3045 4900 of you. Permit me, Duke, to entioe the truth from his laps?
