3528 5112
2867 523 3054 696 23.
202 556 1987 736 And from there towards to the garden.
224 681 2245 802 Then,from the garden on the road to Lugano,
228 765 2307 916 Which will bring you to Budrie by day break,
202 832 769 968 And there--
1159 983 1590 1104 Vittorino
210 1078 3161 1196 When we reach there, we should thank heaven for having saved us.
213 1156 3032 1270 We can ride from Budrio by daytime to my active cit y, I will
202 1236 2988 1351 take you to my parents, they will embrace their new daughter
206 1295 2992 1439 with rupture. All is ready, that in a few days I can open up
202 1391 2900 1527 my workshop in my own home. Truly, I foresee a life full of
210 1465 1685 1623 work and full of joy before me.
1148 1593 1542 1715 Beatrice
188 1671 2948 1829 It is well you have thought it out, if it will but succeed.
1141 1840 1571 1950 Francesco
195 1925 1840 2046 It is of course not without danger,
191 1995 1998 2134 But there is far more and better hope,
210 2079 1807 2182 Thanin Bologna to remain to-night.
1119 2193 1531 2344 Beatrice
180 2307 2359 2451 So shall I become Vittorino's wife! Just think!
180 2396 2223 2506 How this is brought about! and we did play
184 2473 2271 2598 Only a year ago out there upon the medows,
169 2547 1034 2668 like two children
1133 2594 1575 2734 Vittorino
166 2668 1317 2834 Bestrice, how I love you!
1126 2848 1516 2966 Beatrice
166 2900 2160 3047 Yes, truly,time is but a word,nothing more!
188 3018 2212 3150 When I but look at you,gewesco; yesterday
177 3091 1972 3231 You were a child, to-day you are a man!
162 3187 1030 3283 And the fairytale-
1097 3305 1553 3456 Francesoo
1524 3378 2973 3559 You still think of fairetales?
1089 3548 1512 3662 Beatrice
162 3606 1928 3728 Has not father often told them to us?
162 3724 2311 3816 About a fellow who stuck his head under water
162 3801 1899 3879 And dreamed so long about Adventures.
158 3846 2175 3982 As would have taken twenty years to happen,
169 3938 3080 4122 Yet bobbed his head up, and he'd been under water but a moment.
478 4026 1516 4133 She strokes her hair.)
1108 4162 1535 4287 Vittorino
144 4236 2959 4394 What ails you, Bestrice? Why do you press your hands to your
140 4331 1067 4493 temples, like that?
1086 4475 1476 4585 Beatrice
151 4534 1619 4696 To see if my hair is still wet?
