3624 5096
1297 1016 2397 1154 -:- ACT III -:-
428 1300 965 1415 sdene:
1142 1300 3118 1410 Filippo Loschi's house. A large room. R.
1137 1398 3196 1511 an alcove, lead up to by three steps. Heavy
1137 1483 3216 1598 dark red curtains, half drawn, separate this
1142 1567 1860 1694 from main room.
1376 1669 3222 1775 At back a large window, closed, through
1148 1764 3191 1866 which the towards of the city are seen. R.I.
1142 1863 3239 1941 a door; L. a door leading out to the terrace,
1142 1939 3067 2040 standing open. C.L. a table set, with two
1137 2034 3250 2119 candleabras, each holding five candles, part-
1137 2116 3154 2226 ly burned out. On table remains of a meat.
1134 2200 3118 2316 Chairs near the table. A small table near
1128 2302 1669 2428 the window.
408 2459 1376 2577 DISCOVERED:
1638 2479 3244 2606 Isabella, Lucrezia, the musicians,
1137 2566 1705 2710 and Filippo.
1367 2653 3061 2774 Isabella asleep on chair near table,
1120 2741 3061 2881 her arms hanging down. Lucrezia lying on
1123 2862 3089 2940 Steps of Alcove, her head on the top step.
1123 2949 3047 3056 First Fiddler on sill of door to terrace.
1123 3042 3047 3132 second Fiddler asleep on chair near door.
1111 3123 3149 3225 Lute Player asleep in chair, head on table.
1128 3208 3019 3331 Flute Player asleep in front of table on
1111 3298 1413 3424 floor.
1581 3458 1947 3596 Filippo
653 3543 2344 3686 (coming slowly down steps of Aloove)
394 3666 2105 3799 All sleep! The women and musicians,
414 3756 2380 3855 WhoseElnstruments lie mute upon the
408 3852 2665 3970 And see! These "tsmply” glasses stained with wine,
414 3936 2524 4060 Seem vessels of exhaavsted joys, deep drained!
408 4032 2518 4150 would it not seem that in this one, mad hour,
408 4128 2206 4226 With Satan in his Medic ring, the lust
408 4215 2544 4316 Of all the world was concenttrated — but here
397 4313 2096 4446 Awaking, what remains to me of such
402 4401 2504 4522 A night s wild orgy, of the sensUous strains
402 4491 2074 4581 Of music and the language 13mbrace
402 4578 2589 4682 Of round white arms — the drinken stupor? Oh!
