3512 5144
1339 691 1766 833 Beatrice
196 797 2773 922 Wee is me! Why hast left me so ktterly alone! -- They
530 901 1477 1025 What is this? -- Oh!
210 918 434 1054 come!
441 993 2709 1118 (Locks out of edow, then tries te hil e herself
431 1075 1755 1214 behind one of the curtain s.)
1360 1246 1702 1399 Voices
441 1321 862 1492 (Outside)
210 1374 2951 1574 To our Prince s wedding, with Beatrice, the most beautiful
210 1520 3065 1666 maid in Bologna. The ducal doors to the castle, the garden,
203 1645 1164 1787 all are open to you.
438 1712 2011 1883 (Voices die away in the distance)
1381 1873 1780 2033 Beatrice
221 1979 2236 2132 They do not know! But soon they will know.
459 2090 2236 2211 (She takes up the glass and smalls it)
221 2186 2243 2342 Oh, if the odor of this wine could kill me.
221 2268 2075 2421 There is none left, it's gone, forever.
228 2378 2083 2510 Oh, that it were all over with me, too!
239 2456 2214 2592 That I were lying there with him, but now,
231 2553 1620 2688 I must go all alone, yet how?
224 2638 1979 2780 I cannot overtake him here, I will go
239 2766 2364 2880 Into the garden, and wi 11 kill myself, thus.
484 2798 2481 2980 (Makes a gisture as if to strangle herself)
228 2905 2588 3058 It cannot be so dreadful in the open air, as here.
495 2998 2090 3161 (Confused voice es in the distance.)
249 3083 2321 3243 They've come to 18th me. He said that they
242 3197 1954 3318 would torture me. What have I done?
239 3275 1808 3428 I do not deserve a felon's death.
812 3389 1776 3517 They have passed by!
256 3410 634 3535 Silence!
242 3485 1613 3621 And no one comes, to find me,
249 3524 2282 3702 No one knows I’m here – I can’t get back!
1200 3617 2787 3795 Why do I stay? Dost hold me here,
246 3688 1136 3799 I can 't get back.
256 3738 2431 3912 As if you clutched my dress, and held me fast.
495 3852 1677 3987 (Looking back at Filippo)
256 3870 2595 4076 Wilt let go of me? -- You -- You — I -- Filippo
267 3998 2613 4179 Thou art no more -- Art less than crmbling stone!
1371 4101 2588 4240 I'd give thee all my life
253 4144 1317 4293 No, no, it cannot be!
249 4226 2075 4357 If thou couldst wait but for a moment.
502 4311 1274 4475 (Takes his hand)
