3496 5096
442 89 652 226 G.H.
2734 422 2912 552 34.
209 528 2960 713 Yet I am muchίnclined to recompnse as far as in my power,
202 669 2456 789 Whatever prior rights my impetuosity may inquire.
209 744 1838 858 I know of more than one in Bologna,
185 816 2133 960 who would be glad to take this young man,
514 912 1557 1005 pointing to Vittorino)
185 954 2641 1091 Who would suit him better than you. Let him chosse'.
504 1070 2497 1159 More and more people have ke thered round.)
196 1132 2634 1249 Whoelse do you leave behind? Are these your parents?
199 1211 2542 1331 I give you house and garden, khoose for yourselves,
189 1273 2267 1396 Where you mayblive the remnant of your days.
196 1372 1993 1461 And this is your sister? To-day will I
196 1444 1691 1547 still give her rich possessions,
189 1513 2312 1619 And give her in marriage to one of my nobles.
189 1602 2590 1698 Francesco's during will I make use of to advantage,
209 1674 2874 1801 To my gain as well as his, I make him captain of the trop
189 1753 1732 1838 Which defends the Saragossa gate.
178 1811 2031 1924 But you, Beatrice, what shall I give you?
196 1900 2243 2000 I brought treasurer with me from my journey,
189 1976 2391 2079 There are many that would please woman’s farcy.
196 2058 2079 2161 They shall all be yours;weeious stones,
189 2137 1989 2226 And Verabes,of damask and row s of pearls
185 2212 1616 2302 All are yours, and to all these
189 2284 1550 2380 A veil of such wondrous beauty¬
189 2360 2216 2470 As no other,worn by any maiden of this land
185 2442 1279 2524 And never by a Duchess.
189 2500 2226 2631 So costly is it, that the Prince of Pergamum
185 2586 1989 2689 Gave it and it alone as a wedding gift
196 2665 1691 2747 To the Princess, whom he married.
185 2720 1880 2843 I give it to you for a single night.
189 2813 2133 2919 And yet it’s not enough, should it happen
189 2888 2031 2984 That you bear me a son, then give I him,
196 2957 2665 3090 though it is perhaps a happiness not to be hoped for,
185 3032 2164 3138 The first city which my men shall conquer.
185 3128 2075 3224 And truly, with each clearer look which I
178 3204 1976 3303 Give your beauty which is so puszling,
185 3289 1729 3379 The less braggart seems this you,
185 3355 1777 3457 For to nothing else but a victory,
185 3440 1616 3543 Could I rise from thy embrace.
501 3574 2864 3687 A large number of eitzens,women,Maidens, hav ap-
490 3656 3090 3783 proached. Also Capponi, Basini, Benuzzo, who keep silent.
501 3746 1873 3876 Beatrice remains motionless.)
1115 3862 1317 4006 Duke
172 3958 1784 4089 Well, Heatrice,I await your answer!
1094 4092 1530 4246 Beatrice
405 4185 1266 4349 (Remains silent.)
405 4360 1900 4507 (Silence full of expectation.)
1098 4480 1557 4617 Francesee
168 4576 1657 4682 The Duke of Bologna has, I think
178 4658 2061 4816 The kindness to understand this silence.
172 4761 1104 4881 Give room,Gentlemen
480 4792 1732 4956 To Beatrice and Vittorino)
