3512 5176
2911 470 3064 619 9.
1082 609 1562 737 Mrs.Nardi
160 609 2690 843 My child, what are you thinking of. You should beg for
157 829 1498 918 mercy and you ask for death.
1093 936 1327 1061 Duke
167 1046 630 1157 Beatrice,
164 1028 2135 1224 No longer does my dagger seeker your death!
1110 1231 1569 1374 Franceso
167 1299 2078 1456 But mine, all the more ordently, Beatrice!
505 1342 2875 1534 Stabs her to the heart with his daggerjkhe falls.)
1110 1555 1541 1676 Beatrice
185 1605 1014 1779 Francesco--Thou?
1128 1786 1359 1897 Duke
192 1854 683 2018 Franeeseo!
516 1915 1954 2100 Suatehes the dagger from him.)
1128 2082 1598 2210 Mrs.Nardi
203 2125 1726 2356 My child!My daughter! Franceseo!
1146 2320 1594 2441 Francesco
534 2399 1826 2527 With stolld determination.)
224 2502 1424 2648 I was compelled to do it.
1153 2633 1434 2751 Nardi
238 2612 3100 2858 What have you do?  In heaven’s name—Oh! most only wauth,
242 2769 2594 2922 see here blood follows! Beatrice, he has woulded you.
1164 2940 1623 3085 Mrs. Nardi
238 2954 3057 3174 Our daughter is dead,do st understand? Our daughter is cead!
1174 3149 1395 3306 Duke
505 3253 1182 3388 (To Princesco)
238 3249 2769 3480 ocs your simple aet involve more,than we comprehend:
1192 3466 1641 3598 Francesco
249 3466 2996 3680 If she trod a wrong and tortuous path,in her mistaken way-
267 3626 2125 3769 Now I would say,that she lies here dead,
260 3673 2594 3847 It fille me with girl horror and congress, to think
278 3779 2623 3911 That without the conservation of a holy sacram nt,
274 3868 2285 3982 That she was woodshameless and inconstant,
285 3897 2342 4064 To a man's bed! Oh! Wretchedness and misery!
274 4014 1911 4150 That she herself had paved the way,
260 4039 2139 4278 That made it my duty, to send her hence!
1210 4206 1448 4352 Duke
292 4199 2893 4456 Silenoe boy! Your worth aan reach him who lies here,
295 4441 1349 4562 As little as my anger.
619 4495 1171 4655 Excitement)
1445 4452 2594 4687 Should a miracle occur,
302 4601 1925 4765 And we lay this Borgia in theorst
295 4680 2061 4843 bring freedom to our city and conquer
302 4708 2477 4975 A hundred others--should the whole land belong
