3528 5224
2730 488 2897 665 20
177 655 2403 871 I lost the comb from my hair! It alpped away,
177 848 1902 969 And should I have stopped to get it,
177 923 1666 1074 I never oould have risen again.
1352 1048 1725 1251 Filippo
1689 1143 2072 1306 Tell me;
177 1251 2442 1424 Art thou not anxious about what thou last heard?
1346 1454 1778 1591 Beatri oe
2062 1532 2485 1653 Oh, very!
193 1581 2403 1778 many are in great fear! Yet others do rejoice,
200 1712 2642 1859 And speak out loudly, and so bravely, I did hear one
200 1840 2455 1945 The stood upon the steps and called out lustily,
193 1932 966 2062 death to Borgia!
475 2026 956 2170 (Laughing)
995 2036 2878 2233 And then the crowd all should with him.
1359 2233 1725 2396 Filippo
445 2377 1761 2501 (Gazing at her with rupture)
187 2472 1539 2609 Dost thou love me very much?
1365 2573 1791 2756 Beatrice
1545 2684 3031 2842 And you can ask me that? I love
210 2832 2845 2943 So deeply, that everything is different since I met you.
200 2933 1679 3051 How shall I explain? Look you,
206 3002 2387 3123 It is as if all men that I had ever met before
216 3123 2524 3234 We are me Ttely puppets and since then --well, yes,
210 3215 2387 3349 Ever since that festal time – three days ago,
223 3316 2547 3411 Think Filippo, I saw you there for the first time
206 3398 2560 3506 But three days since. The dance before the Gate,
216 3516 2531 3614 The game, the shorting matches, with cross bows,
223 3568 2305 3703 The race with tame leopards — Did all that
223 3676 1974 3784 Twee place, but three short days ago?
229 3762 2020 3883 Can it be possible, all is so changed,
229 3866 2357 3981 So wonderful, so joyous “”- Werve tho[e]ts
223 3948 1932 4076 Really living? Can it all be true?
229 4046 2184 4194 This is what I would wish to say, to you.
1385 4230 1778 4361 Filippo
458 4298 1211 4478 (With decision)
1588 4367 2688 4521 Listen to me, Beatrice!
223 4449 1896 4645 Today we both shall leave the City.
