3928 5144
3250 450 3412 618 4.
1534 555 1732 698 Dula
1742 605 2933 737 None more worthy, Beatrice
602 684 3015 817 Even though Iicearched Bologna, through and through,
608 803 2496 913 If this house is with sorcery bewitehed,
602 883 2367 965 If you longuished here in secret lust
615 939 3042 1068 — I ask you not!—though however that may be, here,
618 1028 2123 1121 Shall this unusual marriae end!
592 1094 2582 1200 Here, beautiful Beatrice, shall you be mine!
608 1180 2747 1309 What ails you? Has't still the morning child?
922 1250 1650 1359 He touches her)
608 1319 3085 1461 Your fingers--hands-- arms--even your bosom troubles!
1521 1432 1954 1613 Beatrice
909 1504 1504 1670 Shuddering.)
595 1610 1984 1772 Leave me! I beg you, leave me!
1534 1789 1732 1894 Dule
860 1858 1610 2010 ( Gazes at her.)
2463 1898 2893 2053 Gradually
602 2004 3243 2136 My eyes becomeraestomed to the darkness, unasked things
595 2099 2946 2238 Are disclosed telling of the secret of this room!
929 2176 1805 2275 Pulls the curintains
608 2255 2638 2361 Here they hang in heavy solds to the earth-
602 2328 2109 2433 come, Beatrice, here is prepared,
602 2397 3184 2523 What has never yet seen such honor,as todays’s has seen
608 2493 2628 2622 --The bridal bed wants, Princess of Bologna!
876 2559 1974 2691 (He drawns her with him)
1521 2711 1947 2824 Beatrice
585 2777 1246 2929 Let go of me!
1531 2896 1739 3038 Duke
1164 2995 3534 3124 Oh!doesinshame rouse for the last time, my Princess?
615 3095 3240 3220 Then make believe that it is a caveren, so black and dub,
608 3177 2642 3280 That therein we can bury our sobs chastely.
608 3253 1270 3382 Come, Beatrice!
1521 3349 1947 3495 Beatrice
1352 3448 1828 3571 Let me go¬
840 3524 3435 3663 (She tears herself away, and stands with everted face.)
1521 3660 1752 3822 Duke
1809 3729 2681 3868 What place is this
589 3812 3247 3987 And what far gives your weakness such powerful strength
1527 3984 1947 4116 Beatrice
860 4080 2252 4192 (In increaseing bewilderment.)
589 4169 1362 4282 No,I say to you!
1719 4169 2665 4285 You embrace me, Duke,
595 4222 2814 4361 before you go there--see,and I really mean it,
595 4334 2496 4424 Here is my heart! – I beseech you,kill me
608 4401 2853 4530 I of myself am too towardly,you know! But though
589 4483 2724 4576 It’s fearful, as they wished it at the castle.
602 4559 2123 4688 Yet you may do it--and at once!
