3464 5144
2811 274 2985 435 14.
1037 419 1404 570 Filippo
122 554 937 721 Yes, Count Andrea?
1030 692 1372 853 Coste! Cosini
119 799 1748 940 T'is true. Often when on a journey
119 873 2248 1034 As weebed in the open.Andrea read to us--
138 989 2219 1127 The Duke longed to hear his voice declaining
126 1088 1497 1259 From Petrach or from Virgil.
1523 1075 1781 1185 G.C.F.P.
145 1162 1993 1314 Your versus he knew by heart. His eyes,
145 1233 2277 1401 would light with pride that such poetic words
148 1356 2019 1517 Should praise the virtue of his sister,
142 1430 2731 1591 And that she was betrothed to you, who sang her praises.
145 1539 2434 1681 Yes, believe me; your versus full of deep devotion
145 1623 1765 1784 Roused in many of us much feeling,
158 1723 1626 1868 Not in me, my lord, for I am old,
174 1810 2286 1955 That while admiring he begrudged your talent,
155 1890 2157 2045 Longing awake within him, and at such words
174 1971 2193 2141 Their hopelessness was turned into depair.
171 2074 2431 2235 The Duke however,more moved than all the others,
174 2170 2248 2312 Spoke thus to us; the place for such a poet,
167 2277 2064 2396 Is at his Prince s side, and I thank God,
184 2338 2338 2492 That He has granted unto me to be that Prince,
184 2460 1861 2589 And when back to Bologna I shall go
177 2541 1935 2692 before all others him shall I invite.
184 2599 2080 2763 My office is to state this truly to you.
190 2721 2067 2843 In deep concertainty lie the coming days,
184 2801 1996 2966 And it were brave to dispel all gloom.
193 2863 2045 3033 The Duke invites you to a special feast
203 2953 2383 3123 Which is surrounded with danger's red.torches,
206 3085 1845 3223 And under fateful stars. Therefore,
203 3159 2470 3362 If it please you,good Filippo, follow me at once.
1143 3323 1494 3462 Filippo
512 3436 1642 3584 After a short silence.)
213 3513 2334 3677 You've come to the wrong place, friend Cosini,
209 3626 1980 3774 I am no longer he the Duke does seek,
229 3693 2270 3861 And if I followed his command, I would stand
225 3780 2260 3941 before him as a traitor. Therefore, and also
232 3912 1893 4054 For other reasons, if it please you,
225 3996 1269 4154 I desire to stay away.
235 4022 2174 4218 each one for himself may prepare a feast,
238 4163 2409 4373 With the same right, each one a different mind.
1179 4334 1501 4456 Cosini
480 4395 2386 4572 (Turning to the others with surprise.)
232 4563 728 4730 Your lord-
