3736 5128
3075 487 3271 664 21.
1313 549 1785 719 Francesco
1763 638 2681 808 Let me in his dead
398 682 1752 841 Speak to your heart, Beatrice
391 796 2725 959 And for myself, that I may rest in peace, and march
387 885 2194 1055 When God desiects. Take him as husband.
1328 1021 1711 1143 Beatrice
391 1103 1718 1268 Where shall I live with him?
1320 1246 1763 1394 Francesco
1833 1309 3455 1545 Not with those, who brought you up
369 1379 1210 1552 Not in this city!
1320 1556 1715 1718 Beatrice
1586 1645 1999 1800 All say,
376 1674 1936 1899 That none may now leave the city.
1320 1866 1763 2002 Francesco
361 1925 2648 2102 This may prove true tomorrow, to-day 'tis not so;
384 2050 2179 2157 Theakreets are free towards the East.
384 2120 2581 2260 If a hundred or a thousand tried to pass there,
384 2201 2415 2353 'T' would be their undoing; but trust me only,
369 2268 2157 2452 I can show you both a safe way, today.
1294 2408 1711 2548 Beatrice
369 2482 1512 2648 What means this? To-day?
601 2614 1822 2810 ( unter Vittorino Monaldi)
1294 2780 1755 2928 Vittorino
350 2847 2212 3035 Dearest Beatrice, do I see you at last!
1291 2994 1696 3156 Beatrice
350 3086 1678 3234 Good evening,dear Vittorino!
1302 3241 1744 3392 Francesco
336 3289 2109 3499 I have spoken to my sister,Vittorino.
1283 3488 1733 3617 Vittorino
339 3529 3131 3717 have you done so? Then Beatrice will think me but a boy, who
343 3676 3308 3802 dared not do so for himself. And what said Beatrice?--No, answer
343 3750 3274 3868 not. Beatrice, not now, not so long as you look at me with those
343 3828 977 3942 strange eyes!
1265 3953 1726 4115 Francesco
324 4012 1918 4148 My good Vittorino,there's no time
339 4126 2330 4252 To wraone the answer, whatever it may be.
324 4200 1814 4314 Much is condolused into this day
321 4263 2146 4443 Hours count for days, days, – – for years.
1257 4396 1663 4569 Beatrice
280 4484 1394 4657 Francesco,yes, so it is!
