3320 5064
1197 617 1446 769 Duke
968 691 1851 863 Let no one follow!
273 769 1979 924 yer? On peril of his life — no one!
290 907 3000 1021 (all stand as if stunned. At this moment enter Francesoo
330 981 2805 1062 at whom all look with the greatest astronishment, and
317 1035 2893 1153 he at them. He runs forward, as if he would ask some-
317 1123 1109 1278 one a question.)
1187 1241 1537 1413 Rosina
253 1308 860 1470 (erying out)
253 1423 900 1578 rds! Cowards!
877 2909 1986 3102 CUBTAIN —:—
