3512 5096
2880 499 3058 643 16.
1115 567 1572 714 Mrs.Nardi
197 612 3232 843 Be still, for God’s sake. To-day we shall be punished for our sim.
1126 794 1606 934 Chiveluzzi
151 809 635 1009 Puni shed?
752 850 2982 1089 What is the matter with you? You are as pale as
144 968 446 1126 death!
1126 1115 1557 1232 Mrs. Nardi
185 1191 2718 1323 I am afraid! A hundred thousand men surround the city.
2790 1160 2994 1319 They
1081 1293 3107 1459 very corner, then enter,kill us, put our eyes
197 1293 1017 1448 will set fire to
185 1361 404 1531 out.
1123 1501 1599 1625 Chiveluzzi
185 1595 1886 1712 What's all this! You have, old woman!
1123 1720 1576 1848 Mrs.Nardi
185 1780 3047 1988 TheOsts of Borgia are fearful! It will be like the judgment
181 1905 382 2068 day!
1123 2045 1610 2174 Chiveluzzi
185 2113 945 2260 who told you so?
1108 2253 1550 2397 Mrs.Nardi
174 2344 2952 2525 I was at confession this morning, Father Macario told me so!
1123 2502 1595 2612 Chiveluzzi
185 2582 2948 2729 Don’t believe him!All the Priests chatter to please Borgia.
1104 2725 1554 2865 Mrs.Nardi
185 2797 2034 2990 Can you not go to the Duke and beg him?
1115 2948 1603 3149 Chiveluzzi
166 3035 1138 3187 Beg him? About what?
1092 3187 1550 3319 Mrs.Nardi
185 3221 3035 3398 I know you are received at Court. If you and some more of the
166 3387 3081 3478 nobility like you, would begt he Duke to commend himself, and us
174 3466 3153 3602 and the city to the clemency of Borgia while there is yet time-
1092 3576 1550 3712 Orlandino
166 3659 3077 3795 Charming Rosina, only ask my uncle! Just think,uncle,she won’t
174 3765 3024 3867 believe that I am to head two hundred cross-bow-men, and prob-
174 3844 2102 4003 ably march out to battle to-morrow early.
1108 3973 1576 4090 Chiveluzzi
155 4037 3137 4177 Yes,whoever is young, must go! I would go too, if it were not for
166 4150 1830 4260 this queer weakness in my left leg.
1096 4241 1531 4411 Mrs. Nardi
159 4332 1062 4517 They will minder us
1096 4332 2672 4551 on thetsstreets and im the houses!
1089 4513 1550 4680 Orlandino
147 4581 1017 4767 If we let them in!
1096 4733 1531 4869 Mrs.Nardi
144 4785 1058 4971 Francesco goes too.
1077 4785 2797 4963 He left out house early this morning.
