3912 5144
2261 367 3416 560 The Shepherd's Flute, 3.
907 801 3403 929 you lose your way in the sky last night? Where there
901 942 3239 1071 too many Iouds? Or did some star run away from
901 1100 3281 1258 you into the infinite, whence you could not get it
913 1258 3393 1396 back, even with your excellesCnew telescope?“ Eras¬
891 1425 1791 1582 mus remained dubb.
1145 1537 3377 1714 Dionysia raised herself a little in bed, looked
901 1737 3248 1898 searchingly at her husband, and asked again: "Why
913 1869 3342 2020 do you not answer me? Has anything gone wrong with
920 2017 3236 2187 you? Do you feel ill? Or hare I unconsciously
901 2171 3486 2325 hurt your feelings? I must really suppose the latter,
913 2354 3393 2486 since I am here to calm and console you for any other
901 2473 3329 2653 hurt, and you would not leave me so long without an
907 2666 1293 2798 answer."
1151 2779 3245 2933 Finally Erasmus decided to speak. "Neither
913 2962 3445 3123 confort nor consolation can I have from you this time,
920 3110 3377 3242 Dionysia. I am in a meditive nood because I have
913 3274 3297 3419 been thinking of you for many hours, and realizing
920 3445 3435 3586 at the same time that I never have done so until last
913 3596 1264 3757 night."
1151 3737 3261 3895 Dionysia weiled, as she lay propped upon her
920 3905 3367 4059 pillows; "And now have you other or better knowledge
929 4065 3380 4194 than before of the fact that you call a tender, true
907 4204 2120 4413 and happy wife your own?"
