3563 5720
1269 831 1884 958 sibhe never knew.
597 948 2576 1107 up at my window with a look I had not then understood—not till
597 1073 2568 1175 the very last. Now I know that I have often recalled all this. But
595 1122 2566 1239 not as if it were something real, only as it it were a picture which,
597 1215 1974 1349 hang,s “quietly and at peace on a wall' at home.
664 1351 2568 1458 We sat to-day side by side on the beach, and talked to each other
602 1419 2558 1541 like Etrangers. The boy played with the sand and pebbles at our
602 1513 2568 1608 fect. No one would have thought there was anything on our minds;
610 1575 2568 1672 we Inehaved like people who siguify nothing to one another, and
610 1655 2571 1752 whom the haphazard changes of life at the seaside have thrown
602 1737 2568 1829 together for a brief period ;weursed of the weather, the neighbour-
597 1784 2576 1896 hood, the visitors, of music, and one or two new books. White I
602 1874 2568 1974 sat beside her I found it quite pleasant, but directly she stood up
610 1951 2566 2058 and went, it became suddenly intolerable. I would have like to
602 2026 2571 2125 call after her: "Refer to it just once," but she would not even
610 2093 2576 2208 have understood, and when I reflect on it, how could I expect any-
602 2173 2576 2257 thing else? At our first meeting her friendliness obviously arose
600 2217 2578 2344 from surprise, or perhaps from the ordinary pleasure one feels at
622 2297 2571 2407 meeting an old acquaintance in a strange place. Now, however,
597 2389 2588 2469 she has had time to recollect everything, as I have, and what she
615 2439 2571 2548 had hoped to forget for ever has finished out rividly from her past.
612 2501 2578 2623 I cannot gauge at all what she may have suffered for my sake, nor
615 2608 2598 2688 what she may perhaps still be suffering. The four-year-old boy is a
615 2663 2576 2777 living testimony that she did not leave him, and that they have
615 2748 2568 2835 become reconciled once more. Yet it is possible to be recon-
615 2800 2568 2907 ciled without forgiving, and possible to forgive without forgetting,
632 2897 1914 2986 I ought to go; it would be better for us both.
674 2954 2578 3051 The whole of that year Hises before me with a singularGnelancholy
615 3049 2576 3116 charm, and I live it all over again. I remember the autumn morn-
622 3086 2583 3196 ing when, lccompanied by my father, I first came to the little town
612 3186 2591 3258 where I was to complete my gymnasial course. small details occur
615 3255 2588 3340 to me, and I see quite beinly the school building ising before me
615 3310 2601 3425 in the middle of the park with its tall trees. I remember my quiet
615 3392 2596 3484 work, done in the beautiful specious room, the miendly intercourse
627 3454 2593 3574 with my professor, and conversation with him at table concerning
632 3539 2596 3634 my future, to which Friederika wastened, smiling; my walks with
622 3614 2588 3696 college comrades along the high road to the next village. All these
627 3676 2583 3768 trifles in retrospect move me as confoundly as if they had been of
615 3763 2603 3850 the greatest significance to my youth. But most probably all those
627 3830 2598 3915 uneventful days would have remained buried in the limbo of oblivion
627 3887 2588 3999 if that one last hour had notmonvested them with a mysterious
625 3982 2603 4089 reflected lustre. And the remarkable thing is, that since I have
625 4054 2603 4154 met Friederika again those days seem even nearer than the recent
610 4129 2591 4211 'days in May during which I was in love with the young woman who
627 4201 1356 4306 married the watchmaker.
687 4281 2606 4358 This morning, when I went to my wordow and looked down on
627 4343 2596 4437 the big terrace, I saw her sitting at a table with the boy; they were
627 4440 2626 4520 thelicst breakfasters. Her table was exactly under my (iindow,-
