3544 5128
1445 399 1708 574 voice.
285 454 1441 655 Marisootti! (Commotion)
1415 640 1693 768 Duke
271 647 1295 863 Mh! Was it so meant?
1434 823 1745 944 Costn1
1287 867 2385 1072 Casca did not believe,
271 944 1953 1137 That the real Duke would be at home!
1404 1181 1650 1313 Duke
271 1192 1873 1404 So he sent the letters to my heir!
282 1361 2513 1514 nd we — mistrusting, so we took la[l]u]ft sooner,
285 1470 1880 1591 leaving however, much on that day.
293 1551 1909 1682 will admit, as a most heavy debt;
278 1646 1906 1774 fet it was not a day, only an hour
1986 1595 2502 1789 No, it was
282 1719 1909 1873 only a moment, yet I clearly saw it
285 1840 2081 1946 s if truth; all other Princes elighted
293 1935 2140 2052 y Borgia, I alone appeared to him to be
282 2004 1957 2114 is equal, worthy to be his friend -
278 2107 2447 2257 fes, it was but a moment, yet I believe in him!
278 2187 1935 2319 Then while we sat down at his table,
282 2282 1887 2421 asca wrote to the Duke Mariscotti.
1386 2436 1792 2590 Duido tti
252 2560 2758 2743 Your Highness, what shall we further do with this man?
1368 2688 1602 2897 Duke
238 2769 2674 2977 With him? Let him go free, but first call a doctor,
223 2933 2399 3072 That he may have his wounded eye looked after.
219 3017 1119 3171 Yet Mariscotti —ae.
1375 3054 2739 3266 Guidotti (His eyes light up)
208 3142 757 3343 Mariscotti?
1364 3241 1591 3420 Duke
198 3339 1865 3533 Open his cell, and let him believe,
205 3475 2696 3665 That he is free, lead him out here into the open air
205 3559 2326 3727 And light, treat him with the greatest honor,
198 3654 1774 3771 As if his lot had changed — then
187 3760 1803 3881 Land him plitely into the garden,
179 3848 2304 4001 But when you are there -- tie him to a tree,
190 3946 1909 4038 And in the midst of all our jollity
179 4020 2158 4159 The daughter, and the crying of wild lust
187 4133 2341 4239 Which shall surround him, his eyes shall gaze
176 4202 2396 4338 On the mad clamor of drinken people; which men
187 4316 1518 4415 Of his type think Frapturous.
176 4341 3120 4543 Let loose the dance about him, that in the torch light'a glare
176 4488 1854 4608 This red letter night a raging lust
179 4590 1935 4700 May run through his imprisoned limbs.
179 4663 2857 4795 Then you, Guidotti, place yourself by his side, and wait
172 4755 2886 4930 With a drawn word, until you get orders to cast his head
176 4857 1873 4989 Upon the sod, camp with morning dew.
