3912 5144
1740 452 2199 637 Francesoo
570 543 2206 725 Sire, command that they be looked!
580 712 1440 823 They are innocent.
1737 789 1966 911 Duke
2088 840 3531 1056 (The cbains are taken from the
1454 870 2013 1032 Free them!
2071 954 2448 1083 Nardis)
1747 1059 2222 1197 Francesco
577 1113 1177 1295 I thank you!
830 1248 1865 1393 (Pointing to Beatrice)
1336 1322 2276 1443 She alone is guilty,
590 1400 3076 1558 She only. As her brother I can testify to this fact.
600 1501 3315 1649 Her name is even now connected with lustful solicitations.
587 1605 2479 1754 Everyone recall, that she is my sister.
600 1696 2867 1872 I spurn her as I would the dus beneath my feet.
1760 1848 2104 2030 Rosina
590 1936 1440 2152 Miserable worsch!
1777 2024 2084 2172 Cosini
846 2142 2115 2263 (To Duke, who is undecided)
604 2226 2833 2381 My prince, what ails you? What do you command?
604 2320 2735 2479 Shall be done to this woman? The hours fly!
1771 2475 2091 2634 Rosina
607 2593 2600 2749 Does the Duke forget that she stands here.
624 2718 1389 2867 Who is his wife?
1784 2745 2280 2900 Mrs. Nardi
1440 2850 2883 3032 Be quiet, you wicked creature!
1784 2995 2121 3184 Rosina
624 3126 2438 3288 One who on her wedding night ran away,
621 3261 1514 3426 To join her lower.
1798 3312 2010 3453 Duke
1558 3383 2472 3544 What ails everyone?
624 3474 2715 3639 They all stand demb, and wait upon my words,
637 3602 2681 3743 Yet rises she superior to what has happened
644 3713 2651 3828 Banishes it, lives for herself, possesing
637 3791 2374 3926 Some peculiar power. I am, however,
644 3868 2870 4017 As though I drank the blood of elaughtered men,
634 3980 2580 4148 like the soft earth this thirsty morning.
654 4104 2681 4293 Tagether with the evil deeds that this fast
631 4236 2698 4378 Fleeting night, has brought about. White she
661 4330 2469 4455 who is responsible for so much sorrow,
661 4421 2486 4556 Lies stiff across the thresholdof this
651 4509 1993 4654 Last day - like to a corpse,
661 4576 2094 4732 The cannot comprehend or feel,
644 4678 2860 4829 What matters this to me, but one thing stirs me
637 4792 2873 4937 This man died here alone, and she fled back into
2556 4836 2803 4974 be
1359 4853 2587 5001 som this moved Prinft abou*
728 4880 934 4974 Lif
624 4887 1551 5028 Héro, ada dead dog.
