3976 5160
681 700 2836 871 Alone she watches by her mother's death-bed –
674 855 1984 978 Destined to an unhappy fate,
681 910 3068 1042 Doomed on the same day to lose, what men most.prize,
674 1000 2516 1165 Her mother--and to bemoan her brother.
1607 1152 1968 1307 Filippo
674 1216 2107 1442 Has bad news come from Andreas?
1613 1432 2016 1574 Agostino
674 1513 2433 1665 No bad news came, or good news either,
694 1626 3097 1749 But it is certain; that he himself—will not return.
1620 1784 1974 1962 Filippo
694 1900 1645 2049 What do you tell me?
1623 2049 2016 2213 Agostino
1626 2155 2723 2342 Andrea will not return!
694 2255 1507 2400 As none returned.
707 2316 3229 2497 Who a year ago set out upon the journey with the Duke,
697 2442 2387 2633 Like Bentivoglio whone 'er came back.
1629 2626 1997 2752 Filippo
703 2723 2817 2884 who says so? Are they not all returning home?
1636 2855 2036 3020 Agostino
703 2991 2958 3113 They were--now they are traveling another road.
1629 3139 1997 3320 Filippo
700 3249 1491 3439 Is this certain?
1629 3407 2039 3555 Agostino
1423 3510 2429 3659 The last tidings came
716 3610 3091 3746 From Rome. The Duke, though now it seemsille,
710 3701 3152 3823 Left the city alive, in which Borgia entertained him;
719 3801 2897 3949 Since then there's been no news of him at all.
710 3907 2684 4013 And what the Cope neglected to do in Rome,
710 3997 2875 4104 We fear, he ordered done upon the journey here,
716 4097 2452 4249 And Mariscotti was cognizant of this.
961 4239 3555 4462 ( vnter Ereole Manusssi through the door opening on the
1023 4368 1442 4536 terrace.)
1626 4514 1965 4675 Ereole
719 4636 2762 4801 The world's aflame! What matters it to you?
1052 4723 2087 4868 Comes down the steps.)
