3960 5176
1864 449 2110 618 Duke
2164 537 2705 683 Where am I?
691 602 2651 767 Now dull eyes, can ye not once more still
706 721 2754 909 Look by your own light? Must you yet today
706 852 2102 994 Borrow the rays of yesterday?
1876 932 2298 1055 Beatrice
706 1005 1788 1178 Help! Help! Oh, God!
1864 1089 2114 1235 Duke
948 1147 2651 1362 (Raising ourtain see Filippo's body)
1872 1293 2862 1419 I see — see — see!
706 1354 3054 1504 Wake up! Sloep ypu so soundly? Was your embrace
725 1492 2950 1615 So close, and your debauch so wild? You cannot
733 1584 3518 1715 Waken at my cry! Arouse! yourself! Does she not shame you
721 1653 3648 1795 Who unexhaisted from thy arms, did creep away up to the castle
721 1753 3142 1907 Where a bridal night awaited her, and then returned
725 1864 2800 1987 To you, and can stand here erect, while you,
714 1926 2958 2079 Lie stretehed out like a drinkard in his sleep.
725 2056 2448 2164 Do I not see a amile upon your laps?
733 2133 3311 2271 Even in this pale light, do I not see your waving hair,
717 2221 3633 2355 Glisten? Are you not justly proud, that your Prince’s bridge,
725 2325 3376 2425 Was on her bridal night, only your harlot? Do you dream
717 2417 3307 2536 of this? Or of what thinkest thou? Dost believe that
737 2513 3111 2632 Which is happening now, is but a dream? Thou art.
725 2586 3234 2743 Sore mistaken. Dost awake! Dost thou notice things?
717 2655 3349 2823 And slowly left your lids! Ari a! No longer can you
717 2781 3100 2942 make believe you sleep! The morning is upon you,
733 2893 3015 2996 And I see your smile change into a bitter aneer.
729 2958 3004 3100 Horror makes your eyes start from their hickets!
733 3054 2636 3196 Arise! Or art thou paralyzed with fear?
740 3142 3253 3272 That you can only store at me with half-closed month?
733 3226 3257 3361 I'll help you! (Shåkes him) I 'll shout into your ear
748 3357 2958 3460 Something which anyone not baser than a lackey,
748 3414 3430 3556 More defenseless than a cepple, or deafer than a corpse,
748 3499 3491 3644 would so enrage, that had he still a hundred lives to live
733 3606 3476 3744 Most willingly he'd throw them all away, to stem his race!
748 3721 2463 3855 You towardly dog — I spit upon you.
994 3783 3456 3924 (The Duke lets go of Filippo's body which falls back
971 3871 3598 4017 heavily, and he sees that he is dead, turns to Beatrice
974 3967 3602 4105 who has stood motionless. As he comes towards her she
986 4036 3713 4228 trembles visibly, and then is composed and speaks quietly)
1903 4258 2179 4366 Duke
737 4281 1868 4519 You knew this Beatrice?
1914 4416 2367 4600 Beatrice
733 4630 1462 4780 Yes I knew it.
1926 4699 2175 4864 Duke
744 4745 3825 4979 Well, if that be true, why let me thus insult the dead so cruelly
