<?xml version="1.0" encoding="UTF-8" standalone="yes"?>
<PcGts xmlns="http://schema.primaresearch.org/PAGE/gts/pagecontent/2013-07-15" xmlns:xsi="http://www.w3.org/2001/XMLSchema-instance" xsi:schemaLocation="http://schema.primaresearch.org/PAGE/gts/pagecontent/2013-07-15 http://schema.primaresearch.org/PAGE/gts/pagecontent/2013-07-15/pagecontent.xsd">
    <Metadata>
        <Creator>prov=READ-COOP:name=TrHtr:version=2.1.0:model_id=51170:date=15_08_2023_08:06</Creator>
        <Created>2023-05-10T15:11:56.731+02:00</Created>
        <LastChange>2023-08-15T08:06:32.815+02:00</LastChange>
        <TranskribusMetadata docId="1428822" pageId="55432359" pageNr="117" tsid="132842021" status="IN_PROGRESS" userId="64420" imgUrl="https://files.transkribus.eu/Get?id=OSHIQQOZUGKQBHZJGDAHCYIU&amp;fileType=view" xmlUrl="https://files.transkribus.eu/Get?id=YRETNWZAUQKFTYNVKNYBVOFL" imageId="44706396"/>
    </Metadata>
    <Page imageFilename="1428822_0117.jpg" imageWidth="3496" imageHeight="5112">
        <ReadingOrder>
            <OrderedGroup id="ro_1711803397224" caption="Regions reading order">
                <RegionRefIndexed index="0" regionRef="tr_4"/>
                <RegionRefIndexed index="1" regionRef="tr_2"/>
                <RegionRefIndexed index="2" regionRef="tr_1"/>
                <RegionRefIndexed index="3" regionRef="tr_3"/>
            </OrderedGroup>
        </ReadingOrder>
        <TextRegion id="tr_4" custom="readingOrder {index:0;}">
            <Coords points="314,736 2585,736 2585,1622 314,1622"/>
            <TextLine id="tr_4_tl_1" custom="readingOrder {index:0;}">
                <Coords points="296,821 2111,806 2111,738 1922,711 1040,745 876,693 458,748 296,680"/>
                <Baseline points="314,797 372,797 459,791 547,791 634,791 721,791 809,791 896,791 983,791 1071,797 1158,791 1245,791 1333,791 1420,786 1507,786 1595,791 1682,791 1769,791 1857,791 1944,791 2031,791 2119,791"/>
                <TextEquiv>
                    <Unicode>As at a mystic, wonder-working shrine.</Unicode>
                </TextEquiv>
            </TextLine>
            <TextLine id="tr_4_tl_2" custom="readingOrder {index:1;}">
                <Coords points="296,912 2346,909 2444,897 2444,799 296,821"/>
                <Baseline points="314,879 401,884 489,884 576,884 663,884 751,884 838,884 925,884 1013,884 1100,884 1187,879 1275,879 1362,884 1449,879 1537,879 1624,879 1711,879 1799,879 1886,879 1973,879 2061,879 2148,879 2235,879 2323,873 2410,879 2451,879"/>
                <TextEquiv>
                    <Unicode>Am I this hour, so fallen from my high estate</Unicode>
                </TextEquiv>
            </TextLine>
            <TextLine id="tr_4_tl_3" custom="readingOrder {index:2;}">
                <Coords points="308,983 2044,998 1996,897 308,900"/>
                <Baseline points="326,972 413,972 500,972 588,978 675,972 762,978 850,978 937,972 1024,972 1112,972 1199,972 1286,972 1374,972 1461,972 1548,966 1636,972 1723,966 1810,966 1898,966 1985,972 2049,978"/>
                <TextEquiv>
                    <Unicode>That none, poor toiler, of the field,</Unicode>
                </TextEquiv>
            </TextLine>
            <TextLine id="tr_4_tl_4" custom="readingOrder {index:3;}">
                <Coords points="308,1089 2410,1095 2410,1007 2206,986 308,986"/>
                <Baseline points="326,1059 407,1059 494,1065 582,1065 669,1065 756,1065 844,1065 931,1065 1018,1065 1106,1059 1193,1065 1280,1059 1368,1059 1455,1059 1542,1059 1630,1059 1717,1053 1804,1053 1892,1059 1979,1059 2066,1059 2154,1053 2241,1053 2328,1053 2416,1053"/>
                <TextEquiv>
                    <Unicode>Or they who serve at meat, or every Leasants</Unicode>
                </TextEquiv>
            </TextLine>
            <TextLine id="tr_4_tl_5" custom="readingOrder {index:4;}">
                <Coords points="308,1184 2182,1190 2456,1163 2456,1074 577,1141 308,1089"/>
                <Baseline points="326,1152 413,1158 500,1158 588,1164 675,1158 762,1158 850,1158 937,1152 1024,1152 1112,1152 1199,1152 1286,1152 1374,1152 1461,1152 1548,1152 1636,1152 1723,1146 1810,1146 1898,1152 1985,1146 2072,1146 2160,1146 2247,1146 2334,1146 2422,1152 2462,1152"/>
                <TextEquiv>
                    <Unicode> Cone, none are found so lowly born, or placed,</Unicode>
                </TextEquiv>
            </TextLine>
            <TextLine id="tr_4_tl_6" custom="readingOrder {index:5;}">
                <Coords points="326,1266 1855,1269 1873,1175 1135,1169 1071,1227 952,1175 464,1227 326,1190"/>
                <Baseline points="343,1245 395,1245 483,1245 570,1245 657,1251 745,1245 832,1245 919,1245 1007,1245 1094,1245 1181,1245 1269,1240 1356,1240 1443,1240 1531,1240 1618,1240 1705,1240 1793,1240 1880,1240"/>
                <TextEquiv>
                    <Unicode>To do me honor. How I envy those</Unicode>
                </TextEquiv>
            </TextLine>
            <TextLine id="tr_4_tl_7" custom="readingOrder {index:6;}">
                <Coords points="308,1367 2264,1376 2487,1349 2487,1263 308,1266"/>
                <Baseline points="326,1333 413,1339 500,1339 588,1339 675,1339 762,1339 850,1339 937,1339 1024,1333 1112,1333 1199,1333 1286,1333 1374,1327 1461,1333 1548,1333 1636,1327 1723,1327 1810,1327 1898,1327 1985,1333 2072,1333 2160,1327 2247,1333 2334,1333 2422,1327 2491,1333"/>
                <TextEquiv>
                    <Unicode>Whose lives were by the Sister Fates, designed</Unicode>
                </TextEquiv>
            </TextLine>
            <TextLine id="tr_4_tl_8" custom="readingOrder {index:7;}">
                <Coords points="308,1455 2047,1452 2047,1376 1892,1352 308,1376"/>
                <Baseline points="326,1432 395,1432 483,1426 570,1432 657,1432 745,1432 832,1426 919,1426 1007,1426 1094,1426 1181,1432 1269,1426 1356,1420 1443,1420 1531,1420 1618,1420 1705,1414 1793,1420 1880,1420 1967,1420 2055,1426"/>
                <TextEquiv>
                    <Unicode>According to a set, and ordered plan.</Unicode>
                </TextEquiv>
            </TextLine>
            <TextLine id="tr_4_tl_9" custom="readingOrder {index:8;}">
                <Coords points="314,1541 2130,1532 2057,1437 314,1452"/>
                <Baseline points="331,1525 390,1525 477,1519 564,1519 652,1525 739,1525 826,1519 914,1513 1001,1519 1088,1513 1176,1513 1263,1513 1350,1513 1438,1513 1525,1507 1612,1507 1700,1507 1787,1507 1874,1507 1962,1507 2049,1507 2136,1519"/>
                <TextEquiv>
                    <Unicode>A krongly wovnöeb of meoious worth,</Unicode>
                </TextEquiv>
            </TextLine>
            <TextLine id="tr_4_tl_10" custom="readingOrder {index:9;}">
                <Coords points="308,1639 2484,1639 2578,1632 2581,1544 311,1544"/>
                <Baseline points="326,1606 401,1612 489,1612 576,1612 663,1606 751,1606 838,1606 925,1606 1013,1612 1100,1612 1187,1606 1275,1606 1362,1606 1449,1601 1537,1601 1624,1601 1711,1601 1799,1601 1886,1601 1973,1601 2061,1601 2148,1601 2235,1601 2323,1595 2410,1595 2497,1595 2585,1601"/>
                <TextEquiv>
                    <Unicode>That securely stayed with each well chosen stone</Unicode>
                </TextEquiv>
            </TextLine>
        </TextRegion>
        <TextRegion id="tr_2" custom="readingOrder {index:1;}">
            <Coords points="326,1650 2445,1650 2445,2886 326,2886"/>
            <TextLine id="tr_2_tl_1" custom="readingOrder {index:0;}">
                <Coords points="320,1715 1758,1724 1693,1629 1083,1672 320,1642"/>
                <Baseline points="337,1700 425,1705 512,1700 599,1700 687,1700 774,1705 861,1705 949,1705 1036,1705 1123,1705 1211,1705 1298,1705 1385,1705 1473,1700 1560,1705 1647,1705 1735,1705 1764,1705"/>
                <TextEquiv>
                    <Unicode>That are of value to the whole.</Unicode>
                </TextEquiv>
            </TextLine>
            <TextLine id="tr_2_tl_2" custom="readingOrder {index:1;}">
                <Coords points="308,1815 1922,1822 2008,1806 2008,1724 308,1727"/>
                <Baseline points="326,1793 355,1793 442,1793 529,1793 617,1793 704,1793 791,1787 879,1787 966,1793 1053,1787 1141,1793 1228,1787 1315,1787 1403,1781 1490,1781 1577,1787 1665,1787 1752,1781 1839,1787 1927,1781 2014,1787"/>
                <TextEquiv>
                    <Unicode>A harmony ofüt beauty and of strength.</Unicode>
                </TextEquiv>
            </TextLine>
            <TextLine id="tr_2_tl_3" custom="readingOrder {index:2;}">
                <Coords points="308,1901 2234,1901 2234,1815 2014,1797 308,1815"/>
                <Baseline points="326,1886 407,1886 494,1886 582,1886 669,1880 756,1880 844,1880 931,1880 1018,1880 1106,1880 1193,1880 1280,1874 1368,1874 1455,1874 1542,1874 1630,1874 1717,1874 1804,1874 1892,1874 1979,1874 2066,1874 2154,1874 2241,1880"/>
                <TextEquiv>
                    <Unicode>My thread of life is but a flimsy string,</Unicode>
                </TextEquiv>
            </TextLine>
            <TextLine id="tr_2_tl_4" custom="readingOrder {index:3;}">
                <Coords points="326,1996 2429,1992 2374,1880 1129,1947 326,1901"/>
                <Baseline points="343,1979 425,1973 512,1973 599,1973 687,1973 774,1973 861,1967 949,1973 1036,1973 1123,1967 1211,1967 1298,1967 1385,1967 1473,1967 1560,1967 1647,1967 1735,1962 1822,1962 1909,1962 1997,1962 2084,1962 2171,1962 2259,1962 2346,1956 2433,1967"/>
                <TextEquiv>
                    <Unicode>Of little worth. But on it gleams there yet,</Unicode>
                </TextEquiv>
            </TextLine>
            <TextLine id="tr_2_tl_5" custom="readingOrder {index:4;}">
                <Coords points="326,2087 2163,2090 2438,2066 2438,1992 326,1996"/>
                <Baseline points="343,2066 349,2061 436,2066 524,2066 611,2066 698,2066 786,2066 873,2066 960,2061 1048,2061 1135,2061 1222,2061 1310,2061 1397,2061 1484,2055 1572,2055 1659,2055 1746,2055 1834,2055 1921,2055 2008,2055 2096,2049 2183,2055 2270,2049 2358,2049 2445,2055"/>
                <TextEquiv>
                    <Unicode>Some process jewels, with lack lustre paste</Unicode>
                </TextEquiv>
            </TextLine>
            <TextLine id="tr_2_tl_6" custom="readingOrder {index:5;}">
                <Coords points="308,2182 2096,2197 2298,2176 2298,2090 308,2096"/>
                <Baseline points="326,2154 384,2160 471,2160 558,2160 646,2154 733,2154 820,2154 908,2154 995,2154 1082,2154 1170,2154 1257,2154 1344,2154 1432,2148 1519,2148 1606,2142 1694,2148 1781,2142 1868,2142 1956,2142 2043,2142 2130,2142 2218,2142 2305,2148"/>
                <TextEquiv>
                    <Unicode>Hap hazard strung by a too careless hand,</Unicode>
                </TextEquiv>
            </TextLine>
            <TextLine id="tr_2_tl_7" custom="readingOrder {index:6;}">
                <Coords points="326,2276 1547,2261 1547,2191 1486,2163 1288,2197 998,2163 326,2185"/>
                <Baseline points="343,2247 419,2247 506,2247 593,2247 681,2247 768,2241 855,2241 943,2247 1030,2247 1117,2241 1205,2235 1292,2241 1379,2241 1467,2241 1554,2241"/>
                <TextEquiv>
                    <Unicode>Along it’s tangled length.</Unicode>
                </TextEquiv>
            </TextLine>
            <TextLine id="tr_2_tl_8" custom="readingOrder {index:7;}">
                <Coords points="571,2349 626,2371 690,2346 836,2371 885,2340 912,2365 992,2349 1040,2368 1040,2270 940,2261 882,2279 723,2258 647,2282 571,2255"/>
                <Baseline points="588,2346 611,2340 698,2334 786,2334 873,2334 960,2340 1048,2334"/>
                <TextEquiv>
                    <Unicode>(going up)</Unicode>
                </TextEquiv>
            </TextLine>
            <TextLine id="tr_2_tl_9" custom="readingOrder {index:8;}">
                <Coords points="320,2447 2139,2444 2139,2359 2038,2343 320,2340"/>
                <Baseline points="337,2427 401,2427 489,2427 576,2422 663,2427 751,2422 838,2422 925,2422 1013,2422 1100,2422 1187,2422 1275,2422 1362,2422 1449,2422 1537,2416 1624,2416 1711,2416 1799,2416 1886,2422 1973,2416 2061,2416 2148,2416"/>
                <TextEquiv>
                    <Unicode>I envy him whose days,ⱥucceeding days,</Unicode>
                </TextEquiv>
            </TextLine>
            <TextLine id="tr_2_tl_10" custom="readingOrder {index:9;}">
                <Coords points="320,2533 2154,2542 2383,2523 2386,2459 323,2444"/>
                <Baseline points="337,2515 384,2515 471,2515 558,2521 646,2515 733,2515 820,2515 908,2515 995,2509 1082,2509 1170,2509 1257,2509 1344,2509 1432,2503 1519,2503 1606,2503 1694,2503 1781,2503 1868,2503 1956,2503 2043,2503 2130,2503 2218,2497 2305,2503 2392,2503"/>
                <TextEquiv>
                    <Unicode>Brings homely duties and well earned repose.</Unicode>
                </TextEquiv>
            </TextLine>
            <TextLine id="tr_2_tl_11" custom="readingOrder {index:10;}">
                <Coords points="326,2627 2234,2636 2255,2529 326,2536"/>
                <Baseline points="343,2608 430,2608 518,2608 605,2608 692,2608 780,2602 867,2602 954,2602 1042,2602 1129,2596 1216,2596 1304,2596 1391,2596 1478,2596 1566,2596 1653,2596 1740,2590 1828,2590 1915,2590 2002,2596 2090,2596 2177,2596 2264,2590"/>
                <TextEquiv>
                    <Unicode>I long like him to que¬</Unicode>
                </TextEquiv>
            </TextLine>
            <TextLine id="tr_2_tl_12" custom="readingOrder {index:11;}">
                <Coords points="320,2706 2179,2710 2224,2624 320,2627"/>
                <Baseline points="337,2695 395,2695 483,2701 570,2695 657,2695 745,2695 832,2689 919,2695 1007,2695 1094,2695 1181,2689 1269,2689 1356,2689 1443,2689 1531,2689 1618,2689 1705,2684 1793,2684 1880,2684 1967,2684 2055,2684 2142,2684 2229,2684"/>
                <TextEquiv>
                    <Unicode>of'dull restine, and smiling lay me_down</Unicode>
                </TextEquiv>
            </TextLine>
            <TextLine id="tr_2_tl_13" custom="readingOrder {index:12;}">
                <Coords points="326,2798 1944,2810 2032,2792 2035,2716 330,2719"/>
                <Baseline points="343,2783 378,2783 465,2788 553,2783 640,2788 727,2788 815,2783 902,2788 989,2788 1077,2783 1164,2783 1251,2783 1339,2783 1426,2777 1513,2777 1601,2771 1688,2771 1775,2777 1863,2777 1950,2771 2037,2777"/>
                <TextEquiv>
                    <Unicode>To rest at nightfall. Metamorphoses</Unicode>
                </TextEquiv>
            </TextLine>
            <TextLine id="tr_2_tl_14" custom="readingOrder {index:13;}">
                <Coords points="320,2886 2163,2905 2163,2783 320,2829"/>
                <Baseline points="337,2876 425,2876 512,2876 599,2876 687,2876 774,2876 861,2876 949,2876 1036,2876 1123,2870 1211,2870 1298,2876 1385,2870 1473,2864 1560,2864 1647,2864 1735,2864 1822,2864 1909,2870 1997,2864 2084,2864 2171,2858"/>
                <TextEquiv>
                    <Unicode>So swift and sudden as have been my lot</Unicode>
                </TextEquiv>
            </TextLine>
        </TextRegion>
        <TextRegion id="tr_1" custom="readingOrder {index:2;}">
            <Coords points="326,2901 2777,2901 2777,4726 326,4726"/>
            <TextLine id="tr_1_tl_1" custom="readingOrder {index:0;}">
                <Coords points="308,2978 2078,2984 2121,2874 1428,2883 1336,2944 1248,2893 308,2890"/>
                <Baseline points="326,2969 378,2969 465,2969 553,2969 640,2969 727,2969 815,2969 902,2963 989,2963 1077,2963 1164,2963 1251,2963 1339,2963 1426,2957 1513,2951 1601,2957 1688,2957 1775,2957 1863,2957 1950,2951 2037,2951 2125,2951"/>
                <TextEquiv>
                    <Unicode>told naught of worth. 'Tis vain to be</Unicode>
                </TextEquiv>
            </TextLine>
            <TextLine id="tr_1_tl_2" custom="readingOrder {index:1;}">
                <Coords points="320,3073 2047,3082 2255,3054 2258,2966 323,2984"/>
                <Baseline points="337,3062 343,3056 430,3062 518,3062 605,3056 692,3056 780,3056 867,3062 954,3056 1042,3056 1129,3056 1216,3056 1304,3050 1391,3056 1478,3050 1566,3050 1653,3050 1740,3050 1828,3045 1915,3045 2002,3045 2090,3045 2177,3045 2264,3039"/>
                <TextEquiv>
                    <Unicode>Today a God, on high Olympus and tomorrow</Unicode>
                </TextEquiv>
            </TextLine>
            <TextLine id="tr_1_tl_3" custom="readingOrder {index:2;}">
                <Coords points="308,3173 2298,3186 2267,3067 308,3085"/>
                <Baseline points="326,3155 384,3155 471,3155 558,3149 646,3149 733,3149 820,3149 908,3144 995,3149 1082,3149 1170,3144 1257,3138 1344,3138 1432,3138 1519,3144 1606,3138 1694,3138 1781,3138 1868,3138 1956,3138 2043,3138 2130,3132 2218,3138 2305,3138"/>
                <TextEquiv>
                    <Unicode>A grinnng ape.  A sorry jest for lowns.</Unicode>
                </TextEquiv>
            </TextLine>
            <TextLine id="tr_1_tl_4" custom="readingOrder {index:3;}">
                <Coords points="320,3271 1873,3259 2014,3198 1800,3161 1666,3207 1538,3149 323,3179"/>
                <Baseline points="337,3243 360,3243 448,3243 535,3243 622,3243 710,3237 797,3237 884,3237 972,3237 1059,3237 1146,3237 1234,3237 1321,3237 1409,3231 1496,3237 1583,3231 1671,3231 1758,3231 1845,3231 1933,3231 2020,3231"/>
                <TextEquiv>
                    <Unicode>And most I envy him, Bologna a Duke.</Unicode>
                </TextEquiv>
            </TextLine>
            <TextLine id="tr_1_tl_5" custom="readingOrder {index:4;}">
                <Coords points="314,3347 2014,3350 2014,3253 314,3256"/>
                <Baseline points="331,3336 360,3336 448,3330 535,3330 622,3330 710,3330 797,3330 884,3330 972,3330 1059,3324 1146,3324 1234,3324 1321,3324 1409,3324 1496,3318 1583,3318 1671,3318 1758,3318 1845,3318 1933,3318 2020,3324"/>
                <TextEquiv>
                    <Unicode>Bentigvoglio who celebrates so soon,</Unicode>
                </TextEquiv>
            </TextLine>
            <TextLine id="tr_1_tl_6" custom="readingOrder {index:5;}">
                <Coords points="326,3457 2160,3442 2230,3359 326,3362"/>
                <Baseline points="343,3429 401,3423 489,3423 576,3423 663,3423 751,3423 838,3423 925,3417 1013,3417 1100,3417 1187,3417 1275,3417 1362,3417 1449,3417 1537,3411 1624,3411 1711,3411 1799,3411 1886,3411 1973,3411 2061,3411 2148,3406 2235,3406"/>
                <TextEquiv>
                    <Unicode>His marriage and so may lack his thirst</Unicode>
                </TextEquiv>
            </TextLine>
            <TextLine id="tr_1_tl_7" custom="readingOrder {index:6;}">
                <Coords points="320,3543 2365,3543 2432,3424 323,3457"/>
                <Baseline points="337,3516 343,3516 430,3516 518,3516 605,3516 692,3516 780,3516 867,3510 954,3510 1042,3510 1129,3505 1216,3505 1304,3510 1391,3505 1478,3505 1566,3505 1653,3505 1740,3505 1828,3499 1915,3499 2002,3499 2090,3499 2177,3499 2264,3499 2352,3499 2439,3499"/>
                <TextEquiv>
                    <Unicode>At clear, unsullied pool where e er he will.</Unicode>
                </TextEquiv>
            </TextLine>
            <TextLine id="tr_1_tl_8" custom="readingOrder {index:7;}">
                <Coords points="339,3643 2197,3622 2258,3524 339,3546"/>
                <Baseline points="355,3609 430,3609 518,3609 605,3609 692,3609 780,3604 867,3604 954,3604 1042,3604 1129,3604 1216,3604 1304,3604 1391,3604 1478,3598 1566,3598 1653,3598 1740,3592 1828,3592 1915,3592 2002,3586 2090,3586 2177,3586 2264,3586"/>
                <TextEquiv>
                    <Unicode>The day's work never presses him too hard</Unicode>
                </TextEquiv>
            </TextLine>
            <TextLine id="tr_1_tl_9" custom="readingOrder {index:8;}">
                <Coords points="326,3716 2319,3719 2386,3604 326,3637"/>
                <Baseline points="343,3702 384,3702 471,3697 558,3697 646,3697 733,3697 820,3697 908,3691 995,3697 1082,3691 1170,3691 1257,3691 1344,3691 1432,3691 1519,3685 1606,3685 1694,3685 1781,3685 1868,3685 1956,3679 2043,3679 2130,3679 2218,3679 2305,3685 2392,3685"/>
                <TextEquiv>
                    <Unicode>Nor do his hours e'er lag dulled by satiety.</Unicode>
                </TextEquiv>
            </TextLine>
            <TextLine id="tr_1_tl_10" custom="readingOrder {index:9;}">
                <Coords points="326,3817 2261,3820 2542,3796 2545,3686 326,3726"/>
                <Baseline points="343,3790 366,3790 454,3790 541,3790 628,3790 716,3790 803,3790 890,3790 978,3784 1065,3784 1152,3784 1240,3784 1327,3784 1414,3778 1502,3778 1589,3778 1676,3778 1764,3784 1851,3778 1938,3772 2026,3772 2113,3772 2200,3772 2288,3772 2375,3772 2462,3767 2550,3772"/>
                <TextEquiv>
                    <Unicode>To be like him, held blameless, though my feet</Unicode>
                </TextEquiv>
            </TextLine>
            <TextLine id="tr_1_tl_11" custom="readingOrder {index:10;}">
                <Coords points="317,3912 2243,3896 2246,3802 1559,3793 1346,3857 320,3811"/>
                <Baseline points="337,3883 419,3883 506,3883 593,3883 681,3883 768,3877 855,3877 943,3877 1030,3877 1117,3877 1205,3877 1292,3877 1379,3877 1467,3871 1554,3871 1641,3871 1729,3866 1816,3866 1903,3866 1991,3866 2078,3866 2165,3866 2253,3871"/>
                <TextEquiv>
                    <Unicode>Had troadden upon men, as they were grass,</Unicode>
                </TextEquiv>
            </TextLine>
            <TextLine id="tr_1_tl_12" custom="readingOrder {index:11;}">
                <Coords points="326,3994 2563,3991 2652,3896 326,3903"/>
                <Baseline points="343,3976 390,3976 477,3976 564,3970 652,3970 739,3970 826,3970 914,3970 1001,3970 1088,3965 1176,3965 1263,3965 1350,3965 1438,3965 1525,3959 1612,3959 1700,3959 1787,3959 1874,3959 1962,3959 2049,3953 2136,3953 2224,3953 2311,3953 2398,3953 2486,3947 2573,3947 2660,3959"/>
                <TextEquiv>
                    <Unicode>beneath them. Till my sandals were...moist through</Unicode>
                </TextEquiv>
            </TextLine>
            <TextLine id="tr_1_tl_13" custom="readingOrder {index:12;}">
                <Coords points="326,4095 1721,4095 1873,4067 1873,3991 326,3994"/>
                <Baseline points="343,4063 395,4063 483,4063 570,4063 657,4063 745,4063 832,4058 919,4058 1007,4058 1094,4058 1181,4058 1269,4052 1356,4052 1443,4052 1531,4052 1618,4052 1705,4052 1793,4052 1880,4052"/>
                <TextEquiv>
                    <Unicode>With the wet dew of broken lives.</Unicode>
                </TextEquiv>
            </TextLine>
            <TextLine id="tr_1_tl_14" custom="readingOrder {index:13;}">
                <Coords points="320,4174 2542,4177 2581,4061 320,4101"/>
                <Baseline points="337,4157 407,4157 494,4162 582,4157 669,4157 756,4157 844,4151 931,4151 1018,4151 1106,4145 1193,4145 1280,4145 1368,4145 1455,4145 1542,4145 1630,4145 1717,4139 1804,4139 1892,4139 1979,4139 2066,4139 2154,4133 2241,4133 2328,4133 2416,4139 2503,4139 2590,4133"/>
                <TextEquiv>
                    <Unicode>To dare to do it I should like above all things.</Unicode>
                </TextEquiv>
            </TextLine>
            <TextLine id="tr_1_tl_15" custom="readingOrder {index:14;}">
                <Coords points="320,4278 2618,4284 2774,4263 2774,4168 320,4192"/>
                <Baseline points="337,4256 419,4256 506,4256 593,4256 681,4250 768,4250 855,4244 943,4244 1030,4244 1117,4244 1205,4250 1292,4244 1379,4244 1467,4238 1554,4238 1641,4238 1729,4238 1816,4238 1903,4232 1991,4232 2078,4232 2165,4232 2253,4232 2340,4227 2427,4232 2515,4227 2602,4232 2689,4232 2777,4238"/>
                <TextEquiv>
                    <Unicode>And should anyone oppose me appearing as an svenger,</Unicode>
                </TextEquiv>
            </TextLine>
            <TextLine id="tr_1_tl_16" custom="readingOrder {index:15;}">
                <Coords points="314,4363 2410,4366 2450,4253 314,4287"/>
                <Baseline points="331,4343 360,4349 448,4349 535,4349 622,4343 710,4343 797,4337 884,4337 972,4337 1059,4331 1146,4337 1234,4331 1321,4331 1409,4331 1496,4331 1583,4331 1671,4325 1758,4325 1845,4325 1933,4325 2020,4325 2107,4325 2195,4320 2282,4320 2369,4320 2457,4325"/>
                <TextEquiv>
                    <Unicode>I'd laugh him to soon, as if he were a foot,</Unicode>
                </TextEquiv>
            </TextLine>
            <TextLine id="tr_1_tl_17" custom="readingOrder {index:16;}">
                <Coords points="308,4458 2606,4421 2606,4351 2331,4333 311,4360"/>
                <Baseline points="326,4436 343,4436 430,4436 518,4436 605,4436 692,4430 780,4430 867,4430 954,4424 1042,4424 1129,4424 1216,4424 1304,4419 1391,4424 1478,4419 1566,4419 1653,4419 1740,4419 1828,4419 1915,4419 2002,4419 2090,4419 2177,4413 2264,4413 2352,4413 2439,4407 2526,4407 2614,4407"/>
                <TextEquiv>
                    <Unicode>Yet such audacity becomes me not. Thy gentleness</Unicode>
                </TextEquiv>
            </TextLine>
            <TextLine id="tr_1_tl_18" custom="readingOrder {index:17;}">
                <Coords points="320,4552 2304,4546 2307,4455 323,4473"/>
                <Baseline points="337,4529 390,4529 477,4535 564,4529 652,4529 739,4523 826,4523 914,4523 1001,4518 1088,4518 1176,4518 1263,4518 1350,4518 1438,4512 1525,4518 1612,4512 1700,4512 1787,4512 1874,4506 1962,4506 2049,4506 2136,4506 2224,4506 2311,4512"/>
                <TextEquiv>
                    <Unicode>Heaps coals of fire upon my head. Tell me,</Unicode>
                </TextEquiv>
            </TextLine>
            <TextLine id="tr_1_tl_19" custom="readingOrder {index:18;}">
                <Coords points="326,4641 1443,4617 1581,4662 2038,4623 2041,4537 330,4549"/>
                <Baseline points="343,4622 390,4628 477,4622 564,4622 652,4622 739,4622 826,4617 914,4617 1001,4617 1088,4611 1176,4611 1263,4611 1350,4605 1438,4611 1525,4605 1612,4605 1700,4605 1787,4605 1874,4599 1962,4599 2049,4593"/>
                <TextEquiv>
                    <Unicode>In what guise dost thou here appear?</Unicode>
                </TextEquiv>
            </TextLine>
            <TextLine id="tr_1_tl_20" custom="readingOrder {index:19;}">
                <Coords points="308,4723 2145,4717 2179,4607 311,4647"/>
                <Baseline points="326,4716 349,4716 436,4716 524,4716 611,4716 698,4716 786,4716 873,4710 960,4710 1048,4710 1135,4704 1222,4704 1310,4704 1397,4704 1484,4704 1572,4698 1659,4698 1746,4698 1834,4692 1921,4692 2008,4692 2096,4692 2183,4686"/>
                <TextEquiv>
                    <Unicode>If it is not but to avenue your wrongs?</Unicode>
                </TextEquiv>
            </TextLine>
        </TextRegion>
        <TextRegion id="tr_3" custom="readingOrder {index:3;}">
            <Coords points="2556,147 2986,147 2986,528 2556,528"/>
            <TextLine id="tr_3_tl_1" custom="readingOrder {index:0;}">
                <Coords points="2539,220 2569,220 2587,232 2606,226 2612,232 2627,229 2655,247 2688,250 2697,146 2652,150 2624,122 2603,125 2563,153 2545,150"/>
                <Baseline points="2556,209 2614,203 2701,197"/>
                <TextEquiv>
                    <Unicode>:</Unicode>
                </TextEquiv>
            </TextLine>
            <TextLine id="tr_3_tl_2" custom="readingOrder {index:1;}">
                <Coords points="2825,555 2844,555 2868,568 2877,558 2896,558 2920,543 2978,546 2978,439 2941,436 2935,442 2905,424 2890,430 2877,418 2868,427 2859,421 2844,430 2825,430"/>
                <Baseline points="2841,518 2928,518 2986,518"/>
                <TextEquiv>
                    <Unicode>17</Unicode>
                </TextEquiv>
            </TextLine>
        </TextRegion>
    </Page>
</PcGts>
