3528 5096
2739 506 2961 652 18.
991 572 1432 736 Fransesco
127 663 1388 838 silent,mother,I pray you!
980 838 1432 965 Orlandino
117 856 2943 1053 ell me, hold Francisco,you have had a little too much, have
113 1013 448 1129 ou not?
980 1096 1468 1271 Chiveluzzi
120 1169 2958 1333 he Roman soldiers will run away merely from seeing his wild
109 1315 401 1446 ance.
987 1457 1421 1577 Orlandino
117 1548 2827 1650 ome, most beautiful Rosina, we will forgive your brother smad
102 1617 3031 1752 good use this fine evening, the last to be vouchsafed us on this
109 1719 1391 1861 arth, for a delightful walk.
983 1843 1384 1960 Franceso
109 1890 2481 2073 The last say you? shall I make it true on the spot?
976 2043 1424 2196 Orlandino
117 2127 2892 2262 as, how? Is this tone in earnest? Well, then we’ll talk about
120 2244 1118 2368 the matter difficulty,
368 2291 1373 2462 He grasps his dagger)
983 2470 1424 2601 Francesco
284 2502 1049 2685 (Has drawn his)
987 2648 1286 2801 Rosina
357 2725 1938 2918 Locks at Princesco in wonderment)
98 2801 1126 2987 ow fine he looks thus!
987 2990 1424 3122 Orlandino
233 3085 2929 3194 I will not profane my danger on the eye of a day of great
102 3089 2885 3275 beds in a trial fight. My life does not belong to myAoods
98 3260 2634 3388 my longer, but to my country! Some, onele, let us retire.
969 3358 1468 3504 Chiveluzzi
102 3464 2838 3617 es, I will retire. But, (as he leaves) not without heartily
109 3573 1315 3672 aughing at this youngster.
361 3639 3001 3777 Laughs with effort, in short, low puffs. Exits with Orkan-
375 3719 663 3854 dino.
969 3817 1421 3992 Francesco
84 3876 936 4105 There is Beatrice?
969 4069 1413 4196 Mrs.Nardi
357 4112 1963 4280 Anxtously,but firmly with purpose)
91 4218 2331 4386 That is the matter with you? Have you gone crazy?
969 4367 1268 4498 Rosina
98 4473 1690 4644 ow handsome you look! To be sure.
954 4597 1442 4768 Francesco
91 4670 889 4859 There is Beatrice?
