3752 5112
2019 107 2229 302 -:e.
1388 164 1575 356 14 1
1399 451 1996 635 First Waiden
474 566 2386 757 Well I won't exactly say that I knew it.
1407 734 2046 895 Second Maiden
466 749 987 979 I knew it!
1396 944 1759 1097 Capponi
455 1025 3262 1216 Well, what further? Such a thing as that has occured before.
1399 1147 1725 1312 Rosina
455 1235 1334 1426 Basini,is it true?
1365 1273 1897 1445 Is it true?
1396 1403 1717 1579 Basini
470 1464 1285 1671 Certainly, Rosina.
1399 1602 1744 1759 Capponi
466 1705 2688 1897 Oh, I’ve been laelling my rose water too cheaply!
1399 1877 1992 2000 First Maiden
474 1923 1350 2061 But tell us, Basini,
1388 1942 3384 2122 how will the Duke find out which one of us
474 2050 1503 2202 is the most beautiful?
1399 2168 2027 2283 Second Haiden
463 2252 3376 2436 It will be necessary for us all to go to the castle I'm sure!
1377 2405 1717 2558 Rosina
792 2478 1269 2608 To Basini)
1346 2570 3254 2738 Or have you only told us this to make me
451 2550 1315 2677 Is it really true?
474 2646 1029 2795 quitenn?
1384 2765 1702 2902 Basini
463 2868 2784 3021 What have I to do with your getting crazy,Rosina?
1388 3017 1694 3135 Rosina
455 3040 3472 3281 Where is he now?Basini,good Basini, if I am not chosen to-night
455 3189 1262 3334 I'll kill myself!
1384 3330 1694 3441 Basini
451 3373 1736 3587 But there are other elgets!
1377 3548 1679 3678 Rosina
444 3610 3300 3820 No, no other night, I know that well enough Basini, as well as
447 3728 803 3851 you do.
1373 3816 1686 3973 Basini
451 3881 3518 4088 I thought you had gotten over your love for him during the Duke's
444 4034 3384 4168 absence? You were seen with so many fine young fellows off and
440 4114 619 4275 on.
1380 4214 1694 4367 Rosina
432 4302 2635 4504 Not one of them but made me long for him more.
677 4478 2845 4654 (Bennu zzo a youg lad enters quickly from L.)
