3704 5064
2127 343 3345 583 The Shepherd’s Flute, 10.
724 676 3024 923 behind him, and went slowly up the Guirs to his
746 945 3098 1134 Tower-room. He had stood but a short time at the
740 1086 3172 1243 little dormer widow, his eyes bent towards the val¬
734 1243 3108 1400 ley, when he saw his wife, with a curiousieating
734 1419 3223 1531 gait, which he had never noticed in her, hurry across
734 1531 3306 1714 the meadow in the direction of the lighbouring forest,
721 1663 3233 1836 from whosebringing the music of the flute rang out at
718 1836 3201 2050 her aproach. She soonéeppcared among the trees,
718 2006 3002 2198 and the next moment Erasmus heard the flute fall
718 2159 1080 2326 silent.
