3928 5160
3248 437 3414 627 6.
1468 508 1888 671 Beartiee
1858 607 2922 780 Yes, this was the last.
776 732 2546 936 ( unter Magnani. Cosini follows him.)
1485 898 1844 1058 Magnani
1509 983 2346 1163 forfeited my life,
542 997 1444 1139 My Prince, if I have
549 1112 2031 1264 take it, since I find you alive!
1498 1251 1698 1373 Dulw
542 1309 2237 1458 You too, Cosini? Tell me where am I?
1498 1444 1807 1597 cosini
559 1539 2390 1736 You know not? In Filippo Loschi'a house!
1481 1715 1722 1831 Duke
1481 1810 2044 1909 - Andt his-
549 1783 1441 1949 In Loschi' a house?
1505 1878 1997 1990 to corpse)
878 1888 1481 2031 Takes Cosin
1509 1959 1810 2078 Cosini
1970 1966 3282 2166 By the Almighty God 'tis...
1502 2156 1729 2288 Duke
549 2237 1309 2407 Filippo Loschi?
1522 2349 1800 2515 cosini
1509 2468 2190 2624 Yes, it was he!
1505 2634 1726 2776 Dulm
902 2692 1458 2834 To Beatrice
556 2790 2817 2898 He died on your account? And thou betrayed him?
566 2861 2922 2983 And me because of him? And again he because of me?
566 2943 2366 3071 What kind of a being are you Beatrice?
566 3037 2092 3136 And all this terrible had to be.
583 3105 2112 3204 That I should see Filippo Loschi-
580 3149 2288 3288 But once and thus? kystical control!
580 3261 2068 3387 Into what depths must I dankend
586 3305 2502 3482 To find the root,where they intertwine?
831 3434 3549 3631 ( vnter Francesoo;right behind him old Nardi and his wife,
912 3549 2939 3695 and Rosina in chains; servants follow them.)
1522 3712 1739 3817 Duke
580 3753 1942 3936 What is the meaning of this?
1509 3902 1885 4099 Magnani
1987 3980 2715 4129 Sire, forgive me
580 4078 3014 4227 It was imperative to take matters into my own hands
597 4176 2661 4349 To control the first one who should flSobey.
590 4271 2112 4366 I had these follow me, uncertain,
590 4332 2265 4458 How far they might be guilty, and if
590 4404 2678 4543 In such lack of t imo each delay might not be
580 4485 2326 4641 A remmciation of truth and justice.
1522 4617 1776 4770 Duke
580 4715 1088 4858 In chains?
