3512 5112
2416 139 2630 299 V. F.
826 192 1011 338 '1' 1
2826 384 3000 520 14
1448 623 1776 808 Ercole
270 726 2644 929 Then let us hasten! Came you not with us, Filippo?
1445 936 1833 1093 Filippo
520 1032 1395 1174 there -- with you?
541 1107 3050 1281 (throws up his eyes) as if thinking what would happen
566 1242 1374 1377 if he went there)
1456 1356 1890 1530 Lucrezis
577 1480 1249 1641 (near Filippo)
274 1573 2548 1712 Listen to my vow, before I leave you, Filippo —
274 1701 2730 1854 As you have doubted the truth of my words, I swear -
1448 1829 1865 1986 Isabella
1925 1900 2911 2068 I could have wagered,
302 2036 2733 2178 That she would Hvear to something! She always does!
1445 2196 1879 2338 Lucrezia
1929 2285 2673 2427 That never more,
285 2381 3146 2516 Shall any youth embrace me, or it shall be his last day here,
302 2505 1566 2601 upon this earth! Farewell!
548 2587 2989 2694 (Exeunt Lucrezia, Isabella, Eroole and the musicians
562 2683 730 2794 L.)
1466 2840 1822 2972 Filippo
537 2925 1851 3053 (alone, and greatly excited)
285 3043 2228 3157 They celebrate her weedding with the Duke,
302 3132 2103 3246 while I'm awaiting her return. From me
306 3210 2317 3335 But scarcely psrted – on her homeward way,
302 3320 2203 3424 She meets poor Vittorino — and premises
306 3399 2335 3516 To wed the hapless youth, who proudly leads
295 3498 2238 3605 Her to the church — But to surrender her
306 3577 2438 3694 In turn, to My Lord Duke – who erstwhile won
295 3676 2160 3787 Her favor in a dream. The almost ground
302 3754 2320 3886 Deserted and heartbroken dies, while I......
302 3861 2363 3989 I await her coming. She, like youder stars,
302 3961 2238 4064 Which measure in a moment, heaven s space
285 4036 2384 4157 Has compassad the whole world since eventide
292 4132 1630 4278 while I do wait — and wait!
555 4203 3046 4338 (door R. open and Andrea enters. Filippo goes to him
573 4292 3053 4452 quickly and continues to speak with great Leatation)
292 4402 2068 4520 Andrea, do you come at last! — I beg
306 4502 2303 4637 You stay not your just with. Impatiently
302 4612 1466 4726 I wait here for the end.
