<?xml version="1.0" encoding="UTF-8" standalone="yes"?>
<PcGts xmlns="http://schema.primaresearch.org/PAGE/gts/pagecontent/2013-07-15" xmlns:xsi="http://www.w3.org/2001/XMLSchema-instance" xsi:schemaLocation="http://schema.primaresearch.org/PAGE/gts/pagecontent/2013-07-15 http://schema.primaresearch.org/PAGE/gts/pagecontent/2013-07-15/pagecontent.xsd">
    <Metadata>
        <Creator>prov=READ-COOP:name=TrHtr:version=2.1.0:model_id=51170:date=15_08_2023_08:06</Creator>
        <Created>2023-05-10T15:12:08.904+02:00</Created>
        <LastChange>2023-08-15T08:06:53.914+02:00</LastChange>
        <TranskribusMetadata docId="1428822" pageId="55432867" pageNr="186" tsid="132842091" status="IN_PROGRESS" userId="64420" imgUrl="https://files.transkribus.eu/Get?id=WKVXYCNPZSNMVDTUYKIVLNAT&amp;fileType=view" xmlUrl="https://files.transkribus.eu/Get?id=MGJYZATCCVVWLDJJSGBSSRBB" imageId="44706903"/>
    </Metadata>
    <Page imageFilename="1428822_0186.jpg" imageWidth="3896" imageHeight="5080">
        <ReadingOrder>
            <OrderedGroup id="ro_1711803544045" caption="Regions reading order">
                <RegionRefIndexed index="0" regionRef="tr_1"/>
                <RegionRefIndexed index="1" regionRef="tr_2"/>
            </OrderedGroup>
        </ReadingOrder>
        <TextRegion id="tr_1" custom="readingOrder {index:0;}">
            <Coords points="895,409 3480,409 3480,2893 895,2893"/>
            <TextLine id="tr_1_tl_1" custom="readingOrder {index:0;}">
                <Coords points="2299,502 2562,537 2605,502 2895,496 3033,546 3154,487 3295,515 3435,484 3435,387 3398,378 3229,412 3026,365 2774,393 2611,334 2299,371"/>
                <Baseline points="2316,465 2405,465 2495,459 2584,459 2674,465 2763,459 2853,459 2942,459 3032,465 3122,465 3211,465 3301,465 3390,471 3444,471"/>
                <TextEquiv>
                    <Unicode>The Shepherd's Flute, 6.</Unicode>
                </TextEquiv>
            </TextLine>
            <TextLine id="tr_1_tl_2" custom="readingOrder {index:1;}">
                <Coords points="902,889 2742,927 3073,908 3073,780 902,805"/>
                <Baseline points="919,859 1008,853 1098,847 1187,847 1277,847 1367,847 1456,847 1546,847 1635,853 1725,847 1814,847 1904,853 1993,853 2083,853 2172,853 2262,853 2351,853 2441,853 2531,859 2620,859 2710,859 2799,859 2889,859 2978,859 3068,865 3080,865"/>
                <TextEquiv>
                    <Unicode>yourself above the laws of conjugal monality?"</Unicode>
                </TextEquiv>
            </TextLine>
            <TextLine id="tr_1_tl_3" custom="readingOrder {index:2;}">
                <Coords points="1142,1045 3104,1108 3426,1048 3426,936 3317,917 2898,980 1142,905"/>
                <Baseline points="1158,984 1247,996 1337,1002 1426,1002 1516,1008 1605,1008 1695,1008 1784,1008 1874,1008 1963,1008 2053,1014 2143,1008 2232,1014 2322,1014 2411,1014 2501,1014 2590,1014 2680,1020 2769,1020 2859,1020 2948,1026 3038,1026 3127,1026 3217,1026 3307,1020 3396,1026 3432,1026"/>
                <TextEquiv>
                    <Unicode>"I do not understand,” cried Dionysia, perplexed,</Unicode>
                </TextEquiv>
            </TextLine>
            <TextLine id="tr_1_tl_4" custom="readingOrder {index:3;}">
                <Coords points="927,1186 3298,1220 3298,1117 3164,1086 927,1089"/>
                <Baseline points="943,1146 1032,1158 1122,1164 1211,1164 1301,1164 1390,1164 1480,1164 1569,1170 1659,1170 1749,1170 1838,1170 1928,1170 2017,1164 2107,1170 2196,1175 2286,1170 2375,1175 2465,1175 2554,1175 2644,1175 2734,1175 2823,1175 2913,1175 3002,1175 3092,1175 3181,1175 3271,1175 3307,1175"/>
                <TextEquiv>
                    <Unicode>"what you mean to say by all this. I have not the</Unicode>
                </TextEquiv>
            </TextLine>
            <TextLine id="tr_1_tl_5" custom="readingOrder {index:4;}">
                <Coords points="902,1332 3295,1373 3295,1220 2989,1289 902,1254"/>
                <Baseline points="919,1319 1008,1319 1098,1319 1187,1319 1277,1319 1367,1319 1456,1319 1546,1325 1635,1325 1725,1325 1814,1325 1904,1325 1993,1331 2083,1331 2172,1331 2262,1325 2351,1331 2441,1331 2531,1331 2620,1331 2710,1337 2799,1331 2889,1337 2978,1337 3068,1337 3157,1337 3247,1337 3301,1343"/>
                <TextEquiv>
                    <Unicode>slightest inclination to try any such thing, and I</Unicode>
                </TextEquiv>
            </TextLine>
            <TextLine id="tr_1_tl_6" custom="readingOrder {index:5;}">
                <Coords points="911,1498 3348,1544 3345,1438 3104,1382 908,1407"/>
                <Baseline points="925,1474 1014,1474 1104,1474 1193,1474 1283,1474 1372,1474 1462,1474 1552,1474 1641,1480 1731,1480 1820,1480 1910,1480 1999,1480 2089,1486 2178,1486 2268,1486 2357,1486 2447,1486 2537,1486 2626,1492 2716,1492 2805,1492 2895,1492 2984,1492 3074,1498 3163,1498 3253,1498 3342,1498 3354,1498"/>
                <TextEquiv>
                    <Unicode>assure you that I feel perfectly satisfied and happy</Unicode>
                </TextEquiv>
            </TextLine>
            <TextLine id="tr_1_tl_7" custom="readingOrder {index:6;}">
                <Coords points="902,1647 1095,1644 1232,1694 1548,1641 1576,1669 1897,1666 1897,1554 1838,1532 1660,1572 1566,1535 1491,1579 1101,1563 1033,1594 902,1566"/>
                <Baseline points="919,1629 1008,1629 1098,1629 1187,1629 1277,1635 1367,1629 1456,1635 1546,1629 1635,1629 1725,1629 1814,1635 1904,1629"/>
                <TextEquiv>
                    <Unicode>in my present state."</Unicode>
                </TextEquiv>
            </TextLine>
            <TextLine id="tr_1_tl_8" custom="readingOrder {index:7;}">
                <Coords points="1142,1813 3473,1835 3473,1713 3282,1691 1142,1722"/>
                <Baseline points="1158,1766 1247,1772 1337,1778 1426,1784 1516,1784 1605,1784 1695,1790 1784,1790 1874,1784 1963,1790 2053,1790 2143,1790 2232,1796 2322,1796 2411,1796 2501,1796 2590,1796 2680,1796 2769,1796 2859,1802 2948,1802 3038,1796 3127,1802 3217,1802 3307,1802 3396,1802 3480,1802"/>
                <TextEquiv>
                    <Unicode>"I do not doubt that, Dionysia. But do you still</Unicode>
                </TextEquiv>
            </TextLine>
            <TextLine id="tr_1_tl_9" custom="readingOrder {index:8;}">
                <Coords points="895,1975 3288,2012 3288,1872 895,1847"/>
                <Baseline points="913,1940 1002,1940 1092,1940 1181,1940 1271,1940 1361,1940 1450,1946 1540,1946 1629,1940 1719,1946 1808,1946 1898,1946 1987,1952 2077,1946 2166,1952 2256,1952 2345,1952 2435,1952 2525,1952 2614,1952 2704,1952 2793,1952 2883,1957 2972,1957 3062,1957 3151,1957 3241,1957 3295,1952"/>
                <TextEquiv>
                    <Unicode>not understand that this has no further meaning for</Unicode>
                </TextEquiv>
            </TextLine>
            <TextLine id="tr_1_tl_10" custom="readingOrder {index:9;}">
                <Coords points="877,2147 3260,2137 3260,2028 3098,2003 877,2019"/>
                <Baseline points="895,2095 984,2101 1074,2095 1164,2095 1253,2095 1343,2101 1432,2101 1522,2095 1611,2095 1701,2101 1790,2101 1880,2101 1969,2101 2059,2107 2149,2107 2238,2107 2328,2107 2417,2107 2507,2107 2596,2107 2686,2107 2775,2107 2865,2107 2954,2107 3044,2113 3133,2113 3223,2107 3265,2113"/>
                <TextEquiv>
                    <Unicode>me, and can have none, now that in the still hours</Unicode>
                </TextEquiv>
            </TextLine>
            <TextLine id="tr_1_tl_11" custom="readingOrder {index:10;}">
                <Coords points="892,2293 3285,2278 3282,2215 2786,2156 2640,2221 889,2165"/>
                <Baseline points="907,2244 996,2238 1086,2250 1175,2250 1265,2250 1355,2250 1444,2250 1534,2250 1623,2250 1713,2250 1802,2256 1892,2256 1981,2256 2071,2256 2160,2256 2250,2256 2340,2262 2429,2262 2519,2262 2608,2256 2698,2256 2787,2262 2877,2262 2966,2256 3056,2262 3145,2262 3235,2262 3289,2262"/>
                <TextEquiv>
                    <Unicode>of the night I have been given to see that the pro¬</Unicode>
                </TextEquiv>
            </TextLine>
            <TextLine id="tr_1_tl_12" custom="readingOrder {index:11;}">
                <Coords points="889,2462 3304,2446 3148,2331 889,2340"/>
                <Baseline points="907,2399 996,2399 1086,2399 1175,2399 1265,2399 1355,2405 1444,2405 1534,2405 1623,2405 1713,2405 1802,2405 1892,2405 1981,2405 2071,2411 2160,2411 2250,2411 2340,2411 2429,2405 2519,2411 2608,2411 2698,2411 2787,2417 2877,2417 2966,2411 3056,2417 3145,2417 3235,2417 3313,2423"/>
                <TextEquiv>
                    <Unicode>foundest secret of your soul may yet slumber bidden</Unicode>
                </TextEquiv>
            </TextLine>
            <TextLine id="tr_1_tl_13" custom="readingOrder {index:12;}">
                <Coords points="886,2580 3366,2590 3295,2452 3154,2524 883,2508"/>
                <Baseline points="901,2548 990,2548 1080,2548 1170,2554 1259,2554 1349,2554 1438,2554 1528,2554 1617,2560 1707,2560 1796,2560 1886,2566 1975,2560 2065,2566 2154,2566 2244,2566 2334,2566 2423,2566 2513,2566 2602,2566 2692,2566 2781,2566 2871,2572 2960,2566 3050,2572 3139,2566 3229,2572 3319,2572 3372,2566"/>
                <TextEquiv>
                    <Unicode>and unawakened within you? In order that I may find</Unicode>
                </TextEquiv>
            </TextLine>
            <TextLine id="tr_1_tl_14" custom="readingOrder {index:13;}">
                <Coords points="892,2746 3298,2761 3295,2640 889,2640"/>
                <Baseline points="907,2716 996,2710 1086,2710 1175,2710 1265,2710 1355,2710 1444,2710 1534,2716 1623,2716 1713,2716 1802,2716 1892,2716 1981,2722 2071,2722 2160,2722 2250,2722 2340,2722 2429,2722 2519,2722 2608,2722 2698,2722 2787,2728 2877,2722 2966,2722 3056,2722 3145,2728 3235,2728 3301,2722"/>
                <TextEquiv>
                    <Unicode>peace, which otherwise is forever lost to me, it is</Unicode>
                </TextEquiv>
            </TextLine>
            <TextLine id="tr_1_tl_15" custom="readingOrder {index:14;}">
                <Coords points="877,2889 3295,2905 3292,2817 3048,2789 874,2796"/>
                <Baseline points="895,2859 984,2865 1074,2859 1164,2865 1253,2865 1343,2865 1432,2865 1522,2865 1611,2871 1701,2871 1790,2871 1880,2871 1969,2871 2059,2871 2149,2871 2238,2877 2328,2877 2417,2877 2507,2877 2596,2877 2686,2877 2775,2877 2865,2877 2954,2877 3044,2877 3133,2883 3223,2877 3301,2883"/>
                <TextEquiv>
                    <Unicode>indispensible that this secret should be brought to</Unicode>
                </TextEquiv>
            </TextLine>
        </TextRegion>
        <TextRegion id="tr_2" custom="readingOrder {index:1;}">
            <Coords points="871,2970 3384,2970 3384,4331 871,4331"/>
            <TextLine id="tr_2_tl_1" custom="readingOrder {index:0;}">
                <Coords points="880,3076 3379,3098 3376,2936 877,2933"/>
                <Baseline points="895,3020 984,3020 1074,3020 1164,3020 1253,3020 1343,3020 1432,3026 1522,3026 1611,3020 1701,3026 1790,3026 1880,3032 1969,3032 2059,3032 2149,3032 2238,3032 2328,3032 2417,3032 2507,3032 2596,3032 2686,3038 2775,3032 2865,3038 2954,3038 3044,3038 3133,3038 3223,3038 3313,3038 3384,3038"/>
                <TextEquiv>
                    <Unicode>light; and therefore, Dionysia, I have decided to set</Unicode>
                </TextEquiv>
            </TextLine>
            <TextLine id="tr_2_tl_2" custom="readingOrder {index:1;}">
                <Coords points="883,3229 952,3248 1083,3229 1117,3251 1173,3226 1242,3235 1310,3198 1379,3217 1379,3089 1338,3076 1279,3108 1223,3083 1192,3111 1142,3098 1064,3120 1039,3101 883,3132"/>
                <Baseline points="901,3181 990,3175 1080,3169 1170,3175 1259,3175 1349,3175 1384,3181"/>
                <TextEquiv>
                    <Unicode>jou free."</Unicode>
                </TextEquiv>
            </TextLine>
            <TextLine id="tr_2_tl_3" custom="readingOrder {index:2;}">
                <Coords points="1123,3354 3304,3404 3301,3242 1120,3260"/>
                <Baseline points="1140,3313 1229,3324 1319,3330 1408,3336 1498,3336 1587,3336 1677,3336 1766,3336 1856,3336 1946,3342 2035,3342 2125,3348 2214,3348 2304,3348 2393,3348 2483,3348 2572,3354 2662,3354 2751,3354 2841,3354 2930,3360 3020,3360 3110,3360 3199,3360 3289,3372 3313,3366"/>
                <TextEquiv>
                    <Unicode>"To set me free?" repeated Dionysia helelessly,</Unicode>
                </TextEquiv>
            </TextLine>
            <TextLine id="tr_2_tl_4" custom="readingOrder {index:3;}">
                <Coords points="877,3529 1192,3579 1476,3516 1560,3554 1938,3535 1938,3460 1753,3423 877,3429"/>
                <Baseline points="895,3486 984,3492 1074,3492 1164,3492 1253,3498 1343,3498 1432,3498 1522,3498 1611,3498 1701,3498 1790,3504 1880,3510 1946,3510"/>
                <TextEquiv>
                    <Unicode>with wide-opened eyes.</Unicode>
                </TextEquiv>
            </TextLine>
            <TextLine id="tr_2_tl_5" custom="readingOrder {index:4;}">
                <Coords points="1092,3678 3248,3738 3245,3632 3117,3572 1092,3566"/>
                <Baseline points="1110,3647 1199,3647 1289,3653 1378,3659 1468,3659 1558,3659 1647,3659 1737,3665 1826,3665 1916,3665 2005,3665 2095,3665 2184,3665 2274,3665 2363,3665 2453,3665 2542,3665 2632,3671 2722,3671 2811,3671 2901,3677 2990,3677 3080,3677 3169,3683 3253,3683"/>
                <TextEquiv>
                    <Unicode>Erasmus continued undisturbed: "Pay attention</Unicode>
                </TextEquiv>
            </TextLine>
            <TextLine id="tr_2_tl_6" custom="readingOrder {index:5;}">
                <Coords points="861,3803 3204,3872 3201,3750 3126,3741 2914,3813 2605,3725 858,3753"/>
                <Baseline points="877,3802 967,3808 1056,3808 1146,3808 1235,3814 1325,3814 1414,3814 1504,3814 1593,3820 1683,3820 1772,3826 1862,3820 1952,3820 2041,3820 2131,3820 2220,3826 2310,3826 2399,3820 2489,3826 2578,3826 2668,3832 2757,3832 2847,3832 2936,3832 3026,3832 3116,3832 3205,3838 3211,3838"/>
                <TextEquiv>
                    <Unicode>to me, Dionysia, and try to understand me. From</Unicode>
                </TextEquiv>
            </TextLine>
            <TextLine id="tr_2_tl_7" custom="readingOrder {index:6;}">
                <Coords points="867,3981 3370,4025 3370,3916 3201,3866 1229,3919 867,3853"/>
                <Baseline points="883,3957 973,3963 1062,3969 1152,3969 1241,3969 1331,3969 1420,3969 1510,3969 1599,3975 1689,3975 1778,3975 1868,3975 1957,3975 2047,3981 2137,3981 2226,3981 2316,3981 2405,3981 2495,3987 2584,3987 2674,3987 2763,3987 2853,3987 2942,3987 3032,3993 3122,3993 3211,3993 3301,3999 3378,3999"/>
                <TextEquiv>
                    <Unicode>this moment I surrender all the rights over you which</Unicode>
                </TextEquiv>
            </TextLine>
            <TextLine id="tr_2_tl_8" custom="readingOrder {index:7;}">
                <Coords points="855,4137 3357,4193 3357,4090 3089,4025 852,4031"/>
                <Baseline points="871,4112 961,4112 1050,4118 1140,4124 1229,4124 1319,4124 1408,4124 1498,4130 1587,4130 1677,4130 1766,4130 1856,4136 1946,4136 2035,4136 2125,4136 2214,4142 2304,4142 2393,4142 2483,4142 2572,4142 2662,4142 2751,4148 2841,4148 2930,4148 3020,4148 3110,4154 3199,4154 3289,4160 3366,4160"/>
                <TextEquiv>
                    <Unicode>have Ritherto been vested in me: the right of warning</Unicode>
                </TextEquiv>
            </TextLine>
            <TextLine id="tr_2_tl_9" custom="readingOrder {index:8;}">
                <Coords points="855,4352 3254,4384 3332,4262 852,4203"/>
                <Baseline points="871,4292 961,4280 1050,4286 1140,4286 1229,4286 1319,4286 1408,4286 1498,4286 1587,4292 1677,4292 1766,4298 1856,4292 1946,4298 2035,4298 2125,4298 2214,4303 2304,4303 2393,4303 2483,4303 2572,4303 2662,4303 2751,4303 2841,4303 2930,4303 3020,4315 3110,4309 3199,4315 3289,4315 3336,4321"/>
                <TextEquiv>
                    <Unicode>you, of lrestraining you, and of punishing you. In-</Unicode>
                </TextEquiv>
            </TextLine>
        </TextRegion>
    </Page>
</PcGts>
