3768 5096
1447 467 1763 629 Rosina
509 563 2662 772 Well,Basini,have you anything new to tell us?
1450 706 1755 856 Basini
498 806 3020 999 Much! Who knows,what may happen to you to-day,Rosina!
1458 930 1767 1088 Rosina
509 1026 1717 1211 What do you mean by that?
1458 1184 2056 1350 Firstdaiden
509 1269 1751 1466 What may happen to Rosina?
1443 1385 1751 1551 Basini
505 1493 1940 1674 She or you,--or you-- or you--
768 1643 2006 1844 (To the different girls.)
1447 1809 1825 1987 Several
509 1832 1030 2060 Well what?
1450 2037 1763 2156 Basini
509 2118 2176 2272 great good fortune and great honor!
1439 2260 1767 2423 Rosina
521 2342 1373 2488 Go on and tell us!
1439 2473 1755 2608 Basini
505 2561 2241 2750 As if you did'nt know better than I!
1458 2712 1825 2889 Several
528 2762 1076 2974 What? What?
1450 2955 1763 3067 Basini
517 3028 3487 3175 You don’t know that to-night the Duke—, it is not possible that
525 3109 2453 3275 you tell me that you don't know! Get out!
760 3248 2696 3452 ( Makes a primace, and is about to leave.)
1477 3395 2017 3587 maidens
837 3483 1412 3614 Insistingly
509 3576 2442 3761 We know nothing! What is the Duke to do?
1450 3722 1782 3827 Basini
528 3800 3402 3923 You don’t know that the most beautiful one of you—and when I
521 3892 3202 3996 say you I mean naturally not you who are about me now, for
528 3931 3441 4120 it is pure accident that you are here,but the most beautiful of
521 4031 2704 4205 all the pretty girls in Bologna,yes that's it.
1462 4158 1994 4293 Maidens
513 4224 3611 4367 Well what? Well what? You haven't told us what! What will the Duka
517 4355 694 4482 do?
1450 4428 1782 4594 Rosina
509 4455 2947 4702 The Duke will do what for the most beautiful one--
1458 4660 1767 4822 Basini
528 4752 3422 4911 Will summon the most beautiful one to his palace this evening!
517 4884 1963 4968 But you've known it all along.
