3752 5096
1340 161 1603 315 Nardi
409 274 3427 405 Signor Chiveluzzi will buy the ring. He '11 give a hundred ducats
428 375 1137 499 for it, surely.
1261 383 3363 495 Then we'll buy the clothes for the children.
405 465 1269 586 Where are they
1280 473 1727 642 Mrs.Nardi
353 582 1625 762 They have gone off to play.
1284 762 1528 860 Nardi
349 766 3131 950 Why have they not returned? It is dark—why are they not at
353 923 2706 1051 home? Beatrice will get lost as she was yesterday.
593 1036 2890 1209 ( unter old Chiveluzzi and his nephew Orlandino.)
1280 1216 1764 1333 Chivaluzzi
338 1261 3307 1449 What is that you say! The beautiful Bestrice was 1 ost yester-
327 1378 503 1535 day?
1284 1490 1719 1637 Mrs.Nardi
353 1592 2057 1772 You know about it--seven years ago!
1291 1749 1757 1866 Chiveluzzi
368 1757 3224 1933 Well,stown up girl's go astray at times. Where are your charm-
353 1922 1486 2027 ing daughter s, Mrs.Nardi?
1284 2016 1715 2173 Mrs.Nardi
360 2095 2571 2275 Are you too thinking about nothing else to-day?
1280 2290 1764 2406 Chiveluzzi
353 2354 3146 2508 never about anything else--never! Ah, here comes delightful
334 2462 691 2613 Rosina!
676 2564 1284 2763 Eter Rosina)
1280 2658 1719 2785 Orlandino
349 2736 1757 2920 Good evening, beautiful Rosina!
1284 2913 1719 3014 Mrs.Nardi
353 2973 1854 3161 Why have you let your hair down?
1291 3142 1539 3255 Nardi,
342 3179 3247 3352 Where are you going, Rosina? I am trying my eyes out. Where is
330 3303 1708 3465 Francesco? Where is Beatrice?
1284 3446 1715 3577 Mrs.Nardi
338 3536 2008 3652 If you go to them you '11 find them.
1269 3679 1554 3810 Nardi
661 3735 1231 3878 As he exits)
353 3791 3071 3994 Well, I '11 show you--even late in the evening, even late in
349 3930 1753 4054 the night,just wait, just wait!
683 4009 980 4118 Exits)
1284 4129 1768 4302 Chiveluzzi
661 4227 1092 4358 Laughing)
338 4234 1798 4426 How comical the old fellow is!
1273 4399 1738 4576 Mrs.Nardi
342 4497 1258 4673 Don't laugh at him!
1273 4640 1764 4797 Chilevuzzi
342 4688 3285 4880 What is the matter with you? Why should I not length? Is it not
353 4861 3277 4966 a delicious thought that just we two have been the ones to make
