3912 5144
1830 666 2234 826 Beatrice
645 732 2718 930 Then let us go Look you, when we are home,
655 868 2185 965 You may ask me all and know all.
638 937 2600 1080 But away from here! - Am I not your wife?
662 1021 2436 1112 And that I did all this – well yes —
662 1105 2725 1192 You know not, what it was, yet it is much --
655 1167 2830 1296 And was only for you -- Therefore must be well
645 1265 2485 1363 I love you so! And when the day comes,
666 1338 2635 1460 you leave me, and whether you ever return,
662 1415 2586 1526 Who knows? Who knows? — The veil keep I,
638 1492 2258 1600 I shall not lose it a second time!
899 1558 3095 1676 (withctreased excitement, almost to madness.)
648 1607 1798 1739 home then! Long you not
638 1694 2464 1809 For my kisses? Think, what thou didst
673 1784 1997 1913 To win me! Art still a Duke.
641 1875 2962 1983 And took me at once as wife, since I demanded it,
638 1955 2492 2042 Ang given me so much, and gave a feast
638 2035 2812 2133 And tomorrow early you must leave – listen –
892 2105 1840 2220 (with a last effort)
641 2161 1230 2307 I love thee!
1805 2311 2018 2429 Duke
1579 2380 2464 2506 Be quiet, Beatrice,
641 2467 2764 2596 Thou art forgiven, thou remainst the Duchess,
638 2558 2349 2673 And in my arms I told you as my wife.
1812 2694 2216 2833 Beatrice
579 2767 1143 2917 Then come!
1812 2917 2025 3032 Duke
1119 2990 2544 3133 Where to? The gorgeous suite,
638 3088 2377 3192 Where my father's held their marriage,
641 3171 3234 3265 And where I was conceived by former's princely daughter
624 3252 3426 3377 does not appear to me, to be the place for our bridal night
1795 3377 2216 3506 Beatrice
624 3475 2492 3579 Not noble is my race, I know — But see
631 3534 3077 3687 I am most beautiful, and you took me for your wife!
1805 3680 2018 3820 Duke
641 3753 1756 3879 Thou art so!I grasp it.
1795 3732 2621 3921 But I am adverse,
641 3861 2175 3962 To return with thee to my castle,
638 3945 3373 4057 I would chosse another place for our kestival. of happiness
1791 4070 2209 4213 Beatrice
620 4154 1565 4290 Where would you go?
1795 4234 2018 4346 Duke
1565 4307 2516 4436 I know of no better,
620 4356 2865 4534 Than this one here, where you 12opped the veil.
1784 4520 2248 4701 Beatrice
610 4604 1959 4788 What -- did you say? Here!
