3496 5080
2389 131 2636 283 Votre trèsse
2741 365 2921 519 13
315 661 2448 769 Itself, sent us a most extraordinary portent.
1485 848 1867 973 Filippo
329 848 989 1088 What portent?
1495 1091 1824 1226 Ercole
322 1206 2034 1305 At the very moment, that Bentivoglio
342 1301 2080 1410 Stood before the alter with Beatrice.
332 1384 2491 1512 There fell from Heaven, before all the people,
332 1466 2129 1600 Who had crowded into the market place,
319 1571 2297 1683 A black plumed Hagle, which had been shot.
315 1663 2271 1784 It fell at their feet with beatingattings,
325 1738 1144 1899 And quickly died.
1489 1893 1919 2051 Isabella
325 2008 1098 2175 A dreadful omen.
1489 2146 1804 2327 Ereole
1006 2251 2731 2429 It was indeed. So each one thought!
1485 2461 1850 2583 Filippo
306 2547 1890 2711 Did’st thou see Beatrice herself?
1489 2718 1784 2856 Ercole
1495 2833 3036 2971 Yes! I saw her, as she came down,
309 2885 2836 3033 The long steps of the church. She seemed quite pale,
315 3017 2300 3122 But in the best of spirits. And all said:
309 3102 2921 3227 She’s a born princes¬ Though some, I think, believed
1479 3283 1896 3411 Isabella
309 3375 1600 3520 That she had bewitehed him?
1472 3549 1801 3674 Ercole
315 3661 2189 3779 That word will do, as well as any other.
559 3740 976 3881 (a pause)
1466 3911 1850 4036 Filippo
552 3960 1623 4124 (suddenly becoming gay)
296 4114 2928 4249 Just see, how quickly a place is found to end, our night,
309 4200 2764 4318 in greatest joy, far greater than when it did begin!
299 4285 2928 4407 Thank this good messenger and bid him speedily show you
1009 4381 1407 4505 the way,
289 4417 1551 4614 To mirthful be, till Dawn.
