3944 5128
3009 121 3181 280 1 — „
2270 338 3433 526 The Shepherd's Flute, 4.
1128 730 3334 928 "It is quite possible," rejoined Erasmus sadly,
915 956 3274 1096 "that you are really all this; but the worst thing
889 1077 3277 1243 is that I cannot know it, and that you can know it
896 1253 1677 1418 no more than I."
1148 1393 3280 1581 "What are you talking of? Why do such doubts
889 1546 1912 1728 suddenly assail you?"
1141 1731 3312 1846 "That I will tell you, Dionysia. I was never
886 1862 3363 2008 given the opportunity of learning to know you — nor
908 2008 3238 2145 could you learn to know yourself, either when you
915 2196 3270 2327 once lived in the peace of your father’s house, or
902 2365 3229 2477 now that you pursue your quiet existence with me.
918 2496 3277 2617 So how can you or I assume the right of being sure
912 2626 3312 2780 that your tenderness means love, your correct beha¬
918 2808 3417 2955 viour fidelity, the equipoise of your soul happiness;
902 2961 3328 3143 and that these would remain as they are even in the
915 3108 2897 3254 stress and storm of a more agulated life?"
1141 3248 3321 3401 Dionysia nodded as though comforted. "Do you
918 3452 3376 3583 really think,” she asked, ”that temptation has never
924 3580 3334 3720 yet approached me? Have I concealed from you that
915 3768 3286 3902 before you asked for my hand other men wood me –
908 3927 3270 4077 men who were younger, richer, nay even wiser than
896 4067 3379 4217 you? And although I could not foresee your coming,
915 4217 3471 4396 my dear Erasmus, I refused them all without a thought.
