3592 5224
1754 433 1948 615 11
2700 521 2854 703 24
1315 715 1730 891 Beatrice
903 867 1900 973 Cannot understand it.
1318 1039 1682 1167 Filippo
148 1112 1360 1276 What do you mean by that?
1309 1303 1745 1439 Beatrice
1512 1367 2482 1518 have I not told you?
176 1494 2606 1624 To him everything has stood still these seven years,
164 1588 2239 1715 And everything we do is child’s play to him.
1321 1757 1697 1903 Filippo
461 1863 976 1991 (Perplexed)
164 1951 767 2094 How is that?
1351 2115 1742 2251 Beatrice
785 2182 2212 2330 The people say: It’s madness.
185 2294 2321 2442 But I know full well, that something happened
173 2409 1794 2521 Seven years ago, that smote him so
1445 2488 2597 2606 And so it comes about —
185 2509 1282 2621 That time stands still.
176 2603 2130 2730 That we to him are as his little children
982 2691 2121 2782 And so he valks to us —
176 2691 764 2806 Of the past,
182 2775 2076 2882 And takes us on his knoe, me and Rosina,
176 2872 2442 2975 Francesco runs away –them tells us fairy tales,
176 2939 2403 3082 And rocks us and sing to us, until we laugh.
1345 3103 1706 3269 Filippo
421 3188 1451 3366 (coming nearer to her)
185 3297 2315 3491 You laugh? Is this not sad without compare?
1357 3484 1770 3609 Beatrice
197 3557 2272 3721 What does he know about it? — Thus he ages,
185 3684 2285 3812 And does not feel it, and my mother remaines
182 3772 2457 3924 As beautiful and young for him as ever, and all,
197 3872 2145 4045 That she had done to harm him, he forget.
1354 4042 1733 4169 Filippo
439 4124 1918 4278 (Garing at her for a long time)
185 4194 2563 4375 How good it is that I take you away from all this!
185 4351 2415 4451 How good, that you a child, should become mine,
176 4451 2394 4557 As soon thou must. For I have nought but thee.
185 4509 2200 4642 Though I had much, nothing was satisfying,
