3800 5144
1371 691 1672 814 Basini
439 773 1791 951 Did he say I was a poisoner?
1371 922 1791 1063 Caterina
446 989 1546 1174 Well something like it.
1364 1219 1683 1345 Basini
450 1282 3300 1442 No matter. To-morrow all men will be slike in Bologna,poison
431 1390 2620 1553 mixers like myself and honorable men like you!
1382 1535 1728 1657 Capponi
446 1598 3415 1750 Why are you so despondent, Basini? I'm not, our walls are strong,
446 1713 1539 1862 and our Duke is a hero.
1371 1817 1683 1951 Basini
446 1906 3029 2085 Of what Gvail is all this against a civil like Borgia?
1371 2033 1788 2200 Caterina
446 2155 2393 2289 Devil, say you? He is said to be hadsome.
1386 2289 1732 2419 Capponi
431 2352 1918 2534 Borgia is still far away--hehe!
1375 2516 1672 2642 Basini
450 2564 3356 2709 Not as far as you think. otherwise how would it be known what
457 2709 1624 2847 he aware to do yesterday?
1375 2824 1728 2954 Capponi
450 2928 1821 3084 Well what did he swear to do?
1379 3070 1680 3185 Basini
450 3118 3274 3270 That he would hold a fearful judgment over this godforsaken
450 3252 710 3400 eity.
1386 3374 1728 3493 Capponi
695 3430 3516 3579 (Is at first should;then he slaps Basini on the shoulder.)
431 3516 1349 3661 He's always telling
1382 3549 1676 3675 yarns!
784 3620 1375 3724 To the women
450 3642 2471 3846 That’s the way with him—didn’t I say so?
1382 3824 1683 3950 Basini
446 3876 3304 4028 Now, as far as I am concerned, I have closed my shop and shall
450 4002 1542 4166 not open it again ever.
684 4144 1683 4311 ( Soldiers march by.)
1382 4285 1739 4396 Claudia
450 4359 2367 4523 Why will you never open your shop again?
1375 4504 1680 4642 Basini
450 4523 3181 4723 For whom? Do you think that the people who will throng our
446 4671 3430 4861 streets to-morrow will be good shippers? They'11 take what th y
442 4779 725 4935 want.
