3736 5096
2779 109 2975 231 1 1
1517 383 1962 539 Orlandino
336 481 3248 621 many shall go forth, but who shall return? Rosina, who knows,
336 606 3307 735 but that this is the last night which is vouchsafed your loving
348 684 833 836 Orlandino!
1493 758 1821 903 Rosina
332 856 3268 997 Tell me, when the Duke goes throughthe strreets, how many touch
344 973 1380 1118 beaters accompany him?
1513 1137 1943 1266 Orlandino
332 1196 3193 1352 The custom of the Court requires a half doesn, but his Grace,
344 1329 3154 1438 does not always, I am sorry to say, follow the custom of the
336 1427 3205 1528 Court. Listen to me, Rosina! I beg of you! My little house
348 1517 3217 1618 stands ten paces from the Garisenda gate – no doubt you know
344 1614 3205 1716 it! What young girl in Bologna has not had it pointed out to
336 1700 3303 1814 her. Will you not take this last opportunity to see the inside
344 1771 1423 1896 of it? This is my last
1470 1786 3166 1904 wish on earth! think of it, it is a
344 1872 3193 1990 patriotic deed to sweeten a young hero's last hours. Rosina,
1548 1966 3205 2130 early my limbs shall lie bleacking
336 1966 1470 2076 perhaps tomorrow morning
344 2060 1982 2177 on the sans before Bologna’s Gate.
1501 2146 1814 2263 Rosina
344 2216 3479 2365 Orlandino, if you had not said just that! It is a fearful thought!
324 2341 3240 2451 I should have to think always of your limbs! No, no, leave me!
332 2427 3240 2560 would not have the least pleasure! I'll not go to your house.
1493 2595 1943 2713 Orlandino
317 2654 1005 2822 Heartless one!
1122 2658 1298 2803 On!
1403 2685 2298 2838 Most heartless one!
559 2763 1583 2932 (Eter FRANCESCO arms)
1501 2869 1986 2994 Chiveluzzi
332 2951 2795 3107 What do I see -- our young Princesco--and in error!
1501 3064 1931 3178 Orlandino
1517 3147 3193 3256 How fine you look! Aacold warrior!
305 3131 1454 3268 Good evening, Princesco!
1481 3233 2623 3358 Francesoo (In low tone)
305 3319 3147 3467 Go way with you! I've no mind to listen to such talk today!
1478 3416 1931 3573 Orlandino
313 3467 1450 3666 Why? What do you say?
1481 3569 1990 3737 Chiveluzzi
305 3655 2353 3815 How brave a dagger at one’s side makes one.
1528 3791 1982 3897 Orlandino
305 3866 3213 4026 One would almost believe you had a heard. What did you say?
1485 3971 1935 4085 Francesco
305 4030 1403 4190 Did you not understand
1524 4038 2818 4198 Get out! Leave me in peace.
1481 4155 1986 4264 Mrs. Nardi
293 4210 3260 4378 What is the matter with you, Francesoo? What sort of talk is
313 4339 2412 4468 this, with which you insult these gentlemen?
