3544 5224
2777 377 2963 594 28.
133 484 1771 655 The large doors were opened,duickly
149 644 1782 758 The music ceased and all was still,
145 712 2350 838 So still, as if it were the middle of the night.
133 807 2061 929 Then we went through a small passage way,
149 899 3211 1036 Which was unovered. The walls seemed endless, and over us the sky
149 998 2156 1124 Wider, than ever seemed it,with rosy Iouds.
156 1105 2076 1211 Then we descended steps intohe darkness--
145 1192 1885 1295 I saw not the Duke,I saw naught more,
149 1287 1832 1413 But suddenly his voice sounded near,
149 1371 1642 1512 Whispering "Beatrice" in my ear,
145 1447 2110 1581 Then it grow lighter, green candles blaged,
160 1558 1855 1703 In a hanging lamp over the bed,I saw
168 1642 1767 1756 The Duke s eyes glisten over me –
149 1729 1878 1859 And felt his laps come close to mine,
160 1832 2320 1981 I can still feel his breath--and then I wake.
1078 1977 1444 2129 Filippo
160 2030 587 2243 Beatrice!
1066 2198 1489 2384 Beatrice
381 2297 2925 2476 ( Somewhat frightened, doubtful but not understanding.)
526 2441 2034 2598 Was it not a most among dream?
1082 2571 1440 2758 Filippo
1725 2647 2186 2849 Beatrice!
145 2723 1223 2971 And so you come to me?
1066 2975 1493 3123 Beatrice
160 3032 1013 3196 should I not come?
160 3119 2327 3310 No, how strange you look. What is in your mind?
1093 3317 1444 3466 Filippo
149 3428 1520 3607 You come here so besmirched--
1093 3561 1501 3752 Beatrice
404 3698 2083 3843 ( lfrightly as if she misundertood.)
1242 3805 2087 3953 T' was but a dream!
1089 3942 1459 4110 Filippo
160 4072 1573 4201 I would t'were true, Beatrice!
171 4140 2586 4300 Then I could look upon you without pain or aversion
160 4258 1287 4380 Life settles everything.
168 4342 1813 4479 Dreams are desires without courage,
187 4395 2243 4570 They're bold wishes that in the light of day
179 4521 2087 4650 Shrink back into the corners of our soul,
156 4631 2144 4765 And only dare to show themselves at night;
