3528 5096
1059 120 1224 278 1e
2821 390 2976 538 22
345 651 1875 795 Then came the Duke and chose me.
345 746 3032 893 Whereupon I thought: This is thebringing of my dream.
352 879 2758 1002 I neemed it would be a great thing to be a Duchess,
352 985 2184 1097 And by a Prince s side to sit in state.
352 1055 1351 1199 So I became his wife.
1520 1214 1875 1351 Filippo
355 1333 2061 1439 Then why didst not stay by his side?
355 1418 2716 1527 Why hast thou fled here, from your husband's arms?
345 1509 2751 1622 A Duchess, and on your wedding day to/rush in haste
345 1604 2810 1706 From splendor, in such a manner, from light and life
352 1688 3022 1812 To come to me – to me — at whom you marked so recently.
348 1776 2561 1910 Yet wept — bothroods upon your laps, at once,
352 1878 2149 1973 Deserting him return to me, though you
348 1949 2286 2079 A short if a corrupt career awaited! Why?
1558 2128 1963 2248 Beatrice
1041 2237 2251 2346 Bedause I longed for you,
352 2300 2234 2438 With such desire that it was greater far
369 2420 2564 2540 Than all besides! The more the hour drew near,
345 2504 2244 2628 In which I should be wholly lost to you,
352 2603 2037 2716 The more, my scul sought only thine!
345 2656 2656 2810 It was as if I could forego all earth’s delights,
341 2772 3022 2920 All happiness and life if only once more, to embrace you!
352 2867 2230 2986 Klease from peril came in that thought;
352 2965 2160 3078 I shall see him, once away from here -
338 3057 2142 3197 And so I hurried forth, and here I am!
1523 3176 1871 3352 Filippo
338 3328 1674 3472 How could you so have acted?
1509 3479 1914 3623 Beatrice
1987 3563 3022 3693 The banquet had ended,
341 3679 3039 3831 In the garden lights were flickering,bringing seemed like
1273 3795 1484 3894 men,
338 3869 2891 4024 And men likebringing. The doors were open, and people
1055 3950 1966 4091 crowded everywhere,
338 4056 2846 4179 With this veil about my forehead, my face was hidden.
352 4130 2941 4267 And on the street, far from the castle, I quickly sped,
317 4200 3141 4390 Upon the well known way. I died to you and am here by your
1326 4348 1579 4453 side.
334 4400 3081 4527 See, I am here! Yes that is how it happened! And look you,
334 4506 2902 4671 It seems to me as if it could not have been otherwise.
334 4604 2374 4728 Why do you question me, and store so at me?
331 4675 2381 4858 As if it were, a miracle just come to pass.
