3768 5144
3210 507 3420 694 10.
839 545 1536 747 Euter Ribaldi)
743 717 1453 835 ( Salutations)
1472 808 1761 968 cosini
511 877 2288 1079 Only Dount Fantuzzi keeps us waiting.
1449 1029 1834 1239 Magrani
496 1079 1536 1315 And the Duke himself.
1437 1250 1838 1434 Guidott!
473 1384 3427 1571 Look, there he wanders to and fro, as if Borgia did not exist, no
511 1472 2844 1597 Mariscotti,and even as if there were no Beatrice.
1453 1601 1792 1742 Ribaldi
492 1666 2078 1864 I beg of you! Shee we the me idem!
1449 1826 1822 1948 Guidott!
488 1880 2692 2116 The saiden? Wint m. idem? The Duchess,you mean?
1437 2017 1780 2188 Ribaldi
488 2120 3004 2322 Yes,who is ablected for a night to play the Duchess!
1434 2272 1735 2406 cosinI
484 2345 3309 2497 What are you thinking of, Ribaldi! She is much the Duchess of
484 2448 1357 2573 Bologna,as any of
1388 2474 3317 2623 the others were,whom the Cardinal himself
480 2532 1437 2676 Carried to the Duke!
1414 2608 1777 2806 Ribaldi
473 2676 1388 2886 The Cardinal? What?
1418 2703 2737 2928 You are j Eking, are you not?
1407 2863 1773 3035 Arlotti
465 2936 2097 3142 Nov you see that we know about it!
1407 3088 1738 3286 Cosini
473 3164 766 3359 What?
1392 3332 1761 3504 Arlotti
465 3374 3534 3603 Oh! they say, that it was not at all the Cardinal, but a Florentine
461 3534 1319 3690 joker, and that the
1353 3572 3183 3721 thing, as I told you is, but a carnival.
1395 3637 1723 3847 cosini
458 3694 1106 3912 I beg of you!
1380 3866 1746 4041 Magnand
450 3877 3355 4201 How can anyone believe such a thing, that the Duke of Bologna,
450 4072 1941 4201 would make light of the church.
1380 4171 1708 4335 Ribald
419 4213 1750 4415 How make light! Th=Cardinal
2063 4228 2936 4457 passed there by the Post
438 4381 3324 4518 the Cope wishes our downfall, and Cassar is his son! It would
427 4461 1285 4613 not be a bad idea
1441 4480 2627 4644 seoff at the wholeette byowd.
1392 4571 1758 4724 Guidott:
438 4571 3473 4850 By my soul you are right! It pain me, that it was a real Cardin-
438 4777 1182 4910 al, and a real me
