3576 5128
1482 688 1815 820 Eroole
553 725 2251 900 (At firstusritated, then seriously)
318 834 2481 1021 This day is too serious for potty difference,
318 959 2339 1087 Therefore, I consel you: Greet thy friend,
307 1039 2430 1219 before he comes to ask you why you forget to.
1464 1208 1852 1365 Filippo
296 1281 2752 1460 It is my business to find the answer it seems to me.
1453 1438 1790 1632 Ereole
296 1585 2562 1713 yet, for him to say the last word, were too dear
293 1687 1482 1808 To pay for such a (venzy,
1603 1687 2558 1859 So be it, it will be
296 1771 1815 1936 Thether thou think st ao or not.
1435 1925 1808 2112 Pernippo
267 2031 1490 2211 What do you mean by that?
1435 2207 1764 2364 Ereole
1482 2273 2807 2474 Well, listen, for this head
267 2372 2024 2529 For yours and any others which to-day
260 2503 2061 2632 Are still on a Bologneser's shoulder,
271 2599 3210 2716 I give (Aie gesture) so much and nothing more. quite surrounded
267 2697 2251 2818 Is our city, and though the Duke returned,
271 2782 2397 2902 It is only those who will die before the gate
274 2884 2214 3023 Tho rejoice at this better lot than to be
253 2968 1779 3118 Delivered to Borgia and to live.
249 3052 2017 3202 Bologne's freedom is no nore, and who
253 3155 1519 3261 Loves her, fallswith her.
1651 3148 2946 3290 I know the Duke right well:
260 3243 1244 3367 He loa es not a day.
1292 3254 2434 3371 Before to-Iorrow evening
274 3338 2672 3481 The decision will be reached, and there’s only one.
267 3481 2346 3642 Therefore, sought I you. Yet before I came,
278 3594 2302 3704 I went to my work-shop, and broke in pieces
267 3664 2558 3773 The cast I had begun, then looked the house door.
253 3733 2167 3909 For whatever may be determined about us,
253 3814 1552 3927 As we were in Haloyon days,
253 3905 1713 4052 Let us be together to the end.
1409 3993 1801 4209 Filippo
545 4085 1405 4264 (As if crying out)
249 4187 1922 4370 To the end? All this ever night?
242 4308 1537 4531 No end, no, no end for me.
1391 4454 1852 4630 Battista
468 4549 2302 4773 (Filippo's servant appears on terrace)
234 4743 2976 4912 Master, the private Secretary of his Grace,the Duke, the
