3512 5144
407 98 596 275 " " "
2656 464 2807 592 29
1313 638 1705 804 Filippo
811 770 2694 936 Enough of this most tiresome lamentation!
147 920 2188 1064 Go, as you came, but I would Counsel speed.
1320 1053 1735 1252 Beatrice
143 1154 2792 1320 Then there is hope! Where should I go? Speak quickly!
1332 1343 1709 1520 Filippo
166 1407 2426 1588 Where e'er thou willst, the town is open to you.
166 1584 1732 1694 There was no.poison in that wine,
155 1671 2150 1784 Your life is yours, just as it was before.
155 1777 2418 1898 Speed homeward, with a brave lie on your longue.
166 1849 2147 1962 If you're too stupid to invent a good one,
155 1939 2245 2048 I'll furnish you a whole sack full of tales,
1075 2033 2109 2162 say you could not keep
177 2052 894 2165 To choose from
155 2120 2064 2245 From going to your father's home to look
1392 2192 2569 2331 What wouldst wish to say?
155 2211 1369 2354 At poor dead Vitterino.
174 2316 2331 2433 If this is not as Hlausible as you would like,
158 2411 2260 2535 Say that you went to church to pray, for your
155 2479 1852 2629 New husband's safety, or the city.
1886 2494 2105 2607 say,
155 2588 2071 2720 You marfilled a vow, made, when the Duke
1396 2671 2471 2803 say anything you like,
174 2678 1226 2807 First asked your hand!
1347 2739 2754 2867 find you here and torture you.
166 2758 1320 2912 only go back before they
185 2841 3214 2988 Since you wish to live, there are many glad to give you greeting.
185 2969 1999 3086 They are waiting for you, and greedily,
155 3037 2637 3188 He'll hold his arms out, and take you to his heart.
1335 3169 1777 3395 Beatrb e
464 3320 917 3493 (Crushed)
166 3433 739 3591 Forgive me!
1351 3557 1724 3720 Filippo
890 3640 2426 3818 What must I forgive? Didst thou
162 3780 2429 3942 Deceive me? Had I wished to do so I could have
939 3833 2694 3980 When you came, I could have had thee,
185 3908 905 4033 Cheated thee.
185 3946 2562 4097 Thether thou wouldst or not! Well dit st thou lie.
185 4059 2139 4255 And so in truth, can I more glibly still.
1354 4199 1792 4406 Beatrice
174 4308 1403 4527 Oh, let me stay with you.
1351 4493 1713 4648 Pillippe
1498 4561 1984 4753 Ge! Co!
