3832 5208
3204 176 3491 321 1 1/2
1801 176 1965 279 16
3002 455 3166 627 28
505 512 2440 673 So Loschi says -- He no longer is a voet!
505 658 2375 761 Speak on, surely you were not satisfied
489 719 2115 906 With such an answer, I truly hope.
1682 818 1996 967 Denosini
2134 879 2723 1040 That's true!
497 983 3365 1143 But nothing better learned. I found him in great exoit ement;
493 1101 3013 1243 Two friends, who added their entreaties to mine, were
493 1178 1377 1319 silm ced in anger.
1705 1354 1942 1514 Duke
1572 1422 1755 1614 Was
482 1518 1269 1686 Andrea with him?
1671 1625 1996 1755 Cosini
1377 1732 3189 1847 No, my prince; it appears strange, but
482 1824 3155 1942 Filippo's engagement, it seems, with Tertsina, is broken
478 1900 2390 2080 His friends, say, he loves another maid.
1667 2015 1893 2134 Duke
505 2065 1040 2225 who is she?
1663 2183 1981 2298 — Cosini
1247 2264 2065 2424 They do not know.
1652 2455 1893 2577 Duke
409 2508 3178 2711 all hear more of this, I think, when Andrea is seen again.
482 2646 3369 2780 Though truly, it is almost like a wrong, which mis divided fate
474 2734 3178 2849 Sends me, that Filippo declines our summons, no 'tis more
486 2818 2646 2929 Than that! It is as if a friend betrayed me!
493 2910 2807 3048 For as a man can love his friend, so loved I him,
493 2971 3070 3170 Who spoke to me through the laps of a friend, in words,
738 3090 2195 3212 (His voice kreaks with emotion)
474 3174 2948 3300 Which have since been proven lies, and yet they rang
486 3288 1350 3380 Incomparably true!
1526 3273 3059 3384 They made me feel what I, myself,
463 3376 3113 3495 Had never felt. They strirred me, as no unusual emotion,
486 3434 3353 3575 No danger I had everausked, no death suffered on my account,
466 3548 3483 3675 nothing I ever experienced in my life moved me like his pretty.
474 3656 3453 3774 I should much have like to see him, who could with mere words,
482 3736 2707 3858 Which now it seems are lies, make me feel thus.
482 3816 2623 3931 So it appears, that this last night shall run
466 3923 3541 4061 A very different course, from that I would have like to give it.
466 4007 1239 4168 come, gent lemen!
1633 4141 2015 4309 Magneni
1292 4237 3181 4409 My lord, whatever be our fate tomorrow,
455 4386 2612 4485 I think we still are far from, very far, from
463 4493 2375 4600 Thanking of our last night on this earth,
