3595 5832
1282 838 1918 980 “SHE NEVER KW.”
604 985 2582 1098 me. At first I thought to myself "She has never done this before.”
604 1076 2582 1172 But when her laps clung to mine and would not let them go, I knew
619 1162 2582 1235 what thisocs meant. I was abashed and blissful at the same
624 1221 2574 1321 ’time; I could have tried. She had flung her arms round my neck,
619 1312 2572 1403 and I senh as if cushed by her on to the end of the couch. Friederika
607 1371 2582 1459 kneeled at my feet, and drew my laps down to her's. Then she
607 1447 2569 1533 took hold of my hands and buried her face in them. I whispered
607 1518 2572 1599 her name, and was annexed at its sounding so beautiful. The
607 1597 2572 1668 fragrance of her hair I Meunted to myesenses, Iannathed it in with
607 1668 2569 1746 delight. At this moment I grew petrified with horror at the
607 1741 2572 1815 eight. The door opened quietly, for it was on the latch, and
607 1805 2582 1884 Friederika’s husband stord on the threshold. I tried to cry out, but
612 1886 2562 1972 no sound passed my laps. I stated him full in the face, though I
607 1950 2545 2041 could not see if his expression changed by a hair's breadth
612 2019 2586 2095 for almost instantly heelisappeared, and closed the door. I was
612 2098 2567 2191 going to get up and extricate my hands, on which Friederika's
619 2169 2572 2250 face stillebstied; I tried to speak and to utter her name again, when
597 2240 2567 2321 she herself -sprang to her feet, deadly pale, and whispered to me
604 2304 2559 2395 in a one of command to be silent. She stood for a moment, motion-
612 2385 2574 2478 less, her face turned to the door, as if she were listening. Then she
607 2454 2557 2552 opened itaiightly, and taking me by the hand whispered: “Go, go,
604 2515 2572 2611 at once.” She quehed me out of the room, and I slunk rapidly along
612 2601 2574 2680 the little passage to theästairs, when I turned round and looked at
607 2672 2554 2753 her once more. I saw her still standing at the door, her face
612 2741 2562 2835 full of unspeakable fear and anxiety. A'vehement motion of her
599 2800 2365 2903 hand bade me become. And I wished away as fast as I could
685 2881 2562 2965 What followed comes back to me like a night-mare. I tore to
604 2965 2557 3056 the station in deadly alarm. I estravelled all night,desing the carriege
599 3036 2562 3115 from end to end. When I reached home I almost expected that my
619 3097 2559 3203 parente would have heard already of what had happened, and I was
607 3181 2557 3279 astonished at their weleoming me with affection and delight. For
607 3255 2545 3328 several days afterwards I was in a state of violent excitement,
607 3336 2547 3417 quite prepared for something dreadful; every ring at the door, every
594 3387 2559 3481 letter made me tremble. At last came news which calmed me. It
607 3478 2554 3549 was a card from a school-fællow who lived in the little town, and it
594 3532 2557 3628 was full of innocent gossip and hearty greetings. So, after all,
582 3593 2559 3709 nothing terrible had taken place; at any rate, there had been no
599 3684 2557 3778 public scandal. I dared believe that husband and wife had the
582 3761 2545 3864 matter out quietly together in private, that he had pardoned her,
582 3819 1243 3920 and she had repented.
641 3891 2557 3999 l'evertheless, this early adventiure continued to live in my
582 3984 2557 4065 memory, at first as something to be regretted, even deplored, and
590 4038 2557 4151 I saw myself as the destroyer of a domestic harmony through no
582 4122 2557 4200 fault of my own. Gradually this feeling departed, and when later
590 4188 2550 4294 new experiences gave me a better and deeper understanding of what
587 4259 2542 4362 that short hour had meant, a singular longing for Friederika over¬
582 4340 2557 4424 came me at times—a sort of augush that a thing of marvellous
594 4419 2547 4515 promise had not been marfilled. But this diiging, too, passed away,
