3992 5176
729 552 2298 732 One lolls upon a bench,the other
709 713 2600 838 Holds his lute tenderly within his arms,
716 815 2147 931 I walk onJoses to get to you.
722 908 1676 1040 Do you know nothing?
1669 1002 2009 1197 Filippo
1653 1130 2693 1294 My garden is secluded,
729 1255 2886 1361 My windows draped to shut out noise and folly,
722 1342 2789 1451 Let not in these silly noises of the street;
722 1432 2523 1576 öuch messangers find no entrance here.
1640 1586 2074 1756 Agostino
729 1682 1586 1862 What has happened?
1640 1881 1961 1997 Ereole
2131 1936 3178 2106 The Duke has returned!
1660 2131 2058 2276 Agostino
700 2228 1547 2401 Is that positive?
1660 2404 1961 2539 Ereole
1425 2507 2709 2668 I saw him with my own eyes.
1660 2680 2061 2818 Agostino
709 2754 1920 2928 Do you hear this, Filippo?
1063 2879 1579 3030 Treole.)
2112 2937 2761 3110 Tell us more.
2809 3127 3451 3281 In the night,
1660 3152 1965 3258 Ercole
742 3216 2985 3358 through which door no one knows, – unrecognized,
709 3338 3037 3457 He entered his own city. And early in the morning
709 3422 1945 3547 A rumor sweet the streets,
729 3515 2700 3627 Which no one credited.Then more were heard;
722 3602 2363 3730 That Mariscotti s nephew had fled,
729 3698 3310 3833 That he himself lay in cbains. Yet every thing was still
735 3791 2738 3910 With in the castle. The watch munted guard,
700 3871 2757 3974 As usual, and from the towards, from the walls
716 3977 2565 4093 Fresh news arrived; that from the South
716 4064 3204 4189 Drawn up in endless line, the Roman troops approached,
716 4163 2928 4301 That Caesar’s bow-men were camped about Faenza,
709 4256 2311 4356 And that an army of horsemen grew,
709 4337 2642 4462 Just as dust, arises from the highway,
700 4443 2221 4555 And this on the road to Montese.
709 4488 2728 4654 Then knew we that the five hundred sent out
709 4613 2408 4719 Festerday by Mariscotti had perished
687 4693 2684 4834 Although before this we'd been Reuspicious.
