3768 5096
2903 484 3066 610 14
386 693 2250 805 If this is true, then I do speak to you
386 773 2369 892 As one calls on a corpse on fleating side,
397 874 2181 982 Which bear it to and fro, in silence.
397 982 2109 1076 It is fearful to talk to you, and be
408 1047 2344 1174 Without response, to know not if you even
404 1134 2116 1249 Comprehend me? Yet, ten fold worse
404 1235 1788 1351 That I must so soon leave you
390 1271 2503 1437 Alone and unprotectioned, expressed to heaven only
394 1405 1845 1535 Knows what awful fate, in this
390 1502 1777 1611 Abandoned, God forsaken city.
404 1578 2297 1701 Now shall I press my laps upon your know
397 1679 2062 1798 In great anxiety about you, perhaps
408 1788 2246 1881 For the last time on earth, yet to you,
404 1845 2336 1965 It appears to be no more than if a light,
408 1961 2192 2076 Airy zephyr blew across your forehead.
404 2069 2109 2156 I doubt if ever we shall meet again.
397 2149 1914 2264 At least bid me a last forewell.
423 2206 2123 2344 Some! I will asoort you home, and if
415 2311 2394 2427 Your awful silence shall drive me to it –
415 2405 2170 2521 Then shall I employ my last hour here
408 2495 2030 2611 To follow out a course, from which
404 2593 2066 2712 I now recoil. My lipa still pleased,
404 2687 1965 2810 But I re[n]ain un answered, as if my
423 2766 2344 2889 questions and my touch would do you harm,
404 2875 1701 2983 And yet, you know full well
404 2976 2048 3091 A word from you would end my agony.
657 3015 3293 3182 (They exeunt, followed by the Torah Beaters. During the
654 3142 3182 3254 preceding scene old NARDI and his wife come from their
646 3221 2622 3398 dwelling, and are busies with the counter)
1575 3366 3033 3499 Nardi (Has a ring on his hand)
404 3478 3221 3629 Where is little Vitterino? I wish to quaise him. Just look,
404 3597 3239 3709 my dear wife, what a fine head he has carried! No one can do
404 3683 3283 3788 as well as he. France could never do the like. Vittorino
1661 3759 2550 3893 Where is he now?
2604 3759 3413 3893 What detains him?
401 3770 1596 3929 shall be heir to my fame.
1578 3850 2073 3983 Mrs. Nardi
404 3915 3218 4073 u to me, give it to me. I'll put it with the others.
1575 4041 1835 4167 Nardi
397 4077 3247 4232 With what others? Why do you look up everything in adenst?
390 4203 3293 4384 And why do you Con the chest in the oellar? What does it all
408 4334 675 4485 mean?
1578 4384 2076 4543 Mrs. Nardi
404 4500 2160 4666 It must be so, let me have it, Nardi?
1578 4550 2535 4698 Nardi (Whimpering)
1538 4687 2654 4803 We will sell it to-day.
397 4651 1502 4864 No, leave me the ring!
1575 4752 2098 4864 Mrs. Nardi
408 4803 3113 4955 who would think ofnesying a ring to-day. Dive it to me!
