3595 5832
1581 560 1767 704 V. W.
1388 887 2030 1044 SEVER KKW.
699 1016 2687 1212 ing us like a barrier, and that we should be feparated distresses me
701 1163 1462 1279 more than anything else.
771 1249 2692 1410 This afternoon I have strolled about in the wood, taking the
726 1371 2680 1477 same path as we took this morning. A longing as for an infinitely
731 1465 2692 1559 beloved one filled my soul. Late in the evening I passed her lodging,
726 1522 2697 1624 after I had sought everywhere for her in vain. She was at the
731 1594 2689 1698 window. I called up, "Aren’t you coming down?" She replied
711 1668 2697 1780 coldly, it seemed to me, “I am tired. Goodnight,” and shut the
714 1762 977 1857 window.
786 1797 2687 1899 I have two distinct images of Friederika in my mind. Generally
726 1899 2687 1983 1 think of her as a pale, gentle woman sitting in the garden in a
724 1943 2694 2045 ste morning gown acting like a mother to me, andÑroking my
724 2023 2697 2119 cheeks in a motherly way. Had this been the Friederika whom I
731 2114 2697 2196 have met here my peace of mind would certainly have not been
724 2186 2697 2278 disturbed, and I might have continued to lie and dream away the
731 2248 2714 2335 afternoons under the shade of the beaches, as in the early days
739 2340 1321 2439 of my sojourn here.
811 2390 2707 2504 But there is, too, a quite different Friederika in my thoughts,
739 2459 2712 2588 whom I have only once seen, and that was in the memorable last
739 2531 2709 2645 hour which I spent in the little country town. It was the day I had
739 2608 2724 2699 received my final certificate. I had dined as usual with the professor
754 2680 2712 2781 and his wife, and as I had no wish to be seen off at the station
751 2741 2722 2848 I had said goodtye when we rose from the table. I was not in
756 2828 2717 2935 the least affected. Only when I sat on the bed in my "empty
756 2917 2732 3009 bedroom, with my boxes prcked andenepped at my feet, garing
756 2979 2739 3076 out through the wide-open widow at the undblating foliage of the
756 3049 2732 3150 garden and the whiteilouds which hung motionless over the hills,
763 3128 2722 3212 did the sadness of (partiug s'teal gently, almost soothingly, over me.
761 3183 2727 3304 Suddenly the door opened and Friederika came in. I stood up
768 3279 2729 3361 luickly. She advanced nearer, leaned on the table, placing her
763 3344 2732 3431 hands behind her for support, and regarded me earnestly. quite
761 3398 2727 3502 softly she said, “So you are going away to-day?” I nodded, and
763 3480 2741 3569 for the first time felt very acutely how sorry I was that I was
773 3555 2732 3659 obliged to go. She placed at the floor, and was for a moment
768 3624 2746 3723 silent. Then she raised her head, and came diser to me. She laid
763 3686 2751 3797 both hands lightly on my hair, as she had constantly done before,
773 3780 2746 3872 but at this moment I felt that it meant something more than
773 3842 2746 3941 usual.ifext she'let her hands glide slowly over my cheek, and her
778 3934 2746 4030 gazeebsted on me with intensity. She shook her head with an
773 3996 2744 4080 expression of pain, as if there was something that puzzled her.
786 4060 2746 4147 "Must you really go to-day?" she asked softly. “Yes,” I said.
778 4144 2769 4226 “For good?” she explained. “No, ” I answered. ”Oh, yes, it’s for
798 4197 2756 4311 good,” she said with themselves lips, as if on the point of erying,
786 4286 2769 4373 "it's for ever. Even if you come back again in two or three years
791 4358 1976 4462 to see us, you leave us to-day for ever.”
845 4420 2766 4536 She untered these words with a tenderness that had nothing
798 4501 2771 4615 maternal in it. They thrilled through me. And suddenly she kissed
