<?xml version="1.0" encoding="UTF-8" standalone="yes"?>
<PcGts xmlns="http://schema.primaresearch.org/PAGE/gts/pagecontent/2013-07-15" xmlns:xsi="http://www.w3.org/2001/XMLSchema-instance" xsi:schemaLocation="http://schema.primaresearch.org/PAGE/gts/pagecontent/2013-07-15 http://schema.primaresearch.org/PAGE/gts/pagecontent/2013-07-15/pagecontent.xsd">
    <Metadata>
        <Creator>prov=READ-COOP:name=TrHtr:version=2.1.0:model_id=51170:date=15_08_2023_08:05</Creator>
        <Created>2023-05-10T15:11:37.257+02:00</Created>
        <LastChange>2023-08-15T08:05:58.972+02:00</LastChange>
        <TranskribusMetadata docId="1428822" pageId="55431450" pageNr="5" tsid="132841907" status="IN_PROGRESS" userId="64420" imgUrl="https://files.transkribus.eu/Get?id=ETBABDIJWYFXTPQJVBNZKFAP&amp;fileType=view" xmlUrl="https://files.transkribus.eu/Get?id=TDIJWUVDVYWUDSGTTOMZBRXW" imageId="44705498"/>
    </Metadata>
    <Page imageFilename="1428822_0005.jpg" imageWidth="3656" imageHeight="5608">
        <ReadingOrder>
            <OrderedGroup id="ro_1711803159576" caption="Regions reading order">
                <RegionRefIndexed index="0" regionRef="tr_1"/>
                <RegionRefIndexed index="1" regionRef="tr_3"/>
                <RegionRefIndexed index="2" regionRef="tr_2"/>
            </OrderedGroup>
        </ReadingOrder>
        <TextRegion id="tr_1" custom="readingOrder {index:0;}">
            <Coords points="775,779 2798,779 2798,2235 775,2235"/>
            <TextLine id="tr_1_tl_1" custom="readingOrder {index:0;}">
                <Coords points="1504,882 1970,892 2086,827 2136,842 2136,771 1915,803 1846,785 1818,800 1501,785"/>
                <Baseline points="1515,829 1604,835 1694,841 1783,841 1873,841 1962,847 2052,841 2141,835"/>
                <TextEquiv>
                    <Unicode>sibue never inew.</Unicode>
                </TextEquiv>
            </TextLine>
            <TextLine id="tr_1_tl_2" custom="readingOrder {index:1;}">
                <Coords points="810,991 2792,1021 2775,919 810,919"/>
                <Baseline points="823,972 912,966 1002,966 1091,966 1181,966 1270,972 1360,972 1449,972 1539,972 1628,978 1718,978 1807,978 1897,978 1986,984 2076,984 2165,984 2255,984 2344,984 2434,990 2523,990 2613,990 2702,990 2792,996 2798,996"/>
                <TextEquiv>
                    <Unicode>seemed to me incomprehensible that things can be so completely</Unicode>
                </TextEquiv>
            </TextLine>
            <TextLine id="tr_1_tl_3" custom="readingOrder {index:2;}">
                <Coords points="810,1058 2785,1083 2693,1006 810,993"/>
                <Baseline points="823,1038 912,1038 1002,1038 1091,1038 1181,1038 1270,1038 1360,1044 1449,1044 1539,1050 1628,1050 1718,1050 1807,1055 1897,1055 1986,1055 2076,1055 2165,1055 2255,1055 2344,1061 2434,1061 2523,1061 2613,1061 2702,1061 2792,1067 2798,1061"/>
                <TextEquiv>
                    <Unicode>forpotten. For I now first realized that I had for a long time</Unicode>
                </TextEquiv>
            </TextLine>
            <TextLine id="tr_1_tl_4" custom="readingOrder {index:3;}">
                <Coords points="818,1127 2792,1147 2790,1083 815,1053"/>
                <Baseline points="829,1109 918,1109 1008,1115 1097,1109 1187,1115 1276,1115 1366,1115 1455,1115 1545,1121 1634,1121 1724,1121 1813,1127 1903,1127 1992,1127 2082,1133 2171,1127 2261,1133 2350,1133 2440,1133 2529,1139 2619,1139 2708,1139 2798,1133"/>
                <TextEquiv>
                    <Unicode>thought so little about what had happened. Seven years ago, That</Unicode>
                </TextEquiv>
            </TextLine>
            <TextLine id="tr_1_tl_5" custom="readingOrder {index:4;}">
                <Coords points="815,1226 956,1194 1353,1199 1462,1236 1831,1204 1828,1162 1769,1140 1722,1167 1539,1130 1316,1155 813,1125"/>
                <Baseline points="829,1187 918,1181 1008,1181 1097,1187 1187,1187 1276,1187 1366,1187 1455,1193 1545,1193 1634,1193 1724,1193 1813,1199 1837,1199"/>
                <TextEquiv>
                    <Unicode>it might not have happened at all.</Unicode>
                </TextEquiv>
            </TextLine>
            <TextLine id="tr_1_tl_6" custom="readingOrder {index:5;}">
                <Coords points="880,1266 2785,1291 2760,1226 880,1209"/>
                <Baseline points="894,1240 984,1252 1073,1258 1163,1258 1252,1258 1342,1258 1431,1264 1521,1264 1610,1264 1700,1264 1789,1264 1879,1270 1968,1264 2058,1270 2147,1270 2237,1270 2326,1270 2416,1270 2505,1276 2595,1282 2684,1276 2774,1276 2792,1282"/>
                <TextEquiv>
                    <Unicode>"You must have a great deal to tell me," she began again, “a</Unicode>
                </TextEquiv>
            </TextLine>
            <TextLine id="tr_1_tl_7" custom="readingOrder {index:6;}">
                <Coords points="813,1360 2557,1395 2554,1306 2423,1291 810,1288"/>
                <Baseline points="823,1342 859,1336 948,1330 1038,1330 1127,1330 1217,1330 1306,1330 1396,1330 1485,1336 1575,1336 1664,1336 1753,1342 1843,1342 1932,1342 2022,1342 2111,1342 2201,1348 2290,1348 2380,1348 2469,1354 2559,1330"/>
                <TextEquiv>
                    <Unicode>great deal. Of course, you've been doctor for a long time.”</Unicode>
                </TextEquiv>
            </TextLine>
            <TextLine id="tr_1_tl_8" custom="readingOrder {index:7;}">
                <Coords points="887,1392 1063,1430 1828,1434 1826,1355 1655,1380 1338,1353 1281,1382 1147,1343 887,1343"/>
                <Baseline points="900,1384 990,1396 1079,1402 1169,1402 1258,1402 1348,1407 1437,1407 1527,1407 1616,1407 1706,1413 1795,1413 1831,1396"/>
                <TextEquiv>
                    <Unicode>“Not so long—for a month only.”</Unicode>
                </TextEquiv>
            </TextLine>
            <TextLine id="tr_1_tl_9" custom="readingOrder {index:8;}">
                <Coords points="880,1486 2780,1519 2757,1449 2520,1427 880,1417"/>
                <Baseline points="894,1455 984,1467 1073,1473 1163,1473 1252,1479 1342,1479 1431,1479 1521,1479 1610,1485 1700,1485 1789,1491 1879,1491 1968,1485 2058,1479 2147,1479 2237,1485 2326,1491 2416,1491 2505,1497 2595,1497 2684,1497 2774,1503 2786,1497"/>
                <TextEquiv>
                    <Unicode>"You have still your baby-face,” she said. “Your moustache looks</Unicode>
                </TextEquiv>
            </TextLine>
            <TextLine id="tr_1_tl_10" custom="readingOrder {index:9;}">
                <Coords points="810,1578 842,1588 892,1551 1174,1558 1296,1591 1417,1563 1625,1573 1625,1504 1511,1524 1449,1499 1313,1519 1159,1486 1088,1514 1060,1491 810,1491"/>
                <Baseline points="823,1545 912,1545 1002,1545 1091,1551 1181,1551 1270,1551 1360,1551 1449,1551 1539,1557 1628,1545"/>
                <TextEquiv>
                    <Unicode>as if it had been stuck on.”</Unicode>
                </TextEquiv>
            </TextLine>
            <TextLine id="tr_1_tl_11" custom="readingOrder {index:10;}">
                <Coords points="875,1638 2668,1667 2668,1581 2611,1576 875,1556"/>
                <Baseline points="888,1616 978,1616 1067,1622 1157,1622 1246,1622 1336,1622 1425,1622 1515,1628 1604,1628 1694,1628 1783,1628 1873,1628 1962,1628 2052,1628 2141,1634 2231,1634 2320,1634 2410,1634 2499,1640 2589,1640 2672,1640"/>
                <TextEquiv>
                    <Unicode>The bell that called people toait sounded from the hotel,</Unicode>
                </TextEquiv>
            </TextLine>
            <TextLine id="tr_1_tl_12" custom="readingOrder {index:11;}">
                <Coords points="880,1697 1989,1719 2111,1771 2376,1714 2643,1779 2775,1744 2723,1650 880,1643"/>
                <Baseline points="894,1676 984,1688 1073,1694 1163,1700 1252,1700 1342,1700 1431,1700 1521,1700 1610,1700 1700,1706 1789,1706 1879,1706 1968,1706 2058,1706 2147,1712 2237,1712 2326,1712 2416,1712 2505,1718 2595,1718 2684,1718 2774,1724 2780,1724"/>
                <TextEquiv>
                    <Unicode>"Goodtye,” she said, as if she had merely been waiting for the</Unicode>
                </TextEquiv>
            </TextLine>
            <TextLine id="tr_1_tl_13" custom="readingOrder {index:12;}">
                <Coords points="818,1809 845,1796 867,1799 889,1791 907,1776 949,1774 964,1784 1001,1774 1001,1702 979,1702 941,1732 912,1712 897,1727 862,1709 815,1714"/>
                <Baseline points="829,1765 918,1765 1008,1771"/>
                <TextEquiv>
                    <Unicode>signal.</Unicode>
                </TextEquiv>
            </TextLine>
            <TextLine id="tr_1_tl_14" custom="readingOrder {index:13;}">
                <Coords points="875,1838 1060,1875 1400,1851 1489,1883 1697,1841 1992,1871 1970,1789 875,1791"/>
                <Baseline points="888,1819 978,1831 1067,1837 1157,1831 1246,1837 1336,1837 1425,1837 1515,1843 1604,1843 1694,1831 1783,1843 1873,1849 1962,1849 1998,1849"/>
                <TextEquiv>
                    <Unicode>“Cannot we go in together?” I asked.</Unicode>
                </TextEquiv>
            </TextLine>
            <TextLine id="tr_1_tl_15" custom="readingOrder {index:14;}">
                <Coords points="862,1905 2782,1975 2780,1863 862,1851"/>
                <Baseline points="876,1885 966,1903 1055,1909 1145,1909 1234,1915 1324,1915 1413,1915 1503,1915 1592,1921 1682,1921 1771,1921 1861,1921 1950,1921 2040,1927 2129,1921 2219,1921 2308,1921 2398,1927 2487,1927 2577,1932 2666,1932 2756,1944 2786,1944"/>
                <TextEquiv>
                    <Unicode>“I dine with the boy in my private room. I don’t care to be in</Unicode>
                </TextEquiv>
            </TextLine>
            <TextLine id="tr_1_tl_16" custom="readingOrder {index:15;}">
                <Coords points="758,2017 808,2002 852,2017 964,1987 996,2004 1050,1994 1085,2007 1085,1935 1021,1920 936,1942 847,1913 800,1927 763,1913"/>
                <Baseline points="775,1992 823,1980 912,1980 1002,1980 1091,1968"/>
                <TextEquiv>
                    <Unicode>. a crowd.”</Unicode>
                </TextEquiv>
            </TextLine>
            <TextLine id="tr_1_tl_17" custom="readingOrder {index:16;}">
                <Coords points="877,2039 1556,2091 1640,2064 1955,2098 2059,2061 2029,1997 1883,2032 1571,1989 1486,2029 1246,1980 1100,2022 875,1999"/>
                <Baseline points="888,2028 978,2046 1067,2052 1157,2052 1246,2052 1336,2052 1425,2052 1515,2058 1604,2058 1694,2058 1783,2064 1873,2064 1962,2058 2052,2046 2064,2046"/>
                <TextEquiv>
                    <Unicode>“When shall we see each other again?”</Unicode>
                </TextEquiv>
            </TextLine>
            <TextLine id="tr_1_tl_18" custom="readingOrder {index:17;}">
                <Coords points="857,2136 2755,2178 2715,2098 855,2074"/>
                <Baseline points="871,2123 960,2123 1050,2123 1139,2123 1228,2129 1318,2129 1407,2129 1497,2129 1586,2129 1676,2129 1765,2129 1855,2135 1944,2135 2034,2135 2123,2141 2213,2135 2302,2141 2392,2141 2481,2147 2571,2141 2660,2147 2750,2153 2762,2147"/>
                <TextEquiv>
                    <Unicode>She pointed, smiling with her eyes, to the little promenade,</Unicode>
                </TextEquiv>
            </TextLine>
            <TextLine id="tr_1_tl_19" custom="readingOrder {index:18;}">
                <Coords points="810,2188 2777,2235 2703,2168 810,2136"/>
                <Baseline points="823,2177 912,2189 1002,2195 1091,2195 1181,2195 1270,2195 1360,2201 1449,2201 1539,2201 1628,2201 1718,2207 1807,2207 1897,2207 1986,2213 2076,2213 2165,2213 2255,2213 2344,2213 2434,2213 2523,2219 2613,2219 2702,2225 2780,2225"/>
                <TextEquiv>
                    <Unicode>"There it is impossible not to meet," she said, but added, when,she</Unicode>
                </TextEquiv>
            </TextLine>
        </TextRegion>
        <TextRegion id="tr_3" custom="readingOrder {index:1;}">
            <Coords points="787,2217 2774,2217 2774,3237 787,3237"/>
            <TextLine id="tr_3_tl_1" custom="readingOrder {index:0;}">
                <Coords points="785,2272 2767,2309 2745,2235 785,2207"/>
                <Baseline points="799,2267 888,2267 978,2267 1067,2267 1157,2267 1246,2273 1336,2273 1425,2273 1515,2278 1604,2278 1694,2278 1783,2278 1873,2278 1962,2284 2052,2284 2141,2278 2231,2284 2320,2284 2410,2284 2499,2284 2589,2290 2678,2296 2768,2296 2774,2296"/>
                <TextEquiv>
                    <Unicode>saw that her answer had hurt me, "especially if you want to meet.</Unicode>
                </TextEquiv>
            </TextLine>
            <TextLine id="tr_3_tl_2" custom="readingOrder {index:1;}">
                <Coords points="803,2349 2770,2393 2770,2329 2572,2302 803,2279"/>
                <Baseline points="817,2338 906,2338 996,2338 1085,2338 1175,2338 1264,2344 1354,2344 1443,2344 1533,2344 1622,2344 1712,2350 1801,2350 1891,2350 1980,2356 2070,2356 2159,2356 2249,2356 2338,2362 2428,2362 2517,2356 2607,2362 2696,2362 2774,2362"/>
                <TextEquiv>
                    <Unicode>Goodtye for the present." She gave me her hand, and without</Unicode>
                </TextEquiv>
            </TextLine>
            <TextLine id="tr_3_tl_3" custom="readingOrder {index:2;}">
                <Coords points="798,2438 2767,2460 2740,2383 798,2364"/>
                <Baseline points="811,2410 900,2410 990,2410 1079,2410 1169,2410 1258,2416 1348,2416 1437,2416 1527,2416 1616,2422 1706,2422 1795,2422 1885,2428 1974,2428 2064,2428 2153,2428 2243,2428 2332,2434 2422,2434 2511,2434 2601,2434 2690,2440 2774,2440"/>
                <TextEquiv>
                    <Unicode>looking round walked away. The little boy, however, looked back</Unicode>
                </TextEquiv>
            </TextLine>
            <TextLine id="tr_3_tl_4" custom="readingOrder {index:3;}">
                <Coords points="785,2510 1885,2515 1883,2455 1719,2435 1618,2463 1432,2433 783,2448"/>
                <Baseline points="799,2481 888,2481 978,2487 1067,2487 1157,2487 1246,2487 1336,2487 1425,2487 1515,2493 1604,2487 1694,2493 1783,2493 1873,2499 1891,2499"/>
                <TextEquiv>
                    <Unicode>at me all the time till they vanished.</Unicode>
                </TextEquiv>
            </TextLine>
            <TextLine id="tr_3_tl_5" custom="readingOrder {index:4;}">
                <Coords points="845,2582 2750,2609 2748,2525 842,2497"/>
                <Baseline points="859,2559 948,2553 1038,2559 1127,2559 1217,2559 1306,2559 1396,2565 1485,2565 1575,2565 1664,2565 1753,2565 1843,2571 1932,2571 2022,2571 2111,2571 2201,2571 2290,2571 2380,2577 2469,2577 2559,2577 2648,2583 2738,2595 2756,2595"/>
                <TextEquiv>
                    <Unicode>I have beendesing up and down the promenade the whole evening,</Unicode>
                </TextEquiv>
            </TextLine>
            <TextLine id="tr_3_tl_6" custom="readingOrder {index:5;}">
                <Coords points="773,2636 2753,2668 2753,2611 2490,2591 773,2569"/>
                <Baseline points="787,2625 876,2630 966,2630 1055,2630 1145,2630 1234,2630 1324,2636 1413,2636 1503,2636 1592,2642 1682,2642 1771,2642 1861,2642 1950,2642 2040,2648 2129,2648 2219,2648 2308,2654 2398,2648 2487,2654 2577,2654 2666,2654 2756,2666 2762,2660"/>
                <TextEquiv>
                    <Unicode>and she has not come out. Has she, after all, taken her departure?</Unicode>
                </TextEquiv>
            </TextLine>
            <TextLine id="tr_3_tl_7" custom="readingOrder {index:6;}">
                <Coords points="790,2735 847,2748 904,2718 1053,2708 1177,2745 1251,2718 1375,2748 1556,2730 1556,2651 1491,2678 790,2651"/>
                <Baseline points="805,2702 894,2702 984,2702 1073,2702 1163,2702 1252,2702 1342,2708 1431,2708 1521,2708 1563,2714"/>
                <TextEquiv>
                    <Unicode>I should not be surprised.</Unicode>
                </TextEquiv>
            </TextLine>
            <TextLine id="tr_3_tl_8" custom="readingOrder {index:7;}">
                <Coords points="832,2787 2755,2824 2753,2738 2653,2730 830,2745"/>
                <Baseline points="847,2774 936,2768 1026,2774 1115,2774 1205,2774 1294,2780 1384,2780 1473,2780 1563,2780 1652,2780 1742,2780 1831,2786 1921,2786 2010,2786 2100,2786 2189,2786 2278,2792 2368,2792 2457,2792 2547,2798 2636,2798 2726,2798 2762,2804"/>
                <TextEquiv>
                    <Unicode>A whole day has gone by, and I have not seen her. It rained all</Unicode>
                </TextEquiv>
            </TextLine>
            <TextLine id="tr_3_tl_9" custom="readingOrder {index:8;}">
                <Coords points="780,2869 2743,2881 2740,2822 2646,2812 780,2800"/>
                <Baseline points="793,2845 882,2839 972,2845 1061,2845 1151,2845 1240,2851 1330,2845 1419,2851 1509,2851 1598,2851 1688,2851 1777,2857 1867,2857 1956,2863 2046,2857 2135,2863 2225,2863 2314,2863 2404,2869 2493,2869 2583,2869 2672,2869 2750,2881"/>
                <TextEquiv>
                    <Unicode>the morning, and I was almost the only person on the promenade,</Unicode>
                </TextEquiv>
            </TextLine>
            <TextLine id="tr_3_tl_10" custom="readingOrder {index:9;}">
                <Coords points="790,2931 2745,2968 2745,2901 2554,2886 790,2862"/>
                <Baseline points="805,2917 894,2917 984,2917 1073,2917 1163,2917 1252,2923 1342,2923 1431,2923 1521,2923 1610,2923 1700,2929 1789,2929 1879,2929 1968,2929 2058,2935 2147,2935 2237,2935 2326,2941 2416,2941 2505,2941 2595,2941 2684,2941 2750,2941"/>
                <TextEquiv>
                    <Unicode>Now and then I passed the house she is staying in, but I did not</Unicode>
                </TextEquiv>
            </TextLine>
            <TextLine id="tr_3_tl_11" custom="readingOrder {index:10;}">
                <Coords points="780,2995 2750,3032 2748,2971 2636,2956 780,2933"/>
                <Baseline points="793,2977 882,2977 972,2977 1061,2982 1151,2982 1240,2982 1330,2988 1419,2988 1509,2988 1598,2988 1688,2994 1777,2994 1867,2994 1956,2994 2046,2994 2135,2994 2225,3000 2314,3000 2404,3000 2493,3006 2583,3006 2672,3006 2756,3012"/>
                <TextEquiv>
                    <Unicode>know which were herussdows. In the afternoon the rain cleared,</Unicode>
                </TextEquiv>
            </TextLine>
            <TextLine id="tr_3_tl_12" custom="readingOrder {index:11;}">
                <Coords points="775,3075 2738,3122 2686,3023 773,3008"/>
                <Baseline points="787,3048 876,3054 966,3054 1055,3054 1145,3054 1234,3060 1324,3066 1413,3060 1503,3066 1592,3066 1682,3066 1771,3066 1861,3066 1950,3072 2040,3072 2129,3072 2219,3078 2308,3078 2398,3078 2487,3078 2577,3078 2666,3084 2744,3084"/>
                <TextEquiv>
                    <Unicode>and I took a long walk by the coast to the next place. It was very</Unicode>
                </TextEquiv>
            </TextLine>
            <TextLine id="tr_3_tl_13" custom="readingOrder {index:12;}">
                <Coords points="780,3146 840,3151 860,3134 897,3154 1073,3159 1088,3141 1182,3144 1313,3166 1311,3092 1249,3075 1159,3094 1031,3075 984,3104 944,3080 909,3092 780,3075"/>
                <Baseline points="793,3126 882,3120 972,3120 1061,3126 1151,3126 1240,3132 1318,3132"/>
                <TextEquiv>
                    <Unicode>heavy and sultry.</Unicode>
                </TextEquiv>
            </TextLine>
            <TextLine id="tr_3_tl_14" custom="readingOrder {index:13;}">
                <Coords points="832,3216 2753,3241 2482,3139 832,3156"/>
                <Baseline points="847,3191 936,3197 1026,3197 1115,3197 1205,3203 1294,3203 1384,3203 1473,3203 1563,3203 1652,3203 1742,3209 1831,3209 1921,3209 2010,3215 2100,3215 2189,3215 2278,3215 2368,3215 2457,3221 2547,3221 2636,3221 2726,3227 2756,3227"/>
                <TextEquiv>
                    <Unicode>All the way I could think of nothing else but what once had been.</Unicode>
                </TextEquiv>
            </TextLine>
        </TextRegion>
        <TextRegion id="tr_2" custom="readingOrder {index:2;}">
            <Coords points="757,3219 2756,3219 2756,4406 757,4406"/>
            <TextLine id="tr_2_tl_1" custom="readingOrder {index:0;}">
                <Coords points="780,3293 2753,3310 2750,3241 780,3201"/>
                <Baseline points="793,3269 882,3269 972,3269 1061,3269 1151,3275 1240,3275 1330,3275 1419,3275 1509,3275 1598,3281 1688,3281 1777,3281 1867,3281 1956,3287 2046,3287 2135,3287 2225,3287 2314,3287 2404,3293 2493,3293 2583,3299 2672,3299 2756,3299"/>
                <TextEquiv>
                    <Unicode> sverything came back to me distinctly. The hospitable house I had</Unicode>
                </TextEquiv>
            </TextLine>
            <TextLine id="tr_2_tl_2" custom="readingOrder {index:1;}">
                <Coords points="761,3352 2743,3389 2740,3317 2651,3310 761,3300"/>
                <Baseline points="775,3334 865,3340 954,3346 1044,3346 1133,3346 1223,3346 1312,3346 1402,3352 1491,3352 1580,3352 1670,3352 1759,3352 1849,3358 1938,3364 2028,3358 2117,3358 2207,3364 2296,3364 2386,3364 2475,3364 2565,3364 2654,3370 2744,3370 2750,3370"/>
                <TextEquiv>
                    <Unicode> lived in, and the little garden with the green, lacquered chair, and</Unicode>
                </TextEquiv>
            </TextLine>
            <TextLine id="tr_2_tl_3" custom="readingOrder {index:2;}">
                <Coords points="771,3434 2733,3466 2730,3389 768,3364"/>
                <Baseline points="781,3412 871,3412 960,3412 1050,3418 1139,3418 1228,3418 1318,3418 1407,3424 1497,3424 1586,3424 1676,3424 1765,3424 1855,3424 1944,3430 2034,3436 2123,3430 2213,3430 2302,3436 2392,3436 2481,3436 2571,3442 2660,3442 2738,3442"/>
                <TextEquiv>
                    <Unicode>tables. And I saw^the little town with it* quikt white streets, and</Unicode>
                </TextEquiv>
            </TextLine>
            <TextLine id="tr_2_tl_4" custom="readingOrder {index:3;}">
                <Coords points="771,3518 2733,3543 2703,3476 2329,3451 768,3451"/>
                <Baseline points="781,3484 871,3490 960,3490 1050,3490 1139,3490 1228,3490 1318,3496 1407,3496 1497,3496 1586,3502 1676,3502 1765,3502 1855,3502 1944,3502 2034,3502 2123,3502 2213,3507 2302,3507 2392,3507 2481,3513 2571,3513 2660,3519 2738,3525"/>
                <TextEquiv>
                    <Unicode>the distant hills melting away in the mist. Over all lay a canopy</Unicode>
                </TextEquiv>
            </TextLine>
            <TextLine id="tr_2_tl_5" custom="readingOrder {index:4;}">
                <Coords points="768,3585 2740,3605 2643,3535 768,3521"/>
                <Baseline points="781,3561 871,3561 960,3561 1050,3561 1139,3567 1228,3567 1318,3567 1407,3567 1497,3573 1586,3573 1676,3573 1765,3573 1855,3573 1944,3579 2034,3579 2123,3579 2213,3579 2302,3579 2392,3585 2481,3585 2571,3585 2660,3585 2744,3585"/>
                <TextEquiv>
                    <Unicode>of pale blue sky, which harmonised so perfectly with the environ-</Unicode>
                </TextEquiv>
            </TextLine>
            <TextLine id="tr_2_tl_6" custom="readingOrder {index:5;}">
                <Coords points="761,3644 2730,3691 2641,3602 761,3585"/>
                <Baseline points="775,3633 865,3633 954,3633 1044,3633 1133,3639 1223,3639 1312,3639 1402,3639 1491,3645 1580,3645 1670,3645 1759,3645 1849,3645 1938,3645 2028,3651 2117,3651 2207,3651 2296,3657 2386,3657 2475,3657 2565,3657 2654,3657 2732,3669"/>
                <TextEquiv>
                    <Unicode>ment that it seemed as if only there it could be so pale and blue,</Unicode>
                </TextEquiv>
            </TextLine>
            <TextLine id="tr_2_tl_7" custom="readingOrder {index:6;}">
                <Coords points="768,3748 2735,3753 2735,3689 2577,3672 768,3667"/>
                <Baseline points="781,3710 871,3704 960,3704 1050,3704 1139,3710 1228,3710 1318,3716 1407,3716 1497,3716 1586,3716 1676,3722 1765,3722 1855,3716 1944,3722 2034,3722 2123,3722 2213,3722 2302,3728 2392,3728 2481,3728 2571,3728 2660,3734 2738,3728"/>
                <TextEquiv>
                    <Unicode>And the living creatures belonging to that time came rividly before</Unicode>
                </TextEquiv>
            </TextLine>
            <TextLine id="tr_2_tl_8" custom="readingOrder {index:7;}">
                <Coords points="768,3800 2740,3835 2738,3758 2619,3751 768,3744"/>
                <Baseline points="781,3782 871,3782 960,3782 1050,3782 1139,3782 1228,3788 1318,3788 1407,3788 1497,3788 1586,3788 1676,3794 1765,3788 1855,3794 1944,3794 2034,3794 2123,3794 2213,3794 2302,3800 2392,3800 2481,3800 2571,3800 2660,3806 2744,3806"/>
                <TextEquiv>
                    <Unicode>me, my school-mates, my teachers, and Friederika's husband. I</Unicode>
                </TextEquiv>
            </TextLine>
            <TextLine id="tr_2_tl_9" custom="readingOrder {index:8;}">
                <Coords points="773,3880 2738,3907 2735,3835 2663,3825 773,3805"/>
                <Baseline points="787,3854 876,3854 966,3854 1055,3859 1145,3854 1234,3859 1324,3859 1413,3859 1503,3865 1592,3859 1682,3865 1771,3865 1861,3865 1950,3865 2040,3865 2129,3871 2219,3871 2308,3871 2398,3877 2487,3871 2577,3877 2666,3877 2744,3883"/>
                <TextEquiv>
                    <Unicode>saw him, not as he had appeared at that last moment. I saw him</Unicode>
                </TextEquiv>
            </TextLine>
            <TextLine id="tr_2_tl_10" custom="readingOrder {index:9;}">
                <Coords points="761,3949 2584,3984 2740,3971 2740,3909 758,3880"/>
                <Baseline points="775,3919 865,3925 954,3925 1044,3925 1133,3931 1223,3931 1312,3931 1402,3931 1491,3931 1580,3937 1670,3937 1759,3937 1849,3937 1938,3937 2028,3943 2117,3943 2207,3943 2296,3943 2386,3943 2475,3943 2565,3943 2654,3949 2744,3955"/>
                <TextEquiv>
                    <Unicode>with the Onntie, rather tired expression that he used to wear when</Unicode>
                </TextEquiv>
            </TextLine>
            <TextLine id="tr_2_tl_11" custom="readingOrder {index:10;}">
                <Coords points="761,4021 2733,4041 2733,3976 761,3949"/>
                <Baseline points="775,3997 865,4003 954,3997 1044,3997 1133,4003 1223,4003 1312,4003 1402,4003 1491,4003 1580,4009 1670,4009 1759,4009 1849,4009 1938,4015 2028,4015 2117,4015 2207,4015 2296,4015 2386,4021 2475,4021 2565,4021 2654,4021 2738,4021"/>
                <TextEquiv>
                    <Unicode>he passed us boys in the street after school-hours, and gave us a</Unicode>
                </TextEquiv>
            </TextLine>
            <TextLine id="tr_2_tl_12" custom="readingOrder {index:11;}">
                <Coords points="773,4085 2733,4123 2733,4066 2601,4043 773,4011"/>
                <Baseline points="787,4068 876,4068 966,4074 1055,4074 1145,4074 1234,4080 1324,4074 1413,4074 1503,4080 1592,4080 1682,4080 1771,4086 1861,4080 1950,4086 2040,4086 2129,4086 2219,4086 2308,4086 2398,4092 2487,4092 2577,4092 2666,4092 2738,4098"/>
                <TextEquiv>
                    <Unicode>oudly greeting; and I saw him as he sat, generally silent, between</Unicode>
                </TextEquiv>
            </TextLine>
            <TextLine id="tr_2_tl_13" custom="readingOrder {index:12;}">
                <Coords points="768,4157 2723,4194 2720,4118 766,4090"/>
                <Baseline points="781,4146 871,4140 960,4140 1050,4146 1139,4146 1228,4146 1318,4146 1407,4146 1497,4152 1586,4152 1676,4152 1765,4158 1855,4158 1944,4158 2034,4158 2123,4158 2213,4158 2302,4164 2392,4164 2481,4164 2571,4164 2660,4170 2726,4170"/>
                <TextEquiv>
                    <Unicode>Friederika and me at meals; and as I had often seen him out of my</Unicode>
                </TextEquiv>
            </TextLine>
            <TextLine id="tr_2_tl_14" custom="readingOrder {index:13;}">
                <Coords points="758,4229 2733,4279 2733,4204 2534,4187 756,4172"/>
                <Baseline points="769,4206 859,4217 948,4211 1038,4217 1127,4217 1217,4217 1306,4217 1396,4223 1485,4223 1575,4223 1664,4223 1753,4229 1843,4229 1932,4229 2022,4229 2111,4229 2201,4235 2290,4235 2380,4235 2469,4235 2559,4241 2648,4241 2738,4241"/>
                <TextEquiv>
                    <Unicode>window, at the little green lacquered table in the garden correcting</Unicode>
                </TextEquiv>
            </TextLine>
            <TextLine id="tr_2_tl_15" custom="readingOrder {index:14;}">
                <Coords points="748,4313 2720,4338 2663,4254 748,4244"/>
                <Baseline points="763,4289 853,4289 942,4289 1032,4289 1121,4289 1211,4289 1300,4295 1390,4295 1479,4295 1569,4295 1658,4301 1748,4301 1837,4301 1927,4301 2016,4301 2105,4301 2195,4301 2284,4307 2374,4307 2463,4313 2553,4313 2642,4313 2726,4313"/>
                <TextEquiv>
                    <Unicode>mine and his other pupils' work. I recalled how Friederika came</Unicode>
                </TextEquiv>
            </TextLine>
            <TextLine id="tr_2_tl_16" custom="readingOrder {index:15;}">
                <Coords points="743,4373 2735,4412 2735,4338 2634,4331 741,4311"/>
                <Baseline points="757,4361 847,4361 936,4367 1026,4367 1115,4367 1205,4373 1294,4367 1384,4373 1473,4373 1563,4379 1652,4373 1742,4379 1831,4379 1921,4379 2010,4379 2100,4379 2189,4384 2278,4384 2368,4390 2457,4384 2547,4390 2636,4390 2726,4390 2738,4396"/>
                <TextEquiv>
                    <Unicode>to him in the.garden, bringing him his afternoon coffee, and.smiled</Unicode>
                </TextEquiv>
            </TextLine>
        </TextRegion>
    </Page>
</PcGts>
