4328 5480
1495 294 1676 389 1er
2993 672 3174 803 G.C.
1189 662 2142 830 FORTNIGHILY REVIRW.
610 883 1091 1081 Proch
1759 1074 2627 1219 “SHE NEVER KW.”
587 1224 763 1310 -
1867 1242 2491 1352 ARTHUR SCHRUTZCLER.
1162 1325 3174 1478 (I jHALL stay here for a long time. There hangs over this place
1197 1448 3156 1550 between forest and sea a quiet.melancholy that does me good
1197 1528 3176 1616 Everything is,stagnant, and peaceful. Only the whiteilouds move
1197 1598 3169 1701 deliberately; the wind stirs so high above tree-tops and waves that
1197 1686 3159 1759 there isn’t a rustle among the leaves or a murmur from the sea.
1204 1736 3159 1824 Profound aditude reigns here, and one is always conscious of it
1197 1819 3169 1912 even when sitting in a trowd at the hotel or on the promenade. The
1197 1889 3169 1964 band, for the most part, playes nothing but sad Sweden and Danish
1184 1964 3169 2057 airs, but even it’s lively pieces sound subdued and way. When
1197 2042 3169 2135 the musicians have finished, they silently come down the steps of
1204 2122 3103 2203 the Kiosque, and vanish, slowly and dejectedly, among the trees.
1257 2185 3156 2275 I am writing this while I let myself Grift in a boat along the coast
1204 2268 3159 2351 The coast is green and tame. There are unpretentious country
1197 2326 3176 2413 houses standing in gardens; the gardens run down to the water, and
1204 2396 3161 2489 have Leats in them; behind the houses is the narrow white road
1197 2461 3171 2561 and on the other side of the road is the forest. The forest stretches,
1204 2554 3171 2634 slightly undulating, far, far away to the sunset. Its full evening
1204 2634 3171 2712 glory is reflected on the narrow golden Island which my boatman
1197 2722 3156 2775 says may be reached in two hours. I should like to go there, yet
1197 2762 3169 2842 ames: curiously wedded to this spot; I spend my whole time in its
1197 2850 3113 2933 reighbourhood, either on the shore or on my private terrace,
1257 3003 3169 3091 I am lying under the beaches. The branches are weighed down
1204 3086 3159 3161 by the drowsy afternoon tmosphere. Now and then I hear foot
1197 3148 3169 3239 steps coming along the woodland path, but I can see nobody. I
1209 3249 3174 3312 don’t want to stir, and my eyes are fixed on the sky. I hear, too,
1184 3296 3169 3379 the shrill daughter of children, but the vast stillness around me
1197 3379 3169 3455 swallows upduickly alldunds, and scarcely a second elapses when
1197 3434 3169 3532 it seems as if they were a long way off. If I close my eyes and
1209 3530 3189 3610 open them again, I feel as if I were making from a long sleep. So
1209 3603 3164 3688 I let myselftslide away, and float like a piece of nature in the
1214 3675 1801 3756 surrounding silence.
1257 3776 3169 3919 It's all over now with this heavenly rest. Neither in the little
1209 3904 3201 3996 rowing-boat nor under the beeehes will it ever be mine, again. All at
1197 3976 3181 4064 once everything has changed. The melodies played by the band
1214 4064 3169 4144 now sound passionate and mercy; people who pass me seem to be
1214 4129 3174 4202 taking a great deal; children laugh and short. Even the belonged
1197 4190 3176 4292 sea that seemed so silent boats at night noisily on the shore. Life
1204 4267 2155 4370 has again become for me alive.
2526 4842 2692 4980 durch.
1954 4872 2120 4985 G.H.F.P.
1967 5208 2433 5349 8.
