3512 5112
2757 383 2931 533 16
1464 655 1840 833 Filippo
544 742 1544 903 (starts back alarmed)
314 878 2405 1032 Was this needed too? Yet you still hesitate?
1467 997 1788 1174 Andrea
296 1147 3053 1251 Are you possessed with the idea, that you shall die at the
303 1244 1276 1387 hands of a Hurderer?
1467 1404 1840 1537 Filippo
307 1492 1959 1638 Not so. I understand your meaning.
509 1582 2858 1704 (-takes a word which hangs in Alcove on the wall)
324 1662 3126 1812 See! It shall be in honorable duel – I will defend myself,
310 1777 2844 1913 And not just stride out for appearance sake! On Guard!
1474 1966 1795 2105 Andrea
596 2039 1481 2189 (drawing his lword)
324 2115 2917 2258 No, Filippo! My God! I cannot send you to eternity so
331 2241 850 2363 unprepared.
1485 2405 1837 2520 Filippo
314 2457 2896 2624 Nor priest, nor God himself, would grant me absolution.
1481 2676 1812 2819 Andrea
554 2725 1397 2900 (lowers hisqrond)
307 2798 2450 2976 What weakness palsies thus my good right arm?
321 2955 2199 3060 This man who stands before me, is not he
314 3035 2673 3182 I sought, but some poor changeling. My heart rage
314 3147 2251 3255 Flared suddenly too high, and in the gust
324 3224 2311 3335 Of this non-surce is extinct. 'Twas he
307 3314 2105 3440 Who offered insult to our noble house,
307 3422 2401 3537 And drove my sister mad. I would have slain
314 3502 2391 3617 Him who had been in happen days, my friend.
324 3590 2443 3705 Then o er his corse I would have wept for one
324 3680 2349 3795 Why robbing us of all, gave more, far more,
321 3792 2565 3896 In former days, than he could ever take from us.
303 3851 2917 3983 I sought you, Filippo, a felon, yet thought to find you
314 3962 2994 4088 Brilliant and careless as of old. Godlike, in intellect,
307 4046 2819 4189 But not as thou art become today. A cringering mortal,
303 4144 1303 4294 Bowing down in shame-
1453 4259 1875 4457 Filippo
554 4402 1129 4551 (withussf)
303 4454 2115 4628 Am I so changed? What was I in my day
317 4579 2739 4764 Of grace? Was I a man, so far above my fellows set
324 4708 1401 4802 That all did reverence,
296 4771 2216 4956 Paying their hommage 'neath my pedastal?
