3560 5240
174 555 2642 751 He leaves you with outstretched arms, in your dream,
178 722 2308 860 Longing and thirsting to have him back again.
192 777 3106 954 So little were you mine, that as soon as your eyes were closed
189 893 2185 1049 Your soul set out on an adventure strange,
181 1005 2261 1150 And I, with many others, knelt at your feet,
200 1045 3026 1245 I was, and they, were nothing to you, nothing but mere dross
189 1176 1992 1332 I who gave you more than you dream of,
192 1248 2529 1415 So little was my love worth to you, in your heart
207 1350 2380 1513 That no aversion seized you, when you thought,
207 1473 2090 1600 That other men than I were in the world.
210 1502 2805 1695 Do you think that I would prove a husband, complaisant,
210 1644 2631 1796 To laste strange kisses on your laps, the while and
207 1724 2253 1880 Yet you come here as harlot of your dreams?
214 1862 853 2018 Co, Beatrice!
1375 1974 1796 2126 Beatrice
925 2097 1923 2243 Why what have I done?
229 2192 1793 2388 You love me no more, Filippo--?
225 2322 450 2453 You!
1386 2449 1764 2580 Filippo
229 2562 2076 2743 I have you? Horror of you possesses me.
1397 2725 1814 2888 Beatrice
225 2816 2696 2976 Filippo, till yesterday I ne'er thought of the Duke!
1412 2972 1774 3128 Filippo
243 3092 1390 3288 Yes to-day you were his.
1404 3240 1818 3400 Beatrice
1459 3342 2224 3494 Yes, in a dream!
1404 3465 1782 3603 Filippo
239 3574 1165 3741 come, leave me, go!
1415 3719 1851 3854 Beatrice
239 3814 1967 3981 Do you say that in earnest, Filippo?
247 3868 2449 4090 You will not take me with you on your journey?
1412 4090 1814 4220 Filippo
247 4173 2123 4387 There is no need to make a journey now.
1433 4373 1869 4518 Beatrice
1945 4438 2740 4561 Don't you think,
283 4482 2126 4714 That I would go with you most joyfully,
269 4634 2656 4852 I love you, Filippo, I love you!with all my heart!
