3528 5096
1583 149 1752 235 "    "
2809 385 2964 554 34
302 609 2175 731 And in a tiny second’s space should not
307 720 2250 822 Our resolution fail, all will be changed.
332 800 2336 911 'Twill be as light unto the man born blind,
307 894 2256 1002 Invisible – the man who à unnts his years
321 985 1827 1085 A century iseneor, richer far
327 1085 2114 1184 In hope than we, who yesterday put off
321 1173 2383 1287 our blildi sh garments. Can you understand?
567 1256 1265 1384 (Beatrice nods)
313 1345 2388 1470 When these have flickered into the suckets
567 1436 1450 1572 (Points to candles)
332 1481 2433 1622 We, Beatrice, you and I, also will have gone -
313 1627 2184 1730 Your lovely body pulsing with hot blood,
313 1719 2261 1827 Burning in my embrace, will be like stone
313 1815 2388 1910 As cold and Kickless. though what lies here
332 1887 2424 1984 Will bear your semblance still tomorrow morn.
327 1973 2444 2101 In one short day thou 'llt be a thing abhorred
327 2070 2153 2167 A loathsome sight, breeding pestilance,
338 2148 1987 2261 Quick mustled off to lie, deep down
332 2244 2394 2380 Mong rotting carcasses. How I would shrink
313 2352 2303 2471 And shudder. I, who hold you in my arms,
332 2444 2045 2554 And breathe the perfume of your hair,
332 2535 2388 2687 an¬d garments. Do you understand, Beatrice?
1497 2707 1876 2848 Beatrice
332 2756 1605 2950 Yes, Filippo, I understand.
1486 2978 1851 3111 Filippo
313 3077 2109 3194 When we speak of death and of eternity
313 3158 2538 3302 Words are enadequate to voise the deep Hmotions
313 3266 2435 3382 Which they stir within us, when all suddenly,
313 3343 2170 3465 Right in the glare of life we face that
313 3446 1730 3559 Unimagined and too awful void.
313 3540 2211 3650 In this supremest hour, a thousand fear,
302 3634 2471 3744 Assail the mind. What lies within the gloom,
313 3728 2435 3833 Perchange, not peace, but torture ever worse.
307 3830 2192 3924 Mayhap the troubles which we now relure,
327 3908 2153 4007 would seem in that black clouded space,
302 3996 2477 4110 As thin dissolving mist, but none can tell us,
307 4090 2430 4209 None who have journeyed forth upon that vast,
302 4196 2294 4320 Unfathomed sea of space have yet returned,
307 4281 1417 4425 To tell the tale to us.
1486 4467 1887 4589 Beatrice
548 4555 1356 4683 (Clinging to him)
302 4647 1494 4810 But take me in your arms.
