3416 5096
2638 427 2792 554 31
1275 649 1768 789 Mrs. Nardi
329 704 2951 854 It is not too late! You will not kill an innocent per-
385 838 2762 982 Your Highness! I will cry out till the walls fall
150 835 365 1021 own.
444 920 1435 1037 The Duke must return!
1262 1040 1637 1184 Magnani
339 1112 1755 1236 The civil take, thee, old hag!
339 1190 2792 1357 (Giodotti comes from the garden in great excitement)
1285 1360 1676 1484 Giudotti
248 1402 2629 1608 sirs, whom of you saw the young woman who was with
209 1539 1151 1680 alvezzi, an hour ago?
1265 1683 1676 1836 Zampeiri
225 1732 1282 1918 was one from Florence.
1269 1905 1569 2012 Others
1262 1944 2622 2146 What is the matter with her?
581 2094 2899 2247 (quite in the backward of the garden one sees a
623 2231 2221 2355 corpse being carried across stage)
1246 2342 1477 2472 Duke
342 2426 2821 2557 (from the terrace,rerseen by the audience, very loud)
254 2518 2860 2629 that Mariseotti, whom the people bear? Take the body...
261 2599 1839 2691 the corpse to the wall of Isiah!
232 2687 1849 2782 ow it over so that his cursed head
238 2759 1803 2896 not be found, when tie sun Leises!
1246 2886 1650 3013 Cuidotti
222 2958 2390 3111 have already attended to that! But this, Sire,
222 3062 1106 3183 Malvezzi's corpse.
346 3137 851 3291 (commotion)
1474 3176 2449 3395 He lay in the grass,
205 3297 1500 3454 h this dagger in his heart!
1249 3408 1601 3600 several
183 3512 828 3662 Florentine!
1246 3653 1556 3793 Others
1008 3721 1455 3914 Seek her!
1256 3878 1601 4031 Someone
170 3946 1882 4139 A woman is to be found in the castle.
1236 4106 1663 4243 Vanpeiri
124 4200 2456 4334 he came with one, who was driven out with lashes.
1249 4315 1693 4487 2nd Noble
124 4432 2224 4608 asily 18sognized, I think, will they all be!
