3528 5112
1439 592 1801 741 Filippo
281 686 2370 808 Yet still "resoue" is possible, did we seeker it
844 802 2370 902 If fate would should us, may not
288 808 789 928 Cleverly.
288 867 2490 1009 Our simple exight into the world of men auceed!
294 990 2458 1103 With this hope a new world is restored to us!
304 1080 2367 1193 The sun may rise for you tomorrow, as today,
301 1158 1989 1277 Springconers may bloom, the earth,
294 1242 2319 1381 In verdure clothed. Life sparkle all about
288 1329 2451 1471 You once again. say yes, and we will try it!
281 1449 1048 1610 come, speak out!
1439 1610 1856 1749 Beatrice
281 1714 2037 1869 Do you mean this – let me rather go.
1458 1856 1817 2050 Filippo
288 1982 786 2125 Wherafore?
1462 2167 1866 2289 Beatrice
281 2260 2636 2393 After a day like this, others might live together,
281 2344 2885 2519 But not you and I! You've caused me too much anguish.
1445 2532 1814 2678 Filippo
275 2616 1471 2771 Yet we lived and do live.
1455 2791 1856 2930 Beatrice
288 2907 2846 3020 Though how long before we both would sink into disust
288 2991 2037 3117 Though now we walk with heads erect?
281 3091 2464 3211 No! Let us die. For that cause came I here.
1445 3266 1817 3399 Filippo
1261 3347 2506 3480 Yes 'tis right. Now I see
275 3321 1096 3502 Chanks, Beatrice!
1306 3450 2506 3589 should our lives continue
294 3470 1174 3609 That you are ready.
291 3512 2784 3683 The stein of these last hours, we never could remove.
298 3644 2690 3771 The knowledge only, that our end is near, makes us,
1591 3729 2467 3858 come, let us enjoy
294 3748 1426 3855 As innocent as children.
285 3822 2131 3948 Our happiness, and to it full a beaker.
540 3897 3024 4058 (He leads her to table and pours out a glass of wine)
1297 3978 3195 4149 Think not of these as remnants of a meat.
294 4023 1109 4139 Now let us drink!
323 4107 2364 4220 'Twixt that past feast, and this sweet hour,
275 4204 1623 4311 A whole enternity has rolled.
530 4291 1103 4427 (They drink)
281 4378 2797 4530 What would have been impossible while hope and grief
272 4463 2487 4602 O'er our clear souls cast treacke rous hadows,
