3720 5128
3003 632 3177 796 22.
1265 680 1723 818 Francesco
1705 742 2599 931 Therefore, Beatrice,
338 807 2068 974 say yes at once to Vittorino, if thou
334 920 1723 1047 Art willing, to say it to him.
1276 1072 1727 1196 Vittorino
324 1138 3162 1298 But if you must say no, don't say it now, that it shall run my
327 1210 2363 1378 heart through, give me but a moment’s hope.
658 1301 1276 1407 To Princesco)
309 1389 3028 1527 I fear her answer.Francesco! In the last few days she has
298 1443 1574 1603 seemed so far away from me.
560 1523 1221 1647 (To Beatrice)
320 1592 3053 1738 When'er the sin went down, Beatrice, youelappeared. I know
324 1676 3239 1847 that you only wandered over hill and dale before the gate,-but
309 1774 2908 1905 have you not been far off when you turn away your eyes
327 1843 1857 1996 Therefore fear I, for your answer.
1240 1988 1643 2123 Beatrice
291 2050 1436 2246 have no fear, Vittorino!
1243 2203 1690 2348 Vittorine
585 2290 1956 2446 With sudden courage and hope )
298 2377 1116 2512 Then you love me?
1236 2544 1625 2664 Beatrice
291 2548 1618 2759 No, Vittorino. But I will do,
302 2694 2359 2817 What you hope for, and what Princesco wishes.
284 2792 2544 2937 My brother is most olever. And look you, I think,
291 2846 1076 2963 I shall be shelt
1123 2883 1945 3003 ved in your heart,
291 2941 1839 3039 As in no other. I do not long for
287 3010 2232 3137 For your kisses, Vittorino,. But to repose
291 3086 1708 3195 discourse, as I am very tired.
1221 3239 1650 3355 Francesco
273 3304 2544 3504 What is it, that you are living through, Beatrice?
1207 3442 1661 3580 Vittorino
262 3562 3181 3686 Don't ask her, don’t ask her! It is for me, to ask her later. Do
280 3639 3195 3784 you know, Beatrice, that we must leave the city to-day as married
265 3715 1541 3831 people, if that is possible?
1196 3849 1614 3995 Beatrice
262 3919 705 4064 To-day?-!
1181 4053 1636 4206 Francesco
254 4158 2704 4297 It is only possible to-day, and therefore must be so!
262 4249 2486 4384 Listen to me: In St.Stefano's church the priest
262 4344 1661 4453 Awaits you, who will marry us.
265 4395 2159 4529 If this is finished,then I will lead you
273 4427 2839 4613 To the Vitale gate. There, there is a passge, which until
265 4566 3108 4733 To-day I knew not of, which lead beneath the wall and grounde
262 4638 1807 4798 To the old villa of the Larangi.
