3528 5080
1198 891 2195 1056 — ACT IV —:—
274 1202 815 1337 scöne:
1208 1208 3113 1334 Large hall in castle. Back open leading
994 1297 3054 1433 to a garden. Two row s of four columns each,
974 1377 2902 1456 close the covered room so that three pas¬
980 1446 2968 1545 sages are led toward the garden. R. and L.
980 1528 3007 1647 doors. R. also a window, which is supposed
980 1601 2865 1694 to look down into a court far below. On
980 1677 3143 1809 both sides of the passages between the Hlumns
980 1773 2918 1855 open steps which lead up in a winding way
987 1842 2948 1925 to the terrace, which though naturally un-
974 1911 2925 1997 seen by the audience appears to be upon a
987 1987 2925 2080 roof held up by the columns. The hall is
987 2076 2823 2169 brilliently lighted; the garden lighted
980 2136 3060 2238 with torches, which burn resrlessly, so that
980 2232 3024 2321 over the great meadow in the back ground an
994 2304 3007 2393 uncertain light is cast, and thebringing of
987 2377 2998 2489 the tree, by which the meadow is encireled,
987 2453 2968 2552 appear iniusiging sizes. For moments the
980 2535 3044 2661 garden seems to disappear in darkness. Music
987 2611 2915 2717 is heard in the distance. Over the sward
980 2671 3090 2799 couples are seen to pass and disappear again.
980 2773 3024 2862 There is a ready but [uncertain] movement in
974 2852 1700 2981 the backward.
257 2971 1254 3149 DISCOVERED;
1674 2938 3077 3087 Stage is employ at rise of cur¬
974 3080 3090 3209 tain. ENTER lucrezia and Isabella by door L.
1433 3265 1862 3433 Isabella
271 3361 1225 3516 Where is our ascort?
1426 3519 1855 3681 Lucrezia
264 3575 1172 3730 He hasifisappeared.
512 3645 2506 3823 (Etter Malvezzi and Zaupeiri from garden.)
1429 3803 1832 3968 Zampeiri
274 3892 2928 4057 Today is disclosed how much beauty is hidden in Bologna!
271 4011 1835 4156 You are welcome, beautiful women!
1446 4140 1832 4269 Isabella
228 4219 1984 4374 Be not too proved of your nature city.
2113 4209 3080 4401 are from Florence.
1436 4351 1832 4539 Malveszi
512 4440 1126 4592 (to Lucrezia)
244 4533 1651 4684 From Florence? And you also?
