3928 5144
1451 910 2371 1093 - :- A C T V — : -
555 1242 1103 1402 SCENE:
1485 1242 3391 1398 Same as third act. Quite dark. Candles
1259 1368 3388 1468 are burned down. The veil lies illumined not
1262 1455 3205 1558 quite in the middle, more to the R. where
1255 1511 3338 1641 Beatrice let it drop. Filippo Loschi's body
1252 1617 3511 1727 is almost covered by the weurtains of the alcove.
1265 1674 3278 1780 nothing is seen of it as the curtain Leises.
1245 1757 3242 1853 Emply scene for a time. Everything quiet?
1245 1827 3248 1930 After a time noise on the street, daughter
1242 1900 3418 2016 which again dies away. Then complete silence.
1252 1970 3344 2092 Then through the open door R. enter Beatrice
1252 2013 3471 2182 the Duke behind her, holding her left hand with
1245 2126 3238 2252 his right. She goes right to the veil and
1245 2202 1840 2341 picks it up.
1707 2415 2109 2551 Beatrice
531 2471 1774 2650 Here it is! And now come!
1697 2634 1906 2780 Duke
761 2687 1667 2846 (stands motionless)
1691 2830 2106 3002 Beatrice
1700 2959 2601 3079 I beg of you, come!
535 3022 2889 3152 You see, that this is the veil, which you gave me.
535 3115 3202 3261 I have kept my word, now keep yours. Some let us go away!
531 3185 1229 3295 come let us go.
790 3265 1561 3394 (Duke motionless)
774 3351 2033 3494 (with ever growing anxiety)
1697 3361 3009 3550 You uwore to ask me nothing!
458 3477 2787 3633 Men come, let us leavethis place — I beg of you.
1677 3630 1893 3766 Duke
757 3713 2501 3863 (very quietly still holding her hand)
518 3800 1644 3909 It is still the child of
1691 3829 2258 3942 the morning,
508 3886 1657 4029 Which makes your fingers
1684 3909 2086 4025 tremble.
1671 4009 2082 4162 Beatrice
1664 4132 2425 4258 Let us go henee!
1647 4221 1900 4431 Duke
482 4308 913 4467 Not yet.
1667 4447 2076 4630 Beatrice
1192 4567 2026 4736 This is the veil.
