3576 5240
1387 593 1771 761 Filippo
1662 662 2192 838 Oh! I know!
245 761 2361 937 That you would go with me today ascoillingly,
231 834 2456 1054 As three days since you would have followed me!
242 1017 1211 1160 So be upon your way.
1420 1050 1826 1190 Beatrice
1325 1135 2474 1307 And when shall I return?
1416 1277 1808 1490 Filippo
249 1464 615 1603 Return?
264 1515 2262 1691 To me? You do not comprehend me Beatrice!
267 1651 908 1797 never, never!
1435 1782 1881 1914 Beatrice
516 1845 1252 2050 (Garing at him)
1017 1976 1687 2148 Never, never?
1449 2141 1830 2288 Filippo
1691 2218 2844 2368 Even to to uch your hand
1779 2328 1965 2449 And
289 2320 1684 2496 Again, would make me shudder!
289 2397 3232 2602 Rather than embrace you, now that I know you, for what you are
307 2478 3188 2690 By Heaven, I would prefer to sleep with the departed spirits.
560 2654 1036 2789 (Shudders)
307 2749 955 2895 Go! Oh! Go!
1471 2880 1896 3023 Beatrice
315 2943 2408 3195 Can it be true, you send me forth like this?
1493 3016 2836 3235 she stands there. A cause)
571 3111 1449 3294 (He turns from her.
1490 3257 1874 3407 Filippo
575 3364 1343 3514 (Turning to her)
333 3488 1116 3620 Why do you weep?
1493 3620 1914 3752 Beatrice
340 3741 1405 3876 Because I love you so.
1519 3898 1896 4015 Filippo
351 3931 3155 4161 Yes, just as when you broke your fan on that first evening,
355 4048 2917 4246 And at that moment, behind you closed the garden gate,
348 4172 2643 4337 In the deep silence, you stepped into theamow
366 4220 2902 4429 Of approaching fate, and then — you wept — and wept
366 4337 3118 4538 great stupid tears for a mere fan, as now you weil for me.
362 4451 2200 4641 One is as serious to you, as the other
377 4586 1581 4806 Therefore, fare you well.
