3992 5176
1555 533 2474 724 —:— A C T I —:—
740 735 1344 865 SCENE : —
1907 715 3507 878 FILIPPoO LOSCHI'S GARDEN. A wall
1918 851 3734 972 across the back partly hidden by trees.
1916 940 3623 1058 and rather high. On the other side,
1927 1040 3498 1149 apparently separated from it by a
1927 1121 3582 1237 road. Church towards, houses, and in
1920 1237 3564 1317 the distance hills can be seen. R.
1934 1317 3630 1423 F. six wide steps lead to a platform
1920 1416 3659 1510 on which three pillars support a roof
1925 1489 3650 1589 forming a vestibule. This vestibul
1909 1594 3553 1696 R. B. is separated from the façade
1916 1687 3623 1789 of the low house. In the middle of
1920 1773 3518 1875 this façade is a door leading into
1927 1859 3752 1959 the house. Three paths come together
1916 1961 3662 2075 in the foreground, one from L. F. one
1920 2057 3634 2154 from R. B. and one going to the back
1916 2143 3587 2245 of the house. The third path join
1920 2240 3575 2345 that of the L.D.F. and Moses itself
1916 2338 3623 2438 after a bond in the backward. See
1909 2422 3582 2527 Diogram. near the house in front a
1927 2515 3612 2620 large tree, with a marble seat under
1920 2610 3292 2717 it. A hot summer afternoon.
1916 2781 3662 2901 FILIPOPO lying on the bench, with his
740 2772 1773 2883 DISCOVERED:
1920 2899 3530 2990 urms under his head. near him 1.
1909 2971 3582 3089 AGGSTIO DOSSI, with a lute in his
1920 3067 3621 3167 hands. He playes the last chords and
1909 3160 3337 3310 lays the lute down. A cause.
1916 3330 2277 3469 Filippo
745 3419 1537 3575 Is that the end?
1909 3514 2318 3657 Agostino
1578 3607 1793 3725 Yes.
1909 3789 2281 3911 Filippo
1993 3875 3117 4018 Did you write the song?
1905 3986 2315 4102 Agostino
588 4175 1773 4327 I'd rather not say: Yes.
1909 4172 3339 4343 The wordspargested the melody
642 4293 2070 4451 to me, and this is the result.
1841 4413 2204 4558 Filippo
1825 4486 2921 4676 I should like to know,
627 4622 1982 4806 the man who wrote the words.
