3544 5096
1186 145 1395 268 1 : = =
2703 164 2905 295 1. I
2841 384 3020 582 11.
1078 440 1376 600 Basini
145 548 3024 708 their steps are noiseless, because their feet do not touch the
164 671 2920 772 ground. How could they have gotten here so soon unless they
164 742 392 880 flew?
1070 824 1432 1018 Several
134 940 559 1104 Yes,yes!
1070 1115 1391 1227 Others
138 1130 2133 1335 Don't believe him! He takes you for fonds!
1066 1324 1521 1458 The First
138 1380 2897 1529 But you should believe him who tells you that the air is a
134 1506 503 1637 mirror!
1055 1633 1432 1779 Another
134 1685 865 1868 A mirror—haha!
459 1801 2498 1950 He +trikes about with his fist in the air.)
134 1905 1465 2036 Just see how it gets cracks!
459 2032 3013 2163 They talk among themselves. The group break, up. Freer
459 2125 1827 2275 movement. It is almost dark.)
321 2252 2897 2364 ( Lnter Vittorino from back quickly. He goes to Rosina
477 2360 2472 2461 and brings her down stage;greatly excited.)
1070 2487 1521 2632 Vittorino
134 2521 984 2722 Where is Beatrice?
1063 2733 1398 2856 Rosina
134 2744 1555 2961 I don't know. What's it to me?
1066 2949 1506 3099 Vittorino
459 2979 1033 3151 Very quickly
134 3121 2901 3218 This is the third evening, Rosina, that Beatrice,elappeared
138 3196 2953 3319 before sundown! The third day that she has not spoken a word
134 3292 2442 3408 to me, though I have asked her. What has happened?
1070 3389 1372 3542 Rosina
127 3468 2826 3643 The third evening? Isn't this the third evening since we
127 3587 1969 3718 were all at the Feastival of the Fools?
1055 3732 1514 3863 Vittorino
134 3781 3095 3923 And it was there that sheieappeared for the first time! Don't
134 3915 3128 4020 you remember now? We came home alone, and Beatrice late at night.
1052 4008 1372 4165 Rosina
127 4128 2517 4288 She lost her way--or perhaps not! What's it to me?
1044 4236 1514 4400 Vittorino
119 4288 2021 4482 Where is Princesco? When does he return?
1048 4474 1398 4642 Rosina
119 4523 2912 4739 Perhaps never again! He is on guard. Who knows, whether they
116 4683 2002 4810 will let him off again, even for an hour.
