3768 5128
2721 146 2986 288 ....
1420 154 1761 315 1 1/2 1/10
1378 476 1773 633 Caterina
426 545 3304 775 I only have a husband,no enusin and will never have cousins.
1385 729 1758 886 Capponi
679 794 1332 936 ( Returning.)
449 829 3519 1002 You see that they won't dare believe you. They know nothing about
437 971 3427 1086 marching out to-morrow; only that everyone must be at his post.
691 1101 2241 1266 (Two citizens have joined them.)
1358 1224 2026 1431 First Citizen
764 1324 1282 1466 To Second.)
414 1439 1681 1566 Did you hear what he said?
1358 1550 2057 1685 Second Citizen
434 1639 3415 1784 I know what I know I have three sons and only one has remained
437 1738 837 1877 at home.
1366 1865 1735 2034 Capponi
434 1926 1428 2107 Where are the others?
1370 2095 2042 2226 Second Citizen
437 2164 3400 2337 They have joined Valori,they are stationed at the Vitale gate,
437 2272 3074 2398 they flourish their daggers and cry; down with the Cope!
1355 2414 1727 2548 Capponi
414 2475 1470 2613 were they conscripted?
1297 2606 2003 2744 Second Citizen
414 2713 3124 2840 No they volunteered.Theyussed;down with the Cope we will
426 2798 1009 2940 project you!
1347 2955 1708 3070 Capponi
418 2997 3454 3181 Your sons will protect us? Against the hundred thousand marching
418 3108 3220 3212 against us? No one can protect us! No,no! The Duke will not
407 3200 3492 3304 sacrifice your sons for nothing and again for nothing! That would
414 3262 1428 3408 not be like our Duke.
1339 3408 1654 3546 Basini
391 3515 3250 3676 Give over,you are talking in the air! You’ll lose your head.
1335 3676 1692 3822 Capponi
706 3707 1259 3864 Anxiously.
403 3765 3477 3956 What haw I said? Is it a crime to be a peaceful citizen? That's
403 3930 2955 4049 why I call out;Down with Borgia! Down with Mariscotti!
1339 4056 2122 4168 Several Citizens
737 4137 2529 4271 Who have meanwhile kethered together.)
403 4229 2349 4375 The hound Mariscotti! Death to Marisootti!
1347 4352 1688 4490 Cappon 1
391 4425 3250 4578 Long live the Duke! See here Basini, why don’t you about too?
376 4536 2809 4686 Are you silent for fear of 8sing your head? He,he!
629 4678 3415 4900 ( vnter Rosina Nardi from her dwelling.A good many Kitzens
725 4847 3035 4996 and women assemble until there is quite a group).
