4264 5512
896 266 1725 554 V:A:H:S:
2256 765 2528 957 -72 -
1472 1184 3923 1411 :schaut auf: Nun ja, ich hab' es gethan, was schaut
896 1248 1232 1421 Henri:
1462 1398 3910 1597 Ihr mich so an? Es ist nun einmal so. Ist es denn gar
1446 1584 3926 1741 so verwunderlich? Ihr wisst doch alle, was meine Frau
1469 1731 3546 1878 fiir ein Geschöpf ist; es hat so enden müssen.
1469 1981 2467 2128 Und sie - wo ist sie?
902 1987 1194 2109 Wirt:
1472 2163 3878 2352 Sehen Sie, der Wirt geht drauf ein. Merken Sie, das
906 2230 1229 2349 Franc:
1478 2307 2835 2515 macht die Sache so natürlich.
1862 2541 3373 2723 :Lärm draussen, nicht zu stark:
1472 2829 3235 3002 Was ist das für ein Lärm da draussen?
912 2838 1229 2973 Jules:
1469 2995 2429 3213 Hören Sie, Séverine!
906 3050 1270 3203 Lansac:
1469 3222 3392 3475 Es klingt, wie wenn Truppen vorüberzögen.
906 3251 1274 3443 die Rollin:
1491 3485 3949 3632 Oh nein, das ist xxx unser liebes Volk von Paris, hö-
896 3494 1245 3667 Frane:
1491 3664 3773 3846 ren Sie nur, wie sie gröhlen. [:Unruhe im Zimmer;
1491 3811 3635 3965 draussen wird es still: Weiter Henri, weiter!
1472 4051 3827 4224 So erzäl' uns doch, Henri! - Wo ist Deine Frau? Wo
912 4083 1200 4208 Wirt:
1475 4214 2490 4374 hast Du sie gelassen?
1478 4413 3968 4614 Ah, es ist mir nicht lang um sie. Sie wird nicht dar-
909 4486 1293 4618 Henri:
1498 4592 4067 4787 an sterben. Ob der, ob der, was liegt den Weibern dran?
