<?xml version="1.0" encoding="UTF-8" standalone="yes"?>
<PcGts xmlns="http://schema.primaresearch.org/PAGE/gts/pagecontent/2013-07-15" xmlns:xsi="http://www.w3.org/2001/XMLSchema-instance" xsi:schemaLocation="http://schema.primaresearch.org/PAGE/gts/pagecontent/2013-07-15 http://schema.primaresearch.org/PAGE/gts/pagecontent/2013-07-15/pagecontent.xsd">
    <Metadata>
        <Creator>prov=READ-COOP:name=TrHtr:version=2.1.0:model_id=51170:date=15_08_2023_09:12</Creator>
        <Created>2023-05-10T15:24:51.153+02:00</Created>
        <LastChange>2023-08-15T09:12:53.281+02:00</LastChange>
        <TranskribusMetadata docId="1429069" pageId="55435211" pageNr="24" tsid="132844025" status="IN_PROGRESS" userId="64420" imgUrl="https://files.transkribus.eu/Get?id=XYMXRAFPODKAVXNEOLLUJLRS&amp;fileType=view" xmlUrl="https://files.transkribus.eu/Get?id=DBUBXVDZXYKAQVWKIJCLKWRP" imageId="44709201"/>
    </Metadata>
    <Page imageFilename="1429069_0024.jpg" imageWidth="3992" imageHeight="5384">
        <ReadingOrder>
            <OrderedGroup id="ro_1711798899177" caption="Regions reading order">
                <RegionRefIndexed index="0" regionRef="tr_1"/>
                <RegionRefIndexed index="1" regionRef="tr_2"/>
            </OrderedGroup>
        </ReadingOrder>
        <TextRegion id="tr_1" custom="readingOrder {index:0;}">
            <Coords points="596,218 3658,218 3658,2481 596,2481"/>
            <TextLine id="tr_1_tl_1" custom="readingOrder {index:0;}">
                <Coords points="2246,357 2294,354 2323,379 2332,370 2358,382 2422,373 2406,172 2377,182 2361,169 2339,185 2329,175 2300,172 2285,188 2269,175 2253,188 2234,185"/>
                <Baseline points="2256,268 2345,274 2417,280"/>
                <TextEquiv>
                    <Unicode>1.°</Unicode>
                </TextEquiv>
            </TextLine>
            <TextLine id="tr_1_tl_2" custom="readingOrder {index:1;}">
                <Coords points="1969,800 1985,800 2014,819 2039,819 2068,806 2081,816 2128,800 2128,615 2112,615 2100,628 2090,621 2058,625 2042,640 2020,637 1998,650 1969,640"/>
                <Baseline points="1987,710 2077,710 2136,710"/>
                <TextEquiv>
                    <Unicode>21</Unicode>
                </TextEquiv>
            </TextLine>
            <TextLine id="tr_1_tl_3" custom="readingOrder {index:2;}">
                <Coords points="1141,1176 2705,1271 3514,1192 3514,1112 2747,1023 1574,1109 1141,1048"/>
                <Baseline points="1157,1157 1247,1163 1337,1163 1426,1163 1516,1163 1605,1163 1695,1163 1784,1163 1874,1163 1963,1163 2053,1163 2142,1163 2232,1169 2321,1163 2411,1163 2500,1163 2590,1163 2680,1163 2769,1163 2859,1169 2948,1169 3038,1169 3127,1169 3217,1169 3306,1169 3396,1169 3485,1169 3521,1169"/>
                <TextEquiv>
                    <Unicode>Vieso erwischt? Er hat ja nicht wirklich gestohlen.</Unicode>
                </TextEquiv>
            </TextLine>
            <TextLine id="tr_1_tl_4" custom="readingOrder {index:3;}">
                <Coords points="580,1224 612,1208 663,1220 701,1211 749,1243 790,1217 835,1211 879,1227 876,1087 838,1071 800,1080 781,1067 733,1083 707,1064 685,1074 660,1058 647,1067 621,1045 577,1061"/>
                <Baseline points="596,1163 686,1163 775,1163 865,1169 883,1169"/>
                <TextEquiv>
                    <Unicode>Wirt:</Unicode>
                </TextEquiv>
            </TextLine>
            <TextLine id="tr_1_tl_5" custom="readingOrder {index:4;}">
                <Coords points="583,1396 615,1396 634,1412 707,1396 771,1418 812,1399 851,1415 924,1405 924,1325 889,1335 863,1316 806,1335 784,1319 733,1345 698,1316 675,1329 583,1316"/>
                <Baseline points="602,1384 692,1390 781,1390 871,1390 931,1390"/>
                <TextEquiv>
                    <Unicode>Grain:</Unicode>
                </TextEquiv>
            </TextLine>
            <TextLine id="tr_1_tl_6" custom="readingOrder {index:5;}">
                <Coords points="1141,1405 3549,1475 3511,1329 1141,1303"/>
                <Baseline points="1157,1390 1247,1390 1337,1390 1426,1390 1516,1390 1605,1390 1695,1390 1784,1390 1874,1390 1963,1390 2053,1390 2142,1390 2232,1390 2321,1390 2411,1390 2500,1396 2590,1390 2680,1396 2769,1396 2859,1396 2948,1396 3038,1396 3127,1396 3217,1396 3306,1402 3396,1402 3485,1396 3557,1402"/>
                <TextEquiv>
                    <Unicode>Doch. Es muss aber das erste Mal gewesen sein, denn</Unicode>
                </TextEquiv>
            </TextLine>
            <TextLine id="tr_1_tl_7" custom="readingOrder {index:6;}">
                <Coords points="1147,1564 3559,1599 3620,1472 1147,1485"/>
                <Baseline points="1163,1545 1253,1545 1343,1539 1432,1539 1522,1539 1611,1539 1701,1545 1790,1539 1880,1545 1969,1545 2059,1545 2148,1545 2238,1545 2327,1539 2417,1539 2506,1545 2596,1545 2686,1545 2775,1545 2865,1545 2954,1545 3044,1545 3133,1551 3223,1551 3312,1551 3402,1551 3491,1551 3581,1551 3629,1545"/>
                <TextEquiv>
                    <Unicode>er scheint mit einer unglaublichen Ungeschicklichkeit</Unicode>
                </TextEquiv>
            </TextLine>
            <TextLine id="tr_1_tl_8" custom="readingOrder {index:7;}">
                <Coords points="1157,1724 3527,1772 3527,1650 3377,1580 2641,1673 2234,1599 2106,1666 1157,1641"/>
                <Baseline points="1175,1689 1265,1695 1354,1695 1444,1695 1534,1701 1623,1695 1713,1695 1802,1695 1892,1701 1981,1701 2071,1695 2160,1701 2250,1695 2339,1701 2429,1701 2518,1701 2608,1701 2697,1695 2787,1695 2877,1695 2966,1701 3056,1701 3145,1701 3235,1701 3324,1701 3414,1701 3503,1695 3533,1695"/>
                <TextEquiv>
                    <Unicode>vorgegangen zu sein. Denken Sie - :Vertraulich: -</Unicode>
                </TextEquiv>
            </TextLine>
            <TextLine id="tr_1_tl_9" custom="readingOrder {index:8;}">
                <Coords points="1141,1896 3626,1889 3534,1765 1141,1778"/>
                <Baseline points="1157,1844 1247,1850 1337,1850 1426,1850 1516,1850 1605,1844 1695,1850 1784,1850 1874,1850 1963,1850 2053,1850 2142,1850 2232,1850 2321,1850 2411,1850 2500,1850 2590,1850 2680,1850 2769,1850 2859,1850 2948,1850 3038,1850 3127,1856 3217,1850 3306,1850 3396,1850 3485,1856 3575,1856 3635,1862"/>
                <TextEquiv>
                    <Unicode>auf dem Boulevard des Capucines einfach einer Dame in</Unicode>
                </TextEquiv>
            </TextLine>
            <TextLine id="tr_1_tl_10" custom="readingOrder {index:9;}">
                <Coords points="1141,2036 3569,2046 3549,1902 1141,1912"/>
                <Baseline points="1157,1999 1247,1999 1337,1999 1426,1999 1516,2005 1605,2005 1695,2005 1784,2005 1874,2005 1963,2005 2053,2005 2142,1999 2232,2005 2321,2005 2411,2005 2500,2005 2590,2005 2680,2005 2769,2005 2859,2005 2948,2005 3038,2005 3127,2005 3217,2005 3306,2005 3396,2011 3485,2011 3575,2011"/>
                <TextEquiv>
                    <Unicode>die Tasche gegriffen – und die Börse herausgezogen -</Unicode>
                </TextEquiv>
            </TextLine>
            <TextLine id="tr_1_tl_11" custom="readingOrder {index:10;}">
                <Coords points="1128,2186 3645,2205 3645,2100 3486,2068 1128,2081"/>
                <Baseline points="1146,2154 1235,2154 1325,2154 1414,2154 1504,2154 1593,2154 1683,2154 1772,2154 1862,2154 1951,2154 2041,2154 2130,2154 2220,2154 2309,2154 2399,2154 2489,2154 2578,2154 2668,2154 2757,2154 2847,2154 2936,2154 3026,2160 3115,2160 3205,2154 3294,2154 3384,2160 3473,2160 3563,2166 3653,2172 3658,2166"/>
                <TextEquiv>
                    <Unicode>ein rechter Dilettant. - Sie flössen mir Vertrauen ein,</Unicode>
                </TextEquiv>
            </TextLine>
            <TextLine id="tr_1_tl_12" custom="readingOrder {index:11;}">
                <Coords points="1134,2332 3620,2336 3620,2262 3377,2214 1134,2234"/>
                <Baseline points="1152,2309 1241,2304 1331,2304 1420,2304 1510,2304 1599,2309 1689,2309 1778,2309 1868,2309 1957,2309 2047,2309 2136,2309 2226,2309 2315,2309 2405,2309 2495,2309 2584,2309 2674,2309 2763,2315 2853,2315 2942,2309 3032,2315 3121,2309 3211,2309 3300,2309 3390,2315 3479,2315 3569,2315 3629,2321"/>
                <TextEquiv>
                    <Unicode>Bürger Prospere - und so will ich Ihnen gestehen - es</Unicode>
                </TextEquiv>
            </TextLine>
            <TextLine id="tr_1_tl_13" custom="readingOrder {index:12;}">
                <Coords points="1134,2552 3454,2555 3572,2520 3572,2380 1134,2409"/>
                <Baseline points="1152,2453 1241,2459 1331,2459 1420,2465 1510,2465 1599,2465 1689,2465 1778,2465 1868,2465 1957,2465 2047,2465 2136,2465 2226,2465 2315,2465 2405,2465 2495,2465 2584,2465 2674,2465 2763,2465 2853,2465 2942,2465 3032,2465 3121,2465 3211,2465 3300,2465 3390,2465 3479,2465 3569,2471 3581,2465"/>
                <TextEquiv>
                    <Unicode>war eine Zeit, wo ich auch dergleichen kleine Stück-</Unicode>
                </TextEquiv>
            </TextLine>
        </TextRegion>
        <TextRegion id="tr_2" custom="readingOrder {index:1;}">
            <Coords points="596,2570 3688,2570 3688,4576 596,4576"/>
            <TextLine id="tr_2_tl_1" custom="readingOrder {index:0;}">
                <Coords points="1134,2635 1558,2715 3664,2702 3604,2527 1134,2555"/>
                <Baseline points="1152,2620 1241,2620 1331,2620 1420,2620 1510,2620 1599,2620 1689,2620 1778,2620 1868,2620 1957,2620 2047,2620 2136,2620 2226,2620 2315,2620 2405,2620 2495,2620 2584,2620 2674,2620 2763,2620 2853,2620 2942,2620 3032,2620 3121,2620 3211,2620 3300,2620 3390,2620 3479,2626 3569,2626 3658,2626 3670,2620"/>
                <TextEquiv>
                    <Unicode>chen auffihrte, aber nie ohne meinen lieben Vater. Als</Unicode>
                </TextEquiv>
            </TextLine>
            <TextLine id="tr_2_tl_2" custom="readingOrder {index:1;}">
                <Coords points="1128,2858 1851,2785 3604,2829 3604,2711 3403,2696 1128,2711"/>
                <Baseline points="1146,2769 1235,2769 1325,2775 1414,2775 1504,2775 1593,2769 1683,2775 1772,2775 1862,2775 1951,2775 2041,2775 2130,2775 2220,2775 2309,2775 2399,2775 2489,2775 2578,2775 2668,2775 2757,2775 2847,2775 2936,2775 3026,2775 3115,2775 3205,2775 3294,2775 3384,2775 3473,2781 3563,2781 3611,2781"/>
                <TextEquiv>
                    <Unicode>ich noch ein Kind war, als wir noch alle zusammen wa-</Unicode>
                </TextEquiv>
            </TextLine>
            <TextLine id="tr_2_tl_3" custom="readingOrder {index:2;}">
                <Coords points="1128,2970 1960,2941 2530,2998 2925,2941 2925,2887 2702,2823 2285,2877 1128,2858"/>
                <Baseline points="1146,2918 1235,2924 1325,2930 1414,2930 1504,2930 1593,2930 1683,2924 1772,2930 1862,2924 1951,2924 2041,2924 2130,2930 2220,2930 2309,2930 2399,2930 2489,2924 2578,2930 2668,2930 2757,2930 2847,2930 2930,2930"/>
                <TextEquiv>
                    <Unicode>ren, als meine arme Tante noch lebte -</Unicode>
                </TextEquiv>
            </TextLine>
            <TextLine id="tr_2_tl_4" custom="readingOrder {index:3;}">
                <Coords points="1128,3247 3658,3231 3658,3113 3553,3078 1128,3094"/>
                <Baseline points="1146,3151 1235,3157 1325,3157 1414,3151 1504,3157 1593,3157 1683,3157 1772,3157 1862,3157 1951,3157 2041,3157 2130,3157 2220,3157 2309,3157 2399,3157 2489,3157 2578,3157 2668,3157 2757,3163 2847,3163 2936,3163 3026,3163 3115,3163 3205,3163 3294,3163 3384,3163 3473,3163 3563,3163 3653,3157 3664,3157"/>
                <TextEquiv>
                    <Unicode>Was jämmern Sie denn? Ich finde das geschmacklos! Hüt-</Unicode>
                </TextEquiv>
            </TextLine>
            <TextLine id="tr_2_tl_5" custom="readingOrder {index:4;}">
                <Coords points="589,3170 640,3164 704,3174 733,3151 765,3170 787,3161 809,3177 832,3174 832,3001 793,2995 758,3008 742,2998 726,3011 669,2995 660,3005 589,3008"/>
                <Baseline points="608,3157 698,3151 787,3151 841,3157"/>
                <TextEquiv>
                    <Unicode>Wirt:</Unicode>
                </TextEquiv>
            </TextLine>
            <TextLine id="tr_2_tl_6" custom="readingOrder {index:5;}">
                <Coords points="1128,3342 1373,3387 1507,3333 2128,3374 2504,3336 2504,3237 1128,3244"/>
                <Baseline points="1146,3312 1235,3312 1325,3312 1414,3312 1504,3312 1593,3312 1683,3312 1772,3312 1862,3312 1951,3312 2041,3312 2130,3312 2220,3312 2309,3312 2399,3312 2489,3312 2512,3312"/>
                <TextEquiv>
                    <Unicode>ten Sie sie nicht umgebracht!</Unicode>
                </TextEquiv>
            </TextLine>
            <TextLine id="tr_2_tl_7" custom="readingOrder {index:6;}">
                <Coords points="586,3597 612,3594 634,3610 726,3613 736,3604 752,3616 873,3604 863,3470 733,3473 717,3483 580,3467"/>
                <Baseline points="602,3533 692,3545 781,3545 871,3551 877,3551"/>
                <TextEquiv>
                    <Unicode>Grain:</Unicode>
                </TextEquiv>
            </TextLine>
            <TextLine id="tr_2_tl_8" custom="readingOrder {index:7;}">
                <Coords points="1115,3540 2183,3648 3486,3639 3483,3476 3400,3451 1112,3476"/>
                <Baseline points="1134,3539 1223,3545 1313,3545 1402,3545 1492,3545 1581,3545 1671,3545 1760,3545 1850,3545 1939,3545 2029,3545 2118,3545 2208,3545 2298,3545 2387,3545 2477,3545 2566,3545 2656,3545 2745,3545 2835,3551 2924,3545 3014,3551 3103,3545 3193,3545 3282,3551 3372,3551 3461,3551 3491,3551"/>
                <TextEquiv>
                    <Unicode>Zu spät. Aber vorauf ich hinauswollte - nehmen Sie</Unicode>
                </TextEquiv>
            </TextLine>
            <TextLine id="tr_2_tl_9" custom="readingOrder {index:8;}">
                <Coords points="1112,3769 1539,3709 3508,3776 3508,3661 3377,3607 1112,3623"/>
                <Baseline points="1128,3700 1217,3700 1307,3700 1396,3700 1486,3700 1575,3700 1665,3700 1754,3700 1844,3700 1933,3700 2023,3700 2113,3700 2202,3700 2292,3700 2381,3700 2471,3700 2560,3700 2650,3700 2739,3700 2829,3700 2918,3700 3008,3700 3097,3700 3187,3700 3276,3700 3366,3706 3456,3706 3515,3706"/>
                <TextEquiv>
                    <Unicode>mich bei sich auf. Ich will den ungekehrten Weg ma-</Unicode>
                </TextEquiv>
            </TextLine>
            <TextLine id="tr_2_tl_10" custom="readingOrder {index:9;}">
                <Coords points="1128,3919 3524,3897 3524,3779 3304,3737 1128,3769"/>
                <Baseline points="1146,3849 1235,3849 1325,3849 1414,3849 1504,3855 1593,3855 1683,3849 1772,3849 1862,3849 1951,3855 2041,3849 2130,3849 2220,3855 2309,3855 2399,3855 2489,3855 2578,3855 2668,3855 2757,3855 2847,3855 2936,3855 3026,3861 3115,3861 3205,3861 3294,3861 3384,3861 3473,3861 3533,3861"/>
                <TextEquiv>
                    <Unicode>chen wie Gaston. Er hat den Verbrecher gespielt und</Unicode>
                </TextEquiv>
            </TextLine>
            <TextLine id="tr_2_tl_11" custom="readingOrder {index:10;}">
                <Coords points="1112,4034 1666,4034 2017,4101 2186,4027 2498,4047 2498,3961 2304,3976 2221,3910 1979,3957 1112,3932"/>
                <Baseline points="1128,4011 1217,4011 1307,4005 1396,4011 1486,4011 1575,4011 1665,4005 1754,4011 1844,4011 1933,4011 2023,4011 2113,4011 2202,4011 2292,4011 2381,4011 2471,4011 2506,4011"/>
                <TextEquiv>
                    <Unicode>ist einer geworden - ich....</Unicode>
                </TextEquiv>
            </TextLine>
            <TextLine id="tr_2_tl_12" custom="readingOrder {index:11;}">
                <Coords points="583,4292 666,4292 675,4282 714,4295 733,4282 749,4292 841,4292 835,4158 806,4155 774,4168 755,4161 742,4171 717,4155 691,4168 644,4155 577,4171"/>
                <Baseline points="596,4237 686,4237 775,4243 847,4249"/>
                <TextEquiv>
                    <Unicode>Wirt:</Unicode>
                </TextEquiv>
            </TextLine>
            <TextLine id="tr_2_tl_13" custom="readingOrder {index:12;}">
                <Coords points="1112,4282 3610,4276 3559,4148 1112,4120"/>
                <Baseline points="1128,4237 1217,4237 1307,4237 1396,4237 1486,4237 1575,4237 1665,4237 1754,4237 1844,4237 1933,4237 2023,4237 2113,4237 2202,4237 2292,4237 2381,4237 2471,4237 2560,4237 2650,4237 2739,4237 2829,4237 2918,4243 3008,4243 3097,4243 3187,4243 3276,4243 3366,4243 3456,4243 3545,4243 3617,4243"/>
                <TextEquiv>
                    <Unicode>Ich will’s mit Jhnen probiren. Sie werden schon durch</Unicode>
                </TextEquiv>
            </TextLine>
            <TextLine id="tr_2_tl_14" custom="readingOrder {index:13;}">
                <Coords points="1115,4410 3629,4407 3549,4321 1115,4282"/>
                <Baseline points="1134,4393 1223,4393 1313,4393 1402,4393 1492,4393 1581,4393 1671,4393 1760,4393 1850,4393 1939,4393 2029,4399 2118,4399 2208,4399 2298,4399 2387,4399 2477,4393 2566,4393 2656,4399 2745,4399 2835,4393 2924,4393 3014,4399 3103,4399 3193,4399 3282,4399 3372,4399 3461,4399 3551,4393 3635,4399"/>
                <TextEquiv>
                    <Unicode>Ihre Maske wirken. Und in einem gegebenen Moment ver-</Unicode>
                </TextEquiv>
            </TextLine>
            <TextLine id="tr_2_tl_15" custom="readingOrder {index:14;}">
                <Coords points="1122,4588 1542,4579 1772,4684 2772,4585 3683,4626 3680,4438 3572,4423 1118,4413"/>
                <Baseline points="1140,4548 1229,4548 1319,4548 1408,4548 1498,4548 1587,4548 1677,4548 1766,4548 1856,4548 1945,4548 2035,4548 2124,4548 2214,4548 2304,4554 2393,4548 2483,4548 2572,4548 2662,4548 2751,4548 2841,4548 2930,4548 3020,4548 3109,4548 3199,4548 3288,4554 3378,4554 3467,4554 3557,4554 3647,4560 3688,4566"/>
                <TextEquiv>
                    <Unicode>den Sie einfach die Sache mit der Tante erzälen. Vie's</Unicode>
                </TextEquiv>
            </TextLine>
        </TextRegion>
    </Page>
</PcGts>
