4088 5368
673 1040 1058 1261 Grasset:
1209 1031 3647 1234 Jetzt gibt es für die Bürger von Paris nur einen Be-
1212 1222 2455 1425 ruf: ihre Briider befreien.
643 1473 940 1619 Wirt:
1200 1467 3368 1664 Ja, für die, die nichts Anderes zu thun haben!
624 1658 994 1810 Lebrêt:
1200 1701 2983 1867 Was sagt er da!.... Er verhöhnt uns! -
624 1919 912 2107 Wirt:
1194 1961 3592 2079 Fällt mir gar nicht ein. - Schaut jetzt lieber, dass
1191 2070 3619 2249 Ihr hinauskommt....meine Vorstellung fängt bald an.
1179 2258 2698 2410 Da kann ich Euch nicht brauchen.
1182 2474 3568 2643 Was für eine Vorstellung?.... Jst hier ein Theater?
600 2425 979 2574 Lebrêt:
618 2686 891 2816 Wirt:
1176 2707 3580 2877 Gewiss ist das ein Theater. Jhr Freund hat noch vor
1179 2843 2686 3031 vierzehn Tagen hier mitgespielt.
579 3077 961 3265 Lebrêt:
1143 3110 3483 3292 Hier hast Du gespielt, Grosset?...Warum lässt Du
1158 3253 3159 3462 Dich von dem Kerl da ungestraft verhöhnen!
597 3456 997 3592 Grasset :
1149 3434 3425 3619 Beruhige Dich... es ist wahr; ich hab' hier ge-
1155 3595 3531 3795 spielt, denn es ist kein gewöhnliches Wirtshaus...
3310 3777 3562 3932 G.C.F.P.
1149 3789 3240 3932 es ist eine Verbrecherherberge...... komm......
3086 3919 3350 4122 G.H. de
564 3989 846 4174 Wirt:
1122 4019 2049 4220 Zuerst wird gezalt.
2889 4092 3498 4259 sten Gesindel
558 4244 915 4450 Lebrêt:
1131 4159 3474 4480 Wenn das hier eine Verbrecherharberge ist, so zal'
1122 4365 1873 4604 ich keinen Sou.
