4104 5400
2010 629 2238 851 11
651 1114 1032 1308 Grasset."
1191 1048 3524 1346 Habe keine Angst. Ich wette, dass der Dolch nicht
1187 1314 2283 1546 einmal geschliffen ist.
635 1537 908 1702 Wirt:
1191 1572 3566 1724 Da könntest Du doch irren, mein Freund; irgend ein-
1178 1702 3515 1892 mal kommt ja doch der Tag, wo aus dem Spass Ernst
1181 1876 3658 2064 wird - und darauf bin ich für alle Fälle vorbereitet.
625 2092 1054 2283 Grasset:
1181 2092 3486 2242 Der Tag ist nah. Wir leben in einer grossen Zeit!
1165 2273 3419 2378 Komm, Bürger Lebrêt, wir wollen zu den Unsern. -
1162 2394 3569 2546 Prospere, leb wohl, Du siehst mich als grossen Mann
1172 2559 1940 2696 wieder oder nie.
606 2708 972 2877 Lebret:
1194 2743 3391 2937 :torkelig: Als grossen Mann.... oder.... nie
1775 3013 2502 3188 :Sie gehen ab:
610 3226 864 3413 Wirt:
1175 3229 3604 3388 :bleibt zurück, setzt sich auf einen Tisch, schlägt
1153 3388 3693 3562 die Brochure auf und liest vor sich hin: Jetzt steckt
1140 3537 3696 3737 das Vieh in der Schlinge, erdrosselt es! - Er schreibt
1127 3702 3556 3854 nicht übel, dieser kleine Desmoulins. - Noch nie hat
1133 3889 3616 4064 sich Siegern eine reichere Beute dargeboten. Vierzig-
1137 4035 3623 4220 tausend Paläste und Schlösser, zwei Fünftel aller Gü-
1133 4194 3658 4324 ter in Frankreich werden der Lohn der Tapferkeit sein,
1133 4366 3670 4524 - die sich für Broberer halten, werden unterjocht, die
1114 4480 2537 4642 Nationale wird gereinigt werden.
