4136 5384
2091 720 2408 916 78 —
1295 1162 3678 1371 nigs - sie rädern Dich! Hättest Du doch lieber die
1255 1356 2731 1562 Canaille, Dein Veib, erstochen!
1307 1559 3210 1728 Was für ein Zusammenspiel!....Herrlich!
747 1562 1079 1667 Franc:
726 1790 1070 1971 Henri:
1301 1765 3727 1974 Prospère, wer von uns ist wahnsinnig, Du oder ich? -
1313 1959 3785 2146 :Er steht da und versucht, in den Augen des Wirts zu
1292 2088 1660 2294 lesen:
704 2312 1125 2445 Rollin:
1301 2315 3641 2460 Es ist wunderbar, wir alle wissen, dass er spielt,
1301 2475 3727 2681 und doch, wenn der Herzog von Chartres jetzt herein-
1313 2632 3549 2829 träte, er würde uns erscheinen wie ein Gespenst.
1313 2851 3764 2986 :Lärm draussen - immer stärker. Es kommen Leute her¬
1307 3041 3758 3183 ein, man hört schreien. Ganz an ihrer Spitze Grosset,
1307 3173 3702 3296 Andere drängen über die Stiege nach. Man hört Rufe:
1292 3336 2260 3545 Freiheit! Freiheit1:
1292 3521 2863 3764 Hier sind wir, Kinder, da herein!
735 3542 1150 3696 Grasset:
1301 3795 2900 4004 Was ist denn das? Gehört das dazu?
726 3816 1073 4013 Albin:
1685 3985 1996 4173 Jetzt.
1282 4019 1608 4219 Nein.
723 4050 1082 4225 Frans:
1270 4216 2359 4468 Was soll das bedeuten?
692 4287 1107 4480 Marqu:
1295 4493 2408 4677 Vas sind das für Leute?
716 4533 981 4699 Sév:
