3992 5384
2262 149 2446 294 1/4
837 184 1163 391 x:1
1545 191 2440 475 "F. W. & L. T.D.
1923 675 2200 863 23 —
540 1144 834 1393 Wirt:
1099 1183 3648 1341 Wirt....Wie oft soll ich Dir noch sagen, der gan-
1092 1305 3567 1538 ze Spass geht flöten, wenn Du mich "Direktor" nennst.
3396 1473 3661 1616 wch
546 1548 982 1674 Scaevola:
1086 1548 3587 1725 Was immer Du seist, ich glaube, wir werden heut ernst
1092 1709 1496 1916 spielen?
546 1881 808 2058 Wirt:
1089 1929 1632 2146 Warum denn?
543 2171 853 2401 Scaev:
1079 2129 3506 2330 Die Leute werden nicht in der Laune sein  - Es ist
1079 2304 3532 2478 ein Höllenlärm in den Strassen, und insbesondere vor
1070 2498 3199 2637 der Bastille schreien sie wie die Besessenen.
1079 2701 3622 2866 Was geht das uns an? Seit Monaten ist das Geschrei und
536 2617 798 2837 Wirt:
1070 2879 3580 3044 unser Publikum ist uns nicht ausgeblieben. Es amüsirt
1070 3031 1842 3228 sich wie früher.
546 3238 830 3470 scaev:
1063 3241 3477 3457 Ja, es hat die Lustigkeit von Leuten, die nächstens
1057 3409 1810 3616 gehenkt werden.
1063 3619 2146 3810 Wenn ich's nur erlebe!
543 3596 805 3800 Virt:
1070 3868 3661 4010 Vorläufig gib uns was zu trinken, damit ich in Stimmung
556 3852 830 4084 leaev:
1060 4004 3280 4246 komme. Ich bin heut durchaus nicht in Stimmung.
1063 4246 3655 4446 Das passirt Dir öfter, mein Lieber. Ich muss Dir sagen,
556 4249 788 4456 tirt:
1044 4372 3335 4543 dass ich gestern höchst unzufrieden mit Dir war.
