4120 5400
2074 775 2262 935 75
668 1220 919 1421 Sév:
1280 1227 3618 1424 :zu Rollin: Wenn Ihr nur ahntet, dass eben dieses
1239 1406 2526 1616 Zurückkommen die Liebe ist.
1227 1644 3188 1842 Was hab' ich gelitten.... Qualen, Qualen!
653 1610 973 1788 Henri:
665 1848 1045 2024 Rollin:
1230 1823 2203 2027 Es ist erschütternd!
649 2086 1010 2275 Henri:
1230 2099 3655 2262 Und gestern hab' ich sie geheiratet. Wir haben einen
1230 2262 3674 2438 Traum gehabt. Nein - ich hab' einen Traum gehabt.
1230 2406 3636 2566 Ich wollte mit ihr fert von hier. In die Einsamkeit,
1230 2551 3709 2742 aufs Land, in den grossen Frieden. Wie andere glückli-
1224 2723 3649 2912 che Ehepaare wollten wir leben – auch von einem Kind
1214 2861 2130 3078 haben wir geträumt.
1224 3062 2130 3254 :leise: Séverine!
646 3084 1020 3207 Rollin:
1224 3332 2406 3536 Nun ja, es ist schon gut.
646 3332 885 3495 Sév:
1208 3501 3301 3721 François, dieser Mensch spricht die Wahrheit.
640 3545 963 3762 Albin:
1217 3793 3661 3997 Gewiss, diese Liebesgeschichte ist wahr, aber es han-
643 3815 960 3916 Franc:
1217 3934 2705 4173 delt sich um die Mordgeschichte.
1189 4120 3555 4336 Ich hab' mich um einen Tag verspätet.... sie hatte
634 4160 963 4317 Henri:
1189 4292 3564 4505 noch Einen vergessen, sonst - glaub' ich - hat ihr
1195 4465 3712 4687 Keiner mehr gefehlt.... aber ich hab' sie zusammen er-
1199 4622 2428 4866 wischt... und er ist hin.
