4056 5320
673 166 1029 418 1.  ƒ
1303 978 2858 1288 Wirtsstube “zum griinen Kakadu“.
665 1365 3779 1605 Ein nicht grosser Kellerraum, zu welchem von rechts aus :ziemlich
696 1578 3724 1706 weit hinten: sieben Stufen führen, die nach oben durch eine Thür
673 1733 3639 1934 abgeschlossen sind. Eine zweite Thür, welche kaum sichtbar ist,
696 1895 2336 2007 befindet sich im Hintergrund links.
688 1941 3705 2212 Eine Anzal von einfachen hölzernen Tischen, um diese Sessel, fül-
654 2154 3643 2367 len beinahe den ganzen Raum aus. links in der Mitte der Schank-
685 2344 3651 2525 tisch; hinter demselben eine Anzal Fässer mit Pipen. Das Zimmer
665 2456 3682 2692 ist durch Oellämpchen beleuchtet, die von der Decke herabhängen.
669 2711 3639 3009 Der Wirt Prospere; es treten ein die Bürger Lebrêt und Grosset.
1261 2993 3512 3272 :noch auf den Stufen: Hier herein, Lebrüt; die
700 3086 1091 3303 Grasset:
1257 3241 3512 3411 Quelle kenn' ich. Mein alter Freund und Direktor
1241 3396 3504 3628 hat immer noch irgendwo ein Pass Wein versteckt,
1245 3589 2808 3732 auch wenn ganz Paris verdurstet.
1261 3690 3566 3995 Guten Abend, Grosset. Lässt Du Dich wieder einmal
685 3709 990 4007 Wirt:
1249 3929 3469 4096 blicken? Aus mit der Philosophie? Hast Du Lust,
1257 4080 2978 4324 wieder bei mir Engagement zu nehmen?
1230 4308 3577 4587 Ja freilich;- Wein sollst Du bringen. Jeh bin der
688 4378 1137 4552 Grasset:
1249 4510 2189 4711 Gast - Du der Wirt.
