4152 5400
2061 577 2246 772 74
653 1017 995 1233 Henri:
1255 1035 3624 1242 :der lang in Sinnen versunken war: Kennt Ihr denn
1224 1239 3652 1390 mein Weib? - Es ist das schönste und niedrigste Ge-
1242 1387 3611 1562 schöpf unter der Sonne.- Und ich habe sie geliebt.-
1220 1562 3564 1707 Sieben Jahre kennen wir uns.... aber erst seit ge-
1242 1653 3658 1823 stern ist sie mein Weib. In diesen sieben Jahren war
1230 1845 3539 2027 kein Tag, aber nicht e i n Tag, an dem sie mich
1224 1983 3545 2134 nicht belogen, denn alles an ihr lügt. Jhre Augen
1236 2112 3294 2319 wie ihre Lippen, ihro Küsse und ihr Lächeln.
637 2384 1013 2554 Frane:
1224 2369 1854 2588 Er deklamirt.
1230 2551 3658 2758 Jeden Jungen und jeden Alten, jeder, der sie gereizt
606 2535 985 2808 Henri:
1296 2720 3665 2902 und jeden, der sie bezalt hat - ich denke, jeden
1224 2839 3649 3087 der sie wollte, hat sie gehabt - und ich hab' es ge-
1227 3059 1572 3213 wusst!
1214 3241 2924 3527 Das kann nicht jeder von sich sagen
653 3279 894 3432 sév:
1224 3492 3649 3696 Und dabei hat sie mich geliebt, meine Freunde, kann
640 3539 976 3674 Henri:
1224 3693 3746 3825 das Einer von Buch overstehen? Immer wieder ist sie zu
1214 3818 3640 3981 mir zurückgekommen - von überall her wieder zu mir -
1224 3944 3614 4157 von den Schönen und den Hässlichen - den Klugen und
1214 4129 3599 4345 den Dummen - den Lampen und den Kavalieren - immer
1208 4298 1936 4483 wieder zu mir.-
