4024 5416
1147 1020 3593 1195 Ah, bei uns geht's auch recht nett zu in der letzten
563 975 892 1250 Albin:
1128 1151 3580 1355 Zeit. Die Bauern werden in einer Weise frech.... man
1147 1378 3164 1560 weiss nicht mehr, wie man sich helfen soll.
1141 1557 3637 1742 Was willst Du? Die armen Teufel sind hungrig; das ist
579 1585 892 1815 Franc:
1147 1758 1819 1947 das Geheimnis.
1125 1908 3676 2090 Was kann denn ich dafür? Was kann, denn mein Grossonkel
550 1931 908 2161 Albin:
1147 2087 1464 2343 dafür?
1147 2362 2845 2499 Wie kommst Du auf Deinen Grossonkel?
572 2362 892 2480 Franc:
1138 2576 3679 2726 Ja, ich komme darauf, weil sie nämlich in unserem Dorf
591 2576 892 2739 Albin:
1147 2678 3615 2864 eine Versammlung abgehalten haben - ganz öffentlich -
1135 2896 3701 3068 und da haben sie meinen Grossonkel, den Grafen von Tre-
1141 3062 3442 3180 mouille, ganz einfach einen Kornwucherer genannt.
623 3308 889 3516 Frane:
1128 3295 2023 3439 Das ist alles.
1125 3506 2046 3663 Na, ich bitte Dich!
588 3529 892 3714 Albin:
1064 3823 3525 4066 Wir wollen morgen einmal ins Palais Royal, da sollst
633 3864 828 4037 sane :
1052 4072 3545 4261 Du hören, was die Kerle für lasterhafte Reden führen.
1061 4337 3525 4481 Aber wir lassen sie reden; es ist das beste, was man
1052 4478 3545 4663 thun kann; im Grunde sind es gute Leute, man muss sie
