4024 5400
1944 583 2221 799 80
1160 1089 1623 1237 personen.
1148 1345 3622 1493 Mein Entschluss ist gefasst, Prospere. Wir verlassen
605 1339 916 1542 Henri :
1154 1475 2943 1684 die Stadt. Wir gehen aufs Land hinaus.
1178 1706 2209 1851 Aufs Land? Wohin denn?
620 1706 898 1894 Wirt:
1166 1977 3538 2104 Zu meinem alten Vater, der allein in unserem armen
608 1971 922 2141 Henri :
1166 2110 3619 2311 Dorf lebt,- den ich seit sieben Jahren nicht gesehen
1154 2249 3489 2391 habe. Er hat kaum mehr gehofft, seinen verlorenen
1172 2409 3569 2570 Sohn wiederzusehen. Er wird mich mit Freuden aufneh-
1145 2594 1376 2706 men.
1172 2786 3569 2931 Was willst Du auf dem Lande thun? Auf den Lande ver-
614 2699 864 2925 wirt:
1154 2952 3468 3079 hungert man. Da geht's den Leuten noch tausendmal
1172 3066 3606 3252 schlechter als in der Stadt. Was willst Du denn dort
1154 3215 3517 3397 machen? Du bist nicht der Mann dazu, die Felder zu
1166 3440 2727 3538 bebauen. Bilde Dir das nicht ein.
1160 3637 3634 3798 Es wird sich zeigen, dass ich auch dazu der Mann bin-
608 3653 904 3770 Henri:
1160 3893 3619 4007 Es wächst bald kein Korn mehr in ganz Frankreich. Du
598 3884 876 4063 Wirt:
1157 4035 2298 4242 Gehst ins sichere Elend.
1154 4273 3619 4390 Ins Glück, Prospere. Nicht wahr, Léocadie? Wir haben
605 4273 910 4430 Henri:
1160 4368 3579 4652 oft davon geträumt. Ich sehne mich nach der Frieden der
