4296 5496
2188 692 2467 943 70 „
1375 1260 3007 1426 die Sie diesem Herrn gezogen haben.
1359 1492 1645 1654 Jch -
822 1460 1146 1695 Grain:
1375 1721 3569 1902 Auf der Stelle... oder es geht Jhnen schlecht.
813 1724 1137 1870 Wirt:
1368 1895 3737 2140 Sie brauchen nicht grob zu werden. :Gibt sie ihm:
822 1934 1143 2169 Grain:
1372 2143 3864 2334 Und hier geblieben. Ich hab' jetzt keine Zeit, sie zu
813 2184 1099 2381 Wirt:
1375 2334 3924 2457 untersuchen. Wer weiss, was Sie noch eingesteckt haben.
1381 2467 3254 2610 Gehen Sie wieder auf Ihren Platz zurück.
1368 2689 3019 2867 Das Strumpfband werd' ich gewinnen.
810 2708 1111 2896 Flip:
1397 2915 3781 3099 : zu François; wirft ihm den Beutel zu: Da hast Du
803 2950 1099 3070 Wirt:
1381 3070 3927 3235 Deinen Geldbeutel. Du hast ihn aus der Tasche verloren.
1375 3324 3899 3505 Ich danke Ihnen, Prospère. :Zu Albin: Siehat Du, wir
813 3315 1149 3531 Frane:
1381 3489 3791 3607 sind in Wirklichkeit unter den anständigsten Leuten
1410 3597 2019 3813 von der Welt.
1413 3842 3826 4045 :ist bereits lange Zeit dagewesen, hinten gesessen,
813 3829 1143 3997 Henri:
1384 4020 2369 4226 steht plötzlich auf:
1384 4254 2378 4429 Henri, da ist Henri.-
822 4277 1197 4496 Rollin:
1384 4410 3686 4636 Ist das der, von dem Sie mir soviel erzält haben?
832 4518 1064 4674 Sév:
