<?xml version="1.0" encoding="UTF-8" standalone="yes"?>
<PcGts xmlns="http://schema.primaresearch.org/PAGE/gts/pagecontent/2013-07-15" xmlns:xsi="http://www.w3.org/2001/XMLSchema-instance" xsi:schemaLocation="http://schema.primaresearch.org/PAGE/gts/pagecontent/2013-07-15 http://schema.primaresearch.org/PAGE/gts/pagecontent/2013-07-15/pagecontent.xsd">
    <Metadata>
        <Creator>prov=READ-COOP:name=TrHtr:version=2.1.0:model_id=51170:date=15_08_2023_09:12</Creator>
        <Created>2023-05-10T15:24:52.710+02:00</Created>
        <LastChange>2023-08-15T09:12:56.433+02:00</LastChange>
        <TranskribusMetadata docId="1429069" pageId="55435277" pageNr="35" tsid="132844038" status="IN_PROGRESS" userId="64420" imgUrl="https://files.transkribus.eu/Get?id=XQUAWYBFWBPECFEKHHZNSQOE&amp;fileType=view" xmlUrl="https://files.transkribus.eu/Get?id=BNVCBOMFNROLHTFBWOBJCCZM" imageId="44709267"/>
    </Metadata>
    <Page imageFilename="1429069_0035.jpg" imageWidth="4008" imageHeight="5416">
        <ReadingOrder>
            <OrderedGroup id="ro_1711798935704" caption="Regions reading order">
                <RegionRefIndexed index="0" regionRef="tr_2"/>
                <RegionRefIndexed index="1" regionRef="tr_1"/>
            </OrderedGroup>
        </ReadingOrder>
        <TextRegion id="tr_2" custom="readingOrder {index:0;}">
            <Coords points="1104,266 3755,266 3755,2099 1104,2099"/>
            <TextLine id="tr_2_tl_1" custom="readingOrder {index:0;}">
                <Coords points="2123,390 2203,400 2215,387 2279,409 2314,219 2272,222 2244,238 2231,222 2215,222 2203,235 2152,235"/>
                <Baseline points="2149,346 2215,334 2304,316"/>
                <TextEquiv>
                    <Unicode>11</Unicode>
                </TextEquiv>
            </TextLine>
            <TextLine id="tr_2_tl_2" custom="readingOrder {index:1;}">
                <Coords points="1082,400 1149,409 1203,454 1247,438 1403,508 1485,498 1511,244 1365,238 1276,270 1216,222 1098,216"/>
                <Baseline points="1104,370 1152,376 1242,370 1331,364 1421,352 1510,334"/>
                <TextEquiv>
                    <Unicode>11/11.,,11</Unicode>
                </TextEquiv>
            </TextLine>
            <TextLine id="tr_2_tl_3" custom="readingOrder {index:2;}">
                <Coords points="2047,743 2085,724 2196,720 2241,698 2301,717 2301,552 2279,552 2203,603 2136,616 2117,632 2047,625"/>
                <Baseline points="2066,698 2155,698 2245,698 2310,698"/>
                <TextEquiv>
                    <Unicode>- 32 —</Unicode>
                </TextEquiv>
            </TextLine>
            <TextLine id="tr_2_tl_4" custom="readingOrder {index:3;}">
                <Coords points="1225,1181 3729,1222 3729,1076 3590,1051 1225,1070"/>
                <Baseline points="1242,1158 1331,1158 1421,1158 1510,1158 1600,1158 1689,1164 1779,1164 1869,1158 1958,1164 2048,1164 2137,1164 2227,1164 2316,1164 2406,1158 2496,1164 2585,1164 2675,1158 2764,1158 2854,1164 2943,1158 3033,1164 3123,1164 3212,1164 3302,1164 3391,1164 3481,1164 3570,1170 3660,1170 3738,1170"/>
                <TextEquiv>
                    <Unicode>werden - ihnen, nicht mir. Wir heute - für mein</Unicode>
                </TextEquiv>
            </TextLine>
            <TextLine id="tr_2_tl_5" custom="readingOrder {index:4;}">
                <Coords points="1231,1358 3742,1374 3742,1250 2755,1171 1231,1231"/>
                <Baseline points="1248,1319 1337,1313 1427,1313 1516,1313 1606,1313 1695,1313 1785,1313 1874,1313 1964,1313 2054,1313 2143,1313 2233,1313 2322,1313 2412,1313 2501,1313 2591,1313 2681,1313 2770,1319 2860,1319 2949,1319 3039,1319 3128,1319 3218,1319 3308,1319 3397,1325 3487,1325 3576,1325 3666,1325 3749,1319"/>
                <TextEquiv>
                    <Unicode>letztes Auftreten hab' ich mir was zurechtgelegt, dass</Unicode>
                </TextEquiv>
            </TextLine>
            <TextLine id="tr_2_tl_6" custom="readingOrder {index:5;}">
                <Coords points="1235,1523 3669,1501 3586,1377 3377,1358 1235,1393"/>
                <Baseline points="1253,1468 1343,1462 1433,1468 1522,1462 1612,1468 1701,1468 1791,1462 1880,1468 1970,1468 2060,1468 2149,1468 2239,1468 2328,1468 2418,1468 2507,1474 2597,1468 2687,1468 2776,1474 2866,1474 2955,1468 3045,1474 3134,1474 3224,1474 3314,1474 3403,1474 3493,1474 3582,1474 3672,1468 3678,1468"/>
                <TextEquiv>
                    <Unicode>es sie alle schaudern wird.... Heine Ahnung von dem</Unicode>
                </TextEquiv>
            </TextLine>
            <TextLine id="tr_2_tl_7" custom="readingOrder {index:6;}">
                <Coords points="1231,1663 3732,1660 3751,1508 1231,1517"/>
                <Baseline points="1248,1624 1337,1618 1427,1618 1516,1618 1606,1618 1695,1618 1785,1618 1874,1618 1964,1624 2054,1618 2143,1624 2233,1624 2322,1624 2412,1624 2501,1624 2591,1630 2681,1630 2770,1624 2860,1630 2949,1630 3039,1624 3128,1630 3218,1630 3308,1630 3397,1630 3487,1630 3576,1630 3666,1630 3755,1624"/>
                <TextEquiv>
                    <Unicode>Ende der Welt wird sie anwehen. /... denn das Ende ihrer</Unicode>
                </TextEquiv>
            </TextLine>
            <TextLine id="tr_2_tl_8" custom="readingOrder {index:7;}">
                <Coords points="1225,1838 3736,1819 3736,1739 3393,1650 1225,1704"/>
                <Baseline points="1242,1767 1331,1767 1421,1773 1510,1773 1600,1773 1689,1773 1779,1773 1869,1773 1958,1773 2048,1773 2137,1773 2227,1773 2316,1773 2406,1773 2496,1773 2585,1779 2675,1779 2764,1773 2854,1779 2943,1773 3033,1779 3123,1773 3212,1773 3302,1779 3391,1779 3481,1779 3570,1779 3660,1779 3744,1773"/>
                <TextEquiv>
                    <Unicode>Welt ist nahe. Ich aber werd’ es nur mehr von fern er-</Unicode>
                </TextEquiv>
            </TextLine>
            <TextLine id="tr_2_tl_9" custom="readingOrder {index:8;}">
                <Coords points="1219,1936 3694,2003 3694,1834 3440,1806 1219,1847"/>
                <Baseline points="1236,1922 1325,1922 1415,1922 1504,1928 1594,1928 1683,1928 1773,1928 1863,1928 1952,1928 2042,1928 2131,1928 2221,1928 2310,1928 2400,1928 2490,1928 2579,1928 2669,1928 2758,1928 2848,1934 2937,1928 3027,1928 3117,1934 3206,1928 3296,1934 3385,1934 3475,1934 3564,1934 3654,1940 3702,1946"/>
                <TextEquiv>
                    <Unicode>leben....man wird es uns draussen erzälen, Léocadie,</Unicode>
                </TextEquiv>
            </TextLine>
            <TextLine id="tr_2_tl_10" custom="readingOrder {index:9;}">
                <Coords points="1231,2079 2472,2180 2948,2085 3682,2126 3682,2009 3364,1980 3050,2060 2618,1939 1231,1990"/>
                <Baseline points="1248,2078 1337,2078 1427,2078 1516,2078 1606,2078 1695,2078 1785,2083 1874,2083 1964,2083 2054,2083 2143,2083 2233,2083 2322,2083 2412,2083 2501,2083 2591,2083 2681,2083 2770,2083 2860,2083 2949,2083 3039,2083 3128,2083 3218,2083 3308,2083 3397,2083 3487,2083 3576,2083 3666,2083 3690,2089"/>
                <TextEquiv>
                    <Unicode>viele Tage später, als es mischehen.... Aber sie wer-</Unicode>
                </TextEquiv>
            </TextLine>
        </TextRegion>
        <TextRegion id="tr_1" custom="readingOrder {index:1;}">
            <Coords points="662,2183 3744,2183 3744,4404 662,4404"/>
            <TextLine id="tr_1_tl_1" custom="readingOrder {index:0;}">
                <Coords points="1212,2257 3574,2269 3520,2155 1212,2174"/>
                <Baseline points="1230,2233 1319,2233 1409,2233 1498,2233 1588,2233 1677,2233 1767,2233 1857,2233 1946,2233 2036,2239 2125,2233 2215,2239 2304,2239 2394,2239 2484,2239 2573,2239 2663,2233 2752,2239 2842,2239 2931,2239 3021,2239 3111,2239 3200,2239 3290,2239 3379,2239 3469,2239 3558,2239 3582,2239"/>
                <TextEquiv>
                    <Unicode>den schaudern, sag' ich Dir:- Und Du selbst wirdt</Unicode>
                </TextEquiv>
            </TextLine>
            <TextLine id="tr_1_tl_2" custom="readingOrder {index:1;}">
                <Coords points="1219,2434 2964,2434 2964,2317 1673,2355 1555,2285 1219,2345"/>
                <Baseline points="1236,2382 1325,2388 1415,2388 1504,2388 1594,2382 1683,2388 1773,2388 1863,2388 1952,2388 2042,2394 2131,2394 2221,2394 2310,2394 2400,2388 2490,2394 2579,2388 2669,2394 2758,2394 2848,2394 2937,2394 2973,2394"/>
                <TextEquiv>
                    <Unicode>sagen: So gut hat Henri nie gespielt.</Unicode>
                </TextEquiv>
            </TextLine>
            <TextLine id="tr_1_tl_3" custom="readingOrder {index:2;}">
                <Coords points="1212,2685 2891,2656 3110,2726 3520,2663 3520,2558 3428,2529 1212,2529"/>
                <Baseline points="1230,2615 1319,2615 1409,2615 1498,2615 1588,2615 1677,2621 1767,2621 1857,2621 1946,2621 2036,2621 2125,2621 2215,2621 2304,2621 2394,2621 2484,2615 2573,2621 2663,2621 2752,2621 2842,2621 2931,2621 3021,2627 3111,2627 3200,2627 3290,2627 3379,2621 3469,2621 3529,2615"/>
                <TextEquiv>
                    <Unicode>Was wirst Du spielen? Was? Weisst Du's, Lóocadie?</Unicode>
                </TextEquiv>
            </TextLine>
            <TextLine id="tr_1_tl_4" custom="readingOrder {index:3;}">
                <Coords points="657,2666 708,2666 746,2691 765,2679 778,2691 790,2679 809,2695 851,2688 873,2666 939,2679 939,2536 901,2529 879,2539 832,2523 765,2539 749,2529 717,2539 657,2529"/>
                <Baseline points="674,2621 764,2615 853,2621 943,2621"/>
                <TextEquiv>
                    <Unicode>Wirt:</Unicode>
                </TextEquiv>
            </TextLine>
            <TextLine id="tr_1_tl_5" custom="readingOrder {index:4;}">
                <Coords points="1216,2875 1917,2860 1996,2904 2101,2863 2307,2914 2304,2771 2218,2739 2022,2764 1866,2720 1803,2771 1752,2739 1212,2771"/>
                <Baseline points="1230,2848 1319,2842 1409,2848 1498,2848 1588,2848 1677,2848 1767,2848 1857,2848 1946,2848 2036,2848 2125,2848 2215,2854 2304,2854 2316,2848"/>
                <TextEquiv>
                    <Unicode>Ich weiss ja nie etwas.</Unicode>
                </TextEquiv>
            </TextLine>
            <TextLine id="tr_1_tl_6" custom="readingOrder {index:5;}">
                <Coords points="644,2917 730,2891 778,2904 835,2891 854,2907 958,2894 1028,2917 1095,2907 1095,2748 952,2761 924,2748 879,2774 787,2774 739,2758 698,2771 644,2745"/>
                <Baseline points="662,2848 752,2848 841,2848 931,2848 1021,2848 1104,2848"/>
                <TextEquiv>
                    <Unicode>Léocadie:</Unicode>
                </TextEquiv>
            </TextLine>
            <TextLine id="tr_1_tl_7" custom="readingOrder {index:6;}">
                <Coords points="1225,3129 3577,3142 3618,2961 1225,3006"/>
                <Baseline points="1242,3081 1331,3081 1421,3075 1510,3075 1600,3075 1689,3081 1779,3075 1869,3081 1958,3081 2048,3081 2137,3081 2227,3087 2316,3081 2406,3081 2496,3081 2585,3081 2675,3081 2764,3081 2854,3081 2943,3081 3033,3081 3123,3081 3212,3087 3302,3081 3391,3087 3481,3087 3570,3081 3624,3081"/>
                <TextEquiv>
                    <Unicode>Ahnt denn irgend Einer, was für ein Künstler in mir</Unicode>
                </TextEquiv>
            </TextLine>
            <TextLine id="tr_1_tl_8" custom="readingOrder {index:7;}">
                <Coords points="657,3167 733,3164 749,3148 809,3139 971,3177 968,2993 936,3006 905,2993 885,3009 781,2996 711,3012 698,2999 654,2999"/>
                <Baseline points="674,3081 764,3081 853,3081 943,3081 979,3087"/>
                <TextEquiv>
                    <Unicode>Henri:</Unicode>
                </TextEquiv>
            </TextLine>
            <TextLine id="tr_1_tl_9" custom="readingOrder {index:8;}">
                <Coords points="1212,3253 1311,3259 1342,3288 1393,3269 1422,3282 1479,3253 1546,3253 1600,3278 1600,3139 1466,3117 1365,3158 1308,3145 1282,3167 1212,3132"/>
                <Baseline points="1230,3236 1248,3230 1337,3230 1427,3230 1516,3230 1606,3230"/>
                <TextEquiv>
                    <Unicode>steckt?</Unicode>
                </TextEquiv>
            </TextLine>
            <TextLine id="tr_1_tl_10" custom="readingOrder {index:9;}">
                <Coords points="1219,3478 3564,3510 3618,3323 1216,3355"/>
                <Baseline points="1236,3457 1325,3463 1415,3469 1504,3463 1594,3463 1683,3463 1773,3469 1863,3469 1952,3469 2042,3469 2131,3469 2221,3469 2310,3469 2400,3469 2490,3475 2579,3469 2669,3475 2758,3475 2848,3475 2937,3475 3027,3475 3117,3475 3206,3469 3296,3475 3385,3469 3475,3475 3564,3475 3630,3475"/>
                <TextEquiv>
                    <Unicode>Gewiss ahnt man es, drum sag' ich ja, dass man sich</Unicode>
                </TextEquiv>
            </TextLine>
            <TextLine id="tr_1_tl_11" custom="readingOrder {index:10;}">
                <Coords points="654,3510 733,3523 749,3507 838,3539 892,3520 911,3532 936,3526 939,3367 860,3380 781,3339 759,3345 730,3329 698,3342 686,3326 657,3329"/>
                <Baseline points="674,3469 764,3469 853,3469 943,3463"/>
                <TextEquiv>
                    <Unicode>Wirt:</Unicode>
                </TextEquiv>
            </TextLine>
            <TextLine id="tr_1_tl_12" custom="readingOrder {index:11;}">
                <Coords points="1187,3640 3742,3672 3739,3536 3098,3482 1187,3529"/>
                <Baseline points="1206,3612 1295,3618 1385,3618 1474,3618 1564,3624 1654,3624 1743,3624 1833,3624 1922,3618 2012,3618 2101,3624 2191,3624 2281,3624 2370,3624 2460,3624 2549,3624 2639,3624 2728,3624 2818,3630 2908,3630 2997,3630 3087,3624 3176,3624 3266,3624 3355,3624 3445,3624 3535,3630 3624,3630 3714,3630 3744,3624"/>
                <TextEquiv>
                    <Unicode>mit einem solchen Talent nicht aufs Land vergräbt. Was</Unicode>
                </TextEquiv>
            </TextLine>
            <TextLine id="tr_1_tl_13" custom="readingOrder {index:12;}">
                <Coords points="1200,3862 1511,3910 3006,3850 3002,3720 2841,3656 2574,3669 2488,3745 1752,3659 1197,3713"/>
                <Baseline points="1218,3773 1307,3773 1397,3773 1486,3779 1576,3779 1666,3779 1755,3779 1845,3779 1934,3773 2024,3779 2113,3779 2203,3779 2292,3779 2382,3779 2472,3779 2561,3779 2651,3785 2740,3785 2830,3785 2919,3785 3009,3791"/>
                <TextEquiv>
                    <Unicode>für ein Unrecht van Dir! An der Kunst.</Unicode>
                </TextEquiv>
            </TextLine>
            <TextLine id="tr_1_tl_14" custom="readingOrder {index:13;}">
                <Coords points="644,4047 759,4059 812,4047 866,4081 889,4069 917,4088 943,4066 965,4072 962,3926 924,3942 892,3942 851,3920 835,3935 752,3935 705,3913 641,3929"/>
                <Baseline points="662,4006 752,4006 841,4012 931,4012 973,4006"/>
                <TextEquiv>
                    <Unicode>Henri:</Unicode>
                </TextEquiv>
            </TextLine>
            <TextLine id="tr_1_tl_15" custom="readingOrder {index:14;}">
                <Coords points="1200,4069 3694,4043 3590,3926 1200,3913"/>
                <Baseline points="1218,4006 1307,4006 1397,4006 1486,4006 1576,4006 1666,4006 1755,4006 1845,4006 1934,4006 2024,4006 2113,4012 2203,4012 2292,4006 2382,4012 2472,4012 2561,4012 2651,4012 2740,4012 2830,4012 2919,4012 3009,4012 3099,4012 3188,4018 3278,4012 3367,4012 3457,4012 3546,4012 3636,4012 3702,4006"/>
                <TextEquiv>
                    <Unicode>Ich pfeife auf die Kunst. Ich will Ruhe. Du begreifst</Unicode>
                </TextEquiv>
            </TextLine>
            <TextLine id="tr_1_tl_16" custom="readingOrder {index:15;}">
                <Coords points="1200,4278 1758,4212 3139,4243 3139,4126 3063,4094 1200,4107"/>
                <Baseline points="1218,4162 1307,4167 1397,4167 1486,4167 1576,4167 1666,4167 1755,4167 1845,4167 1934,4167 2024,4173 2113,4167 2203,4167 2292,4173 2382,4173 2472,4173 2561,4173 2651,4173 2740,4173 2830,4173 2919,4173 3009,4173 3099,4173 3146,4179"/>
                <TextEquiv>
                    <Unicode>das nicht, Prospere, Du hast nie geliebt.</Unicode>
                </TextEquiv>
            </TextLine>
            <TextLine id="tr_1_tl_17" custom="readingOrder {index:16;}">
                <Coords points="1193,4440 1231,4434 1260,4453 1323,4412 1387,4427 1412,4405 1450,4399 1447,4288 1425,4288 1403,4272 1358,4307 1320,4297 1301,4307 1279,4297 1254,4310 1225,4297 1190,4304"/>
                <Baseline points="1212,4388 1301,4394 1391,4394 1457,4394"/>
                <TextEquiv>
                    <Unicode>Oh! —</Unicode>
                </TextEquiv>
            </TextLine>
            <TextLine id="tr_1_tl_18" custom="readingOrder {index:17;}">
                <Coords points="651,4446 689,4453 711,4437 746,4453 768,4437 806,4443 838,4431 911,4446 911,4272 866,4281 841,4272 778,4307 651,4307"/>
                <Baseline points="668,4394 758,4394 847,4394 919,4394"/>
                <TextEquiv>
                    <Unicode>Wirt:</Unicode>
                </TextEquiv>
            </TextLine>
        </TextRegion>
    </Page>
</PcGts>
