3992 5416
1996 669 2296 803 35 —
1174 1078 3390 1264 darfst Du hierherkommen und mich spielen sehen.
1769 1317 2411 1549 :Man lacht:
641 1543 933 1748 Henri:
1181 1509 3613 1735 Nie hat eine Frau ein prächtigeres Hochzeitsgeschenk
1187 1738 3610 1881 bekommen. Komm, Léocndie, auf Wiedersehen, Prospere,
1174 1838 2445 2104 ich bin bald wieder zuriiek.
1565 2070 2646 2228 Henri und Léocadie ab.
1156 2364 3650 2522 Es treten zugleich ein: François Vicomte von Nogeant,
1360 2519 2966 2696 Albin Chevalier de la Tremouille.
617 2702 917 2891 Scaev:
1165 2733 2950 2888 Was für ein erbärmlicher Aufschneider.
583 2938 892 3161 Wirt:
1150 2876 2922 3102 Guten Abend, Ihr Schweine Canaillen
601 3173 905 3334 Albin:
1196 3105 2051 3356 :schreckt zurück:
589 3306 1038 3523 François:
1196 3359 3502 3567 :ohne darauf zu achten: War das nicht die kleine
1143 3582 3539 3746 Léocadie von der Porte St. Martin, die da mit Henri
1147 3725 1571 3920 wegging?
620 3895 892 4134 Wirt:
1122 3901 3539 4100 Freilich war sie's Was? - Die könnte am Ende sogar
1134 4128 3598 4248 Dich erinnern, dass Du noch so was wie ein Mann bist,
1131 4245 2721 4413 wenn sie sich grosse Mihe gäbe.
598 4502 892 4667 Franc:
1128 4493 3616 4685 :lachend: Es wäre nicht unmöglich. Wir kommen heute
