4136 5384
1133 148 1396 324 le 1e
1922 578 2204 767 77 -
1062 998 3180 1235 (Der es endlich für wahr hält: Wahnsinniger:
507 1059 815 1280 Wirt:
1110 1296 2920 1515 :schaut auf, sieht den Wirt starr an:
533 1325 870 1502 Henri:
1104 1531 1752 1733 Bravol brave!
533 1540 773 1713 Sév:
1097 1710 3526 1932 Was thun Sie, Marquise? Im Augenblick, wo Sie brave!
507 1755 921 1977 Rollin:
1107 1909 3536 2082 rufen, machen Sie das alles wieder zum Theater - und
1107 2082 2673 2301 das angenehme Gruseln ist vorbei.
1097 2317 3568 2455 Ich finde das Gruseln nicht so angenehm. Applaudiren
526 2326 902 2496 Marqu:
1110 2461 3549 2628 wir, meine Freunde, nur so können wir uns von diesem
1097 2625 1864 2817 Banne befreden.
1117 2833 3655 3048 :Leises Bravo!, das immer lauter wird; alle applaudi-
1097 3013 1370 3196 ren:
1120 3189 3693 3453 : zu Henri während des Lärms: Rette Dich, flieh, Henri
536 3215 831 3417 Wirt:
1113 3475 1585 3661 Was? was?
526 3488 860 3616 Henri:
1117 3645 3696 3857 Lass es jetzt genug sein und mach', dass Du fortkommst!
529 3725 828 3841 Wirt:
1110 3895 2965 4075 Ruhe!... Hören wir, was der Wirt sagt!
542 3976 870 4168 Frans:
1139 4130 3677 4357 :nach kurzer Ueberlegung: Jch sag' ihm, dass er fort
536 4200 831 4380 Wirt:
1117 4290 3693 4467 soll, bevor die Wachen an den Thoren der Stadt verstän-
1120 4425 3616 4646 digt sind. Der xxx Herzog war ein Liebling des Kö-
