4225 5368
3335 250 3621 488 1,1
2134 271 3242 503 N. 7, 7, M, 1, 11, 1 1, 4,
2555 394 2721 503 111
1857 644 2125 822 49
1057 1102 2673 1282 Sie ist nämlich allgemein beliebt.
608 1081 822 1339 rane :
1057 1379 3425 1538 Und er will mit ihr fort.... was weiss ich.... man
602 1379 879 1589 zog:
1057 1535 1890 1743 hat’s mir erzält.
1057 1725 2282 1917 So? hat man's Dir erzält?
605 1707 774 1966 rt :
578 1963 858 2185 erzog:
1093 1926 3395 2176 :Blick: Es ist zu dumm./Léocadie ist geschaffen,
1057 2152 3477 2354 die grösste, die herrlichste Dirne der Welt zu sein.
144 2167 325 2366 et le
1057 2261 2116 2562 Wer weiss das nicht!
599 2357 816 2540 sane :
1057 2595 3449 2751 Gibt es etwas Unverständigeres, als jemanden seinem
611 2631 849 2799 rzog:
114 2634 307 2853 :57 P
1063 2760 3353 2917 wahren Beruf entziehen? :Da François lacht: Ich
1050 2926 3395 3046 meine das nicht im Scherz. Auch zur Dirne muss man
1044 3034 3335 3206 geboren sein - wie zum Eroberer oder zum Dichter.
1044 3317 1854 3495 Du bist paradox.
638 3251 807 3425 sine :
1063 3477 3341 3714 Es thut mir leid um sie - und um Henri. Er sollte
632 3495 852 3744 zog.
87 3510 265 3781 :
1050 3702 3359 3856 hierbleiben - nicht hier - ich möchte ihn in
1038 3820 3428 3970 die Comédie bringen - obwol auch dort - mir ist im-
1044 4021 3419 4181 mer, als verständ' ihn keiner so ganz wie ich. Das
1032 4160 3341 4343 kann übrigens eine Täuschung sein - denn ich habe
90 4175 385 4425 Obligt
1050 4328 3335 4476 diese Empfindung den meisten Künstlern gegenüber.
1038 4443 3398 4608 Aber ich muss sagen, wär' ich nicht der Herzog von
84 4410 382 4623 Titiell
