4008 5368
2314 180 2737 429 N.Y.
1982 593 2246 805 18
1159 1084 3591 1270 Bürger Prospere, halten Sie mich für keinen Schwind-
612 1087 926 1320 Grain:
1152 1236 3563 1460 ler. Ich bin ein Ehrenmann. Wenn ich sage, dass ich
1168 1410 3150 1606 eingesperrt war, so ist es volle Wahrheit.
1177 1597 2516 1780 :sieht ihn misstrauisch an:
606 1684 888 1789 Wirt:
1202 1882 3606 2044 :zicht aus dem Rock ein Papier: Hier, Bürger Pros-
590 1845 923 2115 Grain:
1171 1985 3560 2184 père. Sie ersehen daraus, dass ich gestern nachmit-
1183 2165 2588 2386 tags vier Uhr entlassen wurde.
1171 2407 3616 2588 Nach einer zweijährigen Haft - Donnerwetter, das ist
606 2370 904 2631 Wirt:
1165 2560 1665 2755 ja echt! -
1152 2743 3498 2951 Haben Sie noch immer gezweifelt, Bürger Prospere?
603 2724 926 2939 Grain:
1171 2979 3622 3153 Was haben Sie denn angestellt, dass man Sie auf zwei
600 3001 923 3215 Wirt:
1168 3165 1510 3367 Jahre —
1159 3398 3616 3557 Man hätte mich gehängt, aber zu meinem Glück war ich
609 3398 932 3557 Grain:
1165 3616 3526 3749 noch ein halbes Kind, als ich meine arme Tante um-
1171 3734 1575 3908 brachte.
1174 3936 3603 4178 Ja, Mensch, wie kann man denn seine Tante umbringen?
609 3973 901 4162 Wirt:
1171 4181 3637 4330 Birger Prospere, ich hätte es nicht gethan, wenn die
627 4197 954 4377 Grain:
1165 4305 3662 4572 Tante mich nicht mit meinem besten Freunde hintergan-
1159 4495 1665 4722 gen hätte.
