4024 5416
1961 202 2211 394 1,1
3633 231 3844 372 de la
3684 336 3844 429 1:11:11
1941 615 2137 881 31
1153 1179 3489 1371 weiten Ebene. Ja, Prospere, in meinen Träumen seh"
1153 1358 3585 1512 ich mich mit ihr abends über die Felder gehn, in ei-
1141 1528 3627 1666 ner unendlichen Stille, der wunderbar tröstliche Him-
1134 1666 3604 1807 mel über uns. Ja, wir fliehen diese schreckliche und
1160 1820 3665 1951 gefährliche Stadt, der grosse Friede wird für uns kom-
1147 1980 3633 2127 men. Nicht wahr, Léocadie, wir haben es oft geträumt?
1141 2150 2566 2358 Ja, wir haben es oft geträumt.
596 2211 1025 2371 Léocadie:
1141 2451 3540 2573 Höre, Henri, Du solltest es Dir überlegen. Jch will
602 2412 865 2637 Wirt:
1141 2569 3550 2730 Dir Deine Gage gerne erhöhen, und Léocadie will ich
1147 2746 2329 2925 ebensoviel geben als Dir.
593 2938 1022 3149 Léocadie:
1141 2963 1922 3175 Hörst Du, Henri?
586 3178 865 3364 Wirt:
1128 3185 3511 3338 Ich weiss wahrhaftig nicht, wer Dich hier ersetzen
1141 3338 3579 3511 soll. Keiner von meinen Leuten hat so köstliche Ein-
1141 3518 3527 3655 fälle als Du, keiner ist bei meinem Publikum so be-
1134 3636 2733 3835 liebt xxx Du....Geh' nicht fort!
573 3761 887 4098 Henri:
1128 3870 3579 4062 Das glaub' ich wol, dass mich niemand ersetzen wird.
1121 4050 3665 4248 Bleib’ bei mir, Henri! :Er wirft Léocadie einen Blick
583 4142 846 4344 Wirt:
1134 4296 3425 4440 zu; sie deutet an, dass sie's schon machen wird:
557 4495 881 4722 Henri:
1121 4498 3697 4684 Und ich verspreche Dir, der Abschied wird ihnen schwer
