3992 5480
1589 224 1850 402 I.
693 288 859 393 ......
2463 221 3068 552 Von heilen, über die wäre sehr verhält ist,
3141 279 3337 485 1
699 374 890 537 1 11 1
1871 672 2166 834 45 —
1086 1138 3515 1322 Wie?...Sie haben ihn getragen? Einen Sarg getragene?
632 1086 816 1340 P:
1067 1340 3301 1537 Nicht um die Welt möcht' ich einen Sarg tragen!
1074 1525 3472 1693 Schweig doch - es verlangt ja niemand von Dir, dass
635 1564 825 1730 ano :
1080 1693 3126 1893 Du einen Sarg trägst. :Zum Herzog: Nun? -
1074 1911 3301 2129 Und ein paar von den Weibern sind darauf in die
635 1957 880 2138 rzog:
110 2009 380 2150 S.H.F.P.
1071 2092 3368 2288 Wohnung des Bürgermeisters und haben ihm erklärt,
1071 2267 3405 2448 er müsse sterben - aber man werde ihm die Ehre er-
190 2402 344 2564 fils
1071 2405 2267 2580 weisen, ihn zu begraben.-
1071 2638 2433 2804 Nun, hat man ihn umgebracht?
650 2653 844 2794 sane:
1080 2816 3528 3012 Nein,- wenigstens schreibt mir mein Bruder nichts da-
135 2785 399 3049 :0:
650 2883 877 3037 zog:
1080 3021 1285 3206 von.
1067 3209 3475 3383 Nun also!....Schreier, Schwätzer, Hanswürste - das
660 3245 825 3436 me:
1074 3393 3463 3543 sind sie. Heut brillen sie in Paris zur Abwechslung
1021 3558 3479 3752 die Bastille an - wie sie's schon ein halbes Dutzend
1064 3696 1798 3908 Mal gethan......
1074 3893 3540 4153 Nun - wenn ich der König wäre, ich hätte ein Ende ge-
706 3917 880 4153 g:
1074 4089 2083 4291 macht.längst.
1071 4304 3058 4457 Ist es wahr, dass der König so gütig ist?
1074 4494 3362 4758 Sie sind Seiner Majestät noch nicht vorgestellt?
696 4543 926 4745 nog:
