4040 5384
1958 658 2248 859 28 -
1134 1095 3609 1274 gesehen habe. Jch war sehr bewegt. Aber es war ein
1147 1284 3666 1431 anderer Herr, mit dem - : Spricht weiter mit dem Wirt
578 1504 897 1689 Henri:
1153 1523 3558 1677 :in einem hochgestimmten Ton, wie begeistert, aber
1118 1702 3644 1849 nicht deklamatorisch: Léocadie, meine Geliebte, mein
1127 1830 3507 1967 Weib!.... Nun ist alles vorbei, was einmal war.
1118 1939 3302 2143 In einem solchen Augenblick löscht Vieles aus.
1140 2178 3580 2379 :Sosevola und Jules sind nach hinten gegangen, Wirt
1804 2357 2399 2558 wieder von:
553 2552 818 2769 Wirt:
1115 2523 2223 2756 Was für ein Augenblick?
546 2753 869 3028 Henri:
1118 2750 3545 2973 Nun sind wir durch ein heiliges Sakrament vereinigt.
1111 2935 3427 3098 Das ist mehr, als menschliche Schwüre sind. Jetzt
1105 3082 3580 3267 ist Gott über uns, man darf alles vergessen, was vor-
1079 3248 3622 3427 her geschehen ist. Léocadie, eine neue Zeit bricht an-
1099 3424 3638 3571 Leocadie, alles wird heilig, unsere Küsse, so wild sie
1092 3555 3516 3730 sein mögen, sind von nun an heilig. Léocadie, meine
1092 3724 3657 3935 Geliebte, mein Weibl.....:Er betrachtet sie mit einem
1083 3916 3526 4072 glühenden Blick: Hat sie nicht einen anderen Blick,
1086 4066 3587 4203 Prospère, als Du ihn früher an ihr kanntest? Jst ihre
1092 4222 3462 4433 Stirn nicht rein? Was war, ist ausgelöscht,- nicht
1070 4347 1884 4573 wahr, Léocadiet
