4024 5464
1951 559 2145 729 47
1139 1036 3520 1202 Ich leider auch nicht.... ich erinnere mich nur an
623 1069 956 1305 derzog:
1139 1195 3540 1352 den Sinn....Er sagt, die Jugend, die man nicht ge-
1146 1322 3536 1528 niesst, ist wie ein Federball, den man im Sand lie-
1156 1462 3323 1712 gen lässt, statt ihn in die Luft zu schnellen.
1172 1705 2990 1938 :altklug: Das find' ich sehr richtig.
623 1755 906 1951 Albin:
1159 1921 3550 2138 Nicht wahr? - Die Federn werden allmälig doch farb-
633 1965 936 2194 Herzog:
1149 2078 3603 2238 los, fallen aus. Es ist noch besser, er fällt in ein
1169 2244 3000 2418 Gebüsch, wo man ihn nicht wiederfindet.
1162 2424 2701 2667 Wie ist das zu verstehen, Emile?
619 2408 916 2664 Albin:
1159 2674 3833 2864 Es ist mehr zu empfinden. Wenn ich die Verse wüsste,
609 2761 969 2950 Herzog:
1175 2827 3024 3020 würden Sie’s übrigens gleich verstehen.
813 2877 1136 3027 schiedly
1162 3100 3576 3230 Es kommt mir vor, Emile, als könnten Sie auch Verse
626 3050 922 3250 Albin:
1162 3220 2554 3443 machen, wenn Sie nur wollten.
1182 3503 1492 3630 Warum?
643 3470 959 3643 Herzog:
1172 3726 3556 3876 Seit Sie hier sind, kommt es mir vor, als wenn das
626 3753 932 3939 Albin:
1169 3869 2038 4036 Leben aufflammte -
1185 4096 2677 4356 :lächelnd: Ja? Flammt es auf?
673 4129 996 4339 erzog:
1192 4342 3273 4502 Wollen Sie sich nicht endlich zu uns setzen?
693 4389 949 4482 rane:
