4088 5384
2029 611 2212 826 15
1219 1076 3649 1288 von Ihren künstlichen Verbrechern Reden geführt wer-
1203 1275 3532 1424 den, die - wie sagt mein Bericht? :Er liest, wie
1206 1399 3602 1595 schon früher, in einem Notizbuch nach: - nicht nur
1203 1538 3694 1674 unsittlich, was uns wenig geniren würde, sondern auch
1187 1700 3567 1852 höchst aufrührerisch zu wirken geeignet sind - was
1200 1874 3627 2003 in einer so erregten Epoche, wie die ist, in der wir
1171 1991 3602 2225 leben, der Behörde durchaus nicht gleichgiltig sein
1184 2165 1450 2342 kann.
1177 2380 3633 2576 Herr Commissär, ich kann auf diese Anschuldigung nur
624 2361 921 2564 Wirt:
1174 2564 3719 2690 mit der höflichen Einladung erwidern, die Sache selbst
1174 2690 3646 2861 einmal anzusehen. Sie werden bemerken, dass hier gar
1181 2864 3668 2994 nichts Aufrührerisches vorgeht, schon aus dem Grunde,
1181 3045 3703 3171 weil mein Publikum sich nicht aufrühren lässt. Es wird
1162 3178 3387 3361 hier einfach Theater gespielt - das ist alles. -
608 3390 1006 3507 Commiss:
1165 3377 3697 3557 Ihre Einladung nehme ich natürlich nicht an, doch wer-
1171 3551 2975 3760 de ich kraft meines Amtes hierbleiben.
617 3763 880 3896 Wirt:
1165 3801 3630 3928 Jch glaube, Jhnen die beste Unterhaltung versprechen
1152 3909 3668 4080 zu können, Herr Commissär; doch würde ich mir den Rat
1158 4096 3646 4235 erlauben, dass Sie Ihre Amtstracht ablegen und in Gi-
1171 4257 3580 4444 vilkleidern hier erscheinen. Venn man nämlich einen
1139 4431 3608 4621 Commissär in Union hier sähe, würde sowol die Mai-
