4024 5448
1580 272 1837 516 „
912 254 1104 513 1 m
1840 798 2239 934 - 42 -
1154 1237 3640 1367 Was er wieder für einen Parfum hat! Es gibt überhaupt
594 1283 872 1392 Mich:
1154 1385 3584 1590 keinen Mann in Paris, der so angenehm duftet.
1160 1562 2836 1729 Albin:.... so merkt man das nicht.
1169 1704 3550 1905 Sie spricht nur von den siebenhundert oder achthun-
575 1769 965 2007 Herzog:
1172 1973 2861 2118 dert, die sie so gut kennt wie mich.
1169 2091 3420 2363 Erlaubst Du, dass ich mit Deinem Degen spiele? -
628 2196 875 2384 Plip:
1184 2295 3581 2520 :Sie zieht ihm den Degen aus der Scheide und lässt
1166 2493 2350 2694 ihn hin und her funkeln:
1178 2715 3569 2916 :zum Wirt: Mit dem!...mit dem hab' ich sie gese-
631 2718 915 2935 Grain:
1166 2898 1478 3021 hen! -
1181 3055 3071 3269 :lässt sich erzälen, scheint erstaunt:
665 3018 881 3235 Virt:
1169 3244 3544 3535 Henri ist noch nicht da? :Zu Albin: Wenn Sie den
625 3343 962 3581 Herzog:
1184 3411 3504 3665 sehen werden, verden Sie's nicht bereuen, hilherge-
167 3553 377 3764 e
1178 3646 1902 3822 kommen zu sein.
1194 3748 3637 4060 :zum Herzog: Na, bist Du auch wieder da? Das freut
671 3785 906 4085 Wirt:
1184 4036 3516 4175 mich. Lang werden wir ja das Vergnügen nicht mehr
1169 4150 1509 4391 haben.
207 4237 433 4515 entoue
1188 4388 2938 4565 Warum? Mir behagt's sehr gut bei Dir.
656 4404 983 4667 Herzog:
