4008 5384
1940 652 2252 882 29 -
592 1181 1052 1332 Léocadie:
1131 1109 1811 1323 Gewiss, Henri.
561 1345 920 1610 Henri:
1121 1310 3616 1544 Und alles ist gut. Morgen verlassen wir Paris, Léoca-
1121 1515 3638 1673 die tritt heute zum letzten Male in der Porte St. Mar-
1137 1676 3604 1843 tin auf, und ich spiele heute das letzte Mal bei Dir.
567 1918 850 2110 Wirt:
1134 1937 3541 2082 betroffen: Bist Du bei Trost, Henri? - Du willst
1106 2076 3616 2293 mich verlassen? Und dem Direktor der Porte St. Martin
1115 2265 3556 2391 wird's doch nicht einfallen, Leocadie ziehen zu las-
1118 2400 3610 2545 sen? Sie macht ja das Glück seines Hauses. Die jungen
1115 2552 2838 2763 Herren strömen ja hin, wie man sagt.
1106 2753 3512 2945 Schweig. Léocadie wird mit mir gehen. Sie wird mich
567 2734 873 2955 Henri:
1106 2936 3531 3081 nie verlassen. Sag' mir, dass Du mich nie verfassen
1112 3093 2930 3289 wirst, Léocadie! :Brutal: Sag's mir!
567 3295 989 3487 Léocadie:
1106 3254 2498 3459 Ich werde Dich nie verlassen!
1102 3503 3550 3767 Thätest Du's, ich würde Dich...... :Pause: Jch habe
554 3528 857 3723 Henri:
1093 3682 3629 3878 dieses Leben satt. Ich will Ruhe, Ruhe will ich haben.
536 3856 822 4041 Wirt:
1084 3871 3452 4070 Aber was willst Du denn thun, Henri? Es ist ja lä-
1077 4092 3490 4208 sherlich. Ich will Dir einen Vorschlag machen. Nimm
1068 4246 3544 4385 Léocadie meinethalben von der Porte St. Martin fort -
1093 4366 3437 4564 aber sie soll hier, bei mir bleiben. Ich engagire
1080 4542 3396 4750 sie. Es fehlt mir sowieso an talentirten Frauens-
