4008 5368
1951 624 2217 834 20 —
1135 1076 3569 1280 geht mich das alles an? Ich nehme an, Sie wollen ir-
1135 1251 1951 1443 gendwas von mir -
1135 1455 3626 1628 Jawol, Bürger Prospere, ich komme, Sie um Arbeit bit-
577 1493 910 1675 Grain:
1142 1621 1361 1769 ten.
1164 1854 3647 2026 :höhnisch: Jch mache Sie aufmerksam, dass es bei mir
586 1766 856 2035 Wirt:
1126 2020 3651 2186 keine Tanten zu ermorden gibt; es ist ein Vergnügungs-
1132 2170 1446 2365 lokal.
1132 2387 3563 2553 Oh, ich hab' an dem einen Mal genug gehabt. Ich will
593 2380 881 2575 Grain."
1135 2531 3547 2697 ein anständiger Mensch werden - man hat mich an Sie
1129 2678 1584 2870 gewiesen.
1135 2929 2434 3092 Wer, wenn ich fragen darf?
599 2942 853 3092 Wirt:
1135 3164 3616 3340 Ein liebenswürdiger junger Mann, den sie vor drei Ta-
640 3196 875 3340 rain:
1129 3346 3575 3491 gen zu mir in die Zelle gesperrt haben. Jetzt ist er
1126 3466 3447 3635 allein. Er heisst Gaston.... und Sie kennen ihn.-
1129 3716 3481 3898 Gaston! Jetzt weiss ich, warum ich ihn drei Abende
687 3742 841 3873 rt:
1129 3883 3484 4036 lang vermisst habe. Einer meiner besten Darsteller
1123 4005 3519 4140 für Taschendiebe.- Er hat Geschichten erzält; - ah,
1117 4124 2330 4322 man hat sich geschüttelt.
1145 4312 1336 4422 Ihr
1361 4297 2368 4416 Waske wirken. Und in A
1123 4400 3055 4588 Jawol. Und jetzt haben sie ihn erwischt!
590 4344 894 4532 Grain:
