4024 5496
1839 595 2183 737 - 52 -
1111 1085 3561 1222 fen. Mir klebt die Zunge. Sie waren mir auf den Fer-
1111 1241 1332 1400 sen.
1124 1384 3544 1624 :fährt zusammen: Ah, gebt Acht, sie sind uns über-
634 1407 858 1631 les:
1118 1598 2102 1803 haupt auf den Fersen.
1118 1761 3444 1946 So erzäl' doch endlich! Was ist denn passirt?....
627 1813 841 2056 rte:
1127 1949 3401 2180 :Zu den Schauspielern: Bewegung! mehr Bewegung!
1124 2164 3564 2381 Weiber her...Weiber! - Ah - :Umarmt Flipotte: Das
617 2138 903 2420 milli:
1124 2349 3512 2544 bringt Einan auch wieder zum Leben! :Zu Albin, der
1118 2515 3463 2677 höchst betroffen ist: Der Teufel soll mich holen,
1105 2664 3593 2826 mein Junge, wenn ich gedacht hab', ich werde Dich le-
1127 2800 3648 2969 bendig wiedersehn... :Als wann er lauschte: Sie kom-
1118 2966 3730 3161 men, sie kommen! - :Zur Thür hin:  Nein, es ist nichts.
1140 3129 1598 3294 - Sie...
1118 3304 3587 3538 Wie sonderbar!...Es ist wirklich ein Lärm, wie wenn
650 3314 884 3551 bin:
1118 3492 3616 3720 Leute draussen sehr rasch vorbeijagten. Wird das auch
1134 3655 2190 3830 von hier aus geleitet?
169 3791 416 4002 Lokalitän
1127 3895 3587 4035 :zu Jules: Jedesmal hat er die Nuance... es ist zu
676 3856 874 4041 aev:
1124 4093 1478 4210 dumm! -
1118 4194 3684 4454 So sag' mir doch endlich, warum sie Dir wieder auf den
195 4288 416 4568 alors
1124 4402 1712 4600 Fersen sind.
192 4551 432 4802 Citm.
