3992 5448
1022 1125 3563 1323 Nichts Besonderes. Aber wenn sie mich hätten, würde es
449 1137 814 1400 Sä111:
1022 1310 3498 1541 mir doch den Kopf kosten - ein Haus hab' ich angezün-
1038 1519 1253 1724 det.
1048 1692 3486 1916 :Während dieser Scene kommen gleichfalls junge Ade-
1028 1874 2887 2002 lige, die an den Tischen Platz nehmen:
1041 2076 2262 2303 :leise: Weiter, weiter!
538 2134 766 2259 Virt:
1044 2339 3563 2509 :ebenso: Was weiter? Genügt das nicht, wenn ich ein
465 2361 823 2531 Suill:
1038 2502 2079 2666 Haus angezündet habe?
1044 2704 3591 2935 Sag' mir doch, mein Lieber, warum Du das Haus angezün-
436 2637 820 2983 Frans:
1064 2903 1493 3056 det hast.
2377 2919 2784 3124 Justiz
1057 3002 3607 3268 Weil der Präsident des Obersten Gerichtshofes darin als
545 3124 836 3325 su111:
1070 3249 3505 3402 wohnt. Mit dem wollten wir anfangen. Wir wollen den
1057 3383 3595 3569 guten Pariser Hausherren die Lust nehmen, Leute in ihr
1064 3521 3636 3764 Haus zu nehmen, die uns arme Teufel ins Zuchthaus brin-
1057 3739 1278 3918 gen.
1060 3969 2297 4171 Das ist gut! Das ist gut!
532 3995 811 4155 Grain:
1080 4155 3636 4389 :betrachtet Grain und staunt: /:Spricht dann weiter:
535 4213 823 4386 Guill:
1076 4347 3582 4488 Die Häuser müssen alle dran. Noch drei Kerle wie ich,
1060 4482 3098 4700 und es gibt keine Richter mehr in Paris!
