4088 5368
1224 1050 3217 1228 So erkläre doch Deinem Freunde, wo er ist.
658 1010 934 1185 Wirt:
661 1301 1056 1521 Grasset:
1212 1322 3569 1485 Es ist ein seltsamer Ort! Es kommen Leute her, die
1228 1430 3572 1644 Verbrecher spielen – und andere, die es sind, ohne
1206 1610 1818 1809 es zu ahnen.
640 1769 1004 2036 Lebrêt:
1206 1849 1534 1990 80 -?
640 2060 1044 2281 Grasset:
1206 2069 3517 2235 Ich mache Dich aufmerksam, dass das, was ich eben
1194 2259 3413 2388 sagte, sehr geistreich war; es könnte das Glück
1194 2354 2388 2556 einer ganzen Rede machen.
615 2623 983 2783 Lebrêt:
1194 2590 3276 2813 Ich verstehe nichts von allem, was Du sagst.
612 2841 1032 3025 Grasset:
1176 2777 3517 2966 Ich sagte Dir ja, dass Prospere mein Direktor war.
1182 2963 3569 3132 Und er spielt mit seinen Leuten noch immer Komödie;
1160 3129 3618 3279 nur in einer anderen Art wie früher. Meine einstigen
1166 3279 3600 3453 Kollegen und Kolleginnen sitzen hier herum und thun,
1166 3426 3600 3591 als wenn sie Verbrecher wären. Verstehst Du? Sie er-
1166 3585 3615 3753 zälen haarsträubende Geschichten, die sie nie erlebt
1166 3741 3569 3925 - sprechen von Unthaten, die sie nie begangen haben
1154 3900 3557 4087 .... und das Publikum, das hieherkommt, hat den an-
1145 4071 3517 4209 genehmen Kitzel, unter dem gefährlichsten Gesindel
1157 4225 3475 4396 von Paris zu sitzen - unter Gaunern, Einbrechern,
1114 4332 1846 4543 Mördern - und -
