4152 5384
2113 149 2298 306 1
2805 164 3624 401 Monsieur, éviter s'estendre à l'éviter de l'a-
1311 164 1581 353 [incompréhensible]
1053 182 1217 444 V. P.
2043 619 2215 816 76
641 1020 3570 1293 Die Schauspieler: Ver?...werk....Wie ist es geschehen?.... Wo
1220 1268 3697 1475 liegt er? - Wirst Du verfolgt?.... Wie ist es gesche-
1220 1446 2255 1610 hen?.... Wo ist sie?
1286 1643 3799 1821 :immer erregter: Ich hab' sie begleitet..... ins Thea-
670 1672 1005 1778 Henri:
1246 1759 3686 1963 ter....zum letzten Mal sollt' es heute sein.... ich
1220 1927 3715 2080 hab' sie geküsst....an der Thür - und sie ist hinauf
1231 2084 3708 2251 in ihre Garderobe und ich bin fortgegangen wie Einer,
1238 2287 3679 2473 der nichts zu fürchten hat. - Aber schon nach hundert
1231 2408 3726 2604 Schritten hat’s begonnen in mir....versteht Ihr mich
1246 2608 3668 2750 .....eine ungeheure Unruhe...und es war, als zwänge
1238 2743 3730 2863 mich irgend was, umzukehren.... und ich bin umgekehrt
1231 2845 3657 3027 und hingegangen. Aber da hab' ich mich geschämt und
1231 3020 3770 3205 bin wieder fort.... und wiedar war ich hundert Schritt
1238 3202 3646 3355 weit vom Theater.... da hat es mich gepackt.... und
1249 3333 3726 3486 wieder bin ich zurück. Ihre Scene war zu Ende.... sie
1231 3453 3642 3675 hat ja nicht viel zu thun, steht nur eine Weile auf
1231 3642 3719 3825 der Bühne — und dann ist sie fertig.... ich
1249 3825 3679 3952 stehe vor ihrer Garderobe, ich lehne mein Ohr an die
1246 3948 3766 4109 Thür und höre flüstern. Ich kann kein Wort unterschei-
1246 4101 3777 4291 den... das Flüstern verstummt.... ich stosse die Thür
1220 4247 3668 4447 auf.... :Er brüllt wie ein wildes Thier: - es war
1238 4455 3624 4626 der Herzog von Chartres und ich hab' ihn ermordet.-
