4056 5320
2050 564 2270 756 3 -
1205 1020 3434 1199 Wein? Woher soll ich Wein nehmen, Grosset? Heut
638 1033 928 1218 Wirt:
1199 1183 3549 1358 Nacht haben sie ja alle Weinläden von Paris ausge-
1199 1358 3543 1547 plündert. Und ich möchte wetten, dass Du mit dabei
1205 1547 1853 1763 gewesen bist.
1189 1773 3603 1952 Her mit dem Wein. Wir das Pack, das in einer Stunde
638 1760 1055 2006 Grasset:
1215 1910 3559 2082 nach uns kommen wird.... :Lauscht: Hörst Du was,
1205 2079 1588 2242 Lebrêt?
1212 2305 2589 2522 Es ist wie ein leiser Donner.
638 2315 1011 2519 Lebrêt:
1199 2487 3705 2714 Brav.....Bürger von Paris...... :zu Prospère:
644 2557 1043 2768 Grasset:
1205 2714 3603 2835 pack hast Du sicher noch einen Vorrat. Also her da-
1212 2828 3775 3007 mit. Mein Freund und Bewunderer, der Bürger Lebröt,
1205 3013 3329 3227 Schneider aus der Rue St. Honoré, zalt alles.
1212 3202 2411 3409 Gewiss, geviss, ich zale.
615 3227 1004 3418 Lebrêt:
1224 3469 1706 3667 :zögert:
651 3488 922 3670 Wirt:
1199 3661 3144 3878 Na, zeig' ihm, dass Du Geld hast, Lebrêt.
657 3712 1055 3906 Grasset:
1224 3893 2835 4091 :zieht seinen Geldbeutel heraus:
625 3954 1024 4078 Lebrêt:
1205 4171 3626 4305 Nun, ich will sehen, ob ich....: Er macht den Hahn
631 4200 934 4298 Wirt:
1199 4279 3437 4464 zu einem Fass auf und füllt zwei Gläser: Woher
1202 4461 3195 4694 kommst Du, Grosset? Aus dem Palais Royal?
