4008 5432
1935 683 2227 892 33
1146 1136 3568 1383 Wie ich liebe. - Ich will mit ihr allein sein -
594 1190 931 1409 Henri:
1152 1348 3591 1476 das ist es... Leocadie, nur so können wir alles ver-
1152 1460 3719 1656 gessen. Aber dann werden wir so glücklich sein, wie nie
1139 1653 3526 1794 Menschen gewesen sind. Wir werden Kinder haben, Du
1139 1826 3719 1957 wirst eine gute Mutter werden, Léocadie, und ein braves
1146 1961 3068 2115 Weib. Alles, alles wird ausgelöscht sein.
1553 2185 2326 2403 :Grosse Pause:
1158 2400 3578 2612 Es wird spät, Henri, ich muss ins Theater. Leb wohl,
590 2423 1043 2625 Léocadie:
1139 2609 3664 2711 Prospere, ich freue mich, endlich einmal Deine berühm-
1152 2686 3709 2891 te Bude gesehen zu haben, wo Henri solche Triumphe fei-
1146 2853 1373 3032 ert.
1152 3106 2804 3273 Warum bist Du denn nie hergekommen?
590 3122 876 3244 Wirt:
1139 3337 3648 3494 Henri hat’s nicht haben wollen – na, weisst Du, wegen
584 3379 1030 3472 Léocadie:
1152 3453 3453 3713 der jungen Leute, mit denen ich da sitzen müsste.
1168 3700 3668 3905 :ist nach rückwärts gegangen: Gib mir einen Schluck,
578 3668 927 3863 Henri:
1146 3889 2236 4088 Scaevola. :Er trinkt:
1158 4120 3600 4274 :zu Léocadie, da ihn Henri nicht hört: Ein rechter
549 4053 860 4386 Wentz
1129 4297 3623 4460 Narr, der Henri - wenn Du nur immer mit ihm gesessen
1136 4434 1470 4656 wärst.
