4008 5480
2916 298 3198 505 „ „ 1„
1147 288 1558 522 Votre très-hacune, et de l'auteur, que
1811 748 2161 901 55 -
1069 1189 3515 1374 ben Sie, dass ich Ihnen die Hand küsse. Guten Abend,
1069 1354 3567 1549 Marquis! Grüss Gott, Rollin! Frau Marquise, Sie wagen
1076 1533 2103 1759 sich in dieses Lokal!
1056 1733 3506 1886 Man hat mir soviel davon erzält. Und ausserdem sind
1076 1850 3541 2090 wir heute schon in Abenteuern drin – nicht wahr, Rol-
1076 2090 1309 2265 lin?
1079 2255 3541 2492 Ja, denken Sie, Vicomte - was glauben Sie, woher wir
570 2313 839 2537 arqu:
1082 2466 2372 2647 kommen? - Von der Bastille.
1066 2605 3272 2897 Machen sie dort noch immer so einen Spektakel?
593 2699 846 2913 rane:
1082 2854 3690 3059 Ja freilich! - Es sieht aus, wie wenn sie sie einrennen
561 2922 787 3169 26f:
1111 3062 1507 3253 wollten.
1121 3243 1727 3434 :doklamirt:
580 3224 904 3525 coll in:
1374 3415 3392 3564 "Gleich einer Flut, die an die Ufer brandet,
1367 3554 3402 3745 Und tief ergrimmt, dass ihr das eigne Kind,
1367 3758 2391 3930 Die Erde widersteht -
126 3823 298 4027 compe
1108 3891 3583 4154 Nicht, Rollin! - Wir haben dort unseren Wagen in der
1102 4118 3671 4287 Nähe halten lassen. Es ist ein prächtiger Anblick, Mas-
1111 4270 2926 4465 sen haben doch immer was Grossartiges.
113 4274 324 4523 1.° 1
1115 4426 3489 4756 ja, ja, wenn sie nur nicht so übel riechen würden.
123 4542 353 4769 Von:
632 4530 888 4685 rane:
