4312 5496
2139 704 2488 830 - 62.
1403 1104 3931 1293 Guten Abend, Kinder! Jst mein Balthasar noch nicht da?
852 1183 1343 1409 Georgette:
1415 1327 3765 1541 Georgette! Setz' Dich zu mir! Dein Balthasar kommt
837 1434 1176 1629 Scaev:
1418 1550 2324 1733 noch immer zurscht.
1434 1686 3871 1903 Wenn er in zehn Minuten nicht da ist, kommt er nicht
855 1837 1186 2007 Georg:
1431 1896 3768 2129 mehr zurecht - da kommt er überhaupt nicht wieder.
1428 2073 3953 2286 Marquise, auf die passen Sie auf. Die ist in Wirklich-
871 2198 1189 2321 Frane:
1425 2261 3903 2466 keit die Frau von diesem Balthasar, von dem sie eben
1456 2378 3982 2620 spricht und der sehr bald kommen wird.— Sie stellt ai-
1440 2566 3938 2752 ne ganz gemeine Strassendirne dar, Baltasar ihren Zu-
755 2610 1195 2843 Eehe Freund
1450 2733 3931 2931 halter. Dabei ist es die treueste Frau, die man über-
1469 2868 2749 3070 haupt in Paris finden kann.
1516 3154 1915 3340 :kommt:
909 3205 1406 3321 Balthasar:
1472 3299 4007 3563 Mein Balthasar! Sie läuft ihm entgegen, umarmt ihn:
899 3428 1236 3617 Georg:
1500 3538 2183 3692 Da bist Du ja!
1494 3699 3931 3912 Es ist alles in Ordnung. Stille: Es war nicht der
937 3790 1271 3934 Balth:
1497 3862 3916 4076 Mühe wert. Es hat mir beinah leid um ihn gethan. Du
1519 4007 3938 4230 solltest Dir Deine Leute besser ansehen, Georgette
1519 4180 3919 4384 ich bin es satt, hoffnungsvolle Jünglinge wegen ein
1488 4390 2673 4551 paar Franes umzubringen.
