<?xml version="1.0" encoding="UTF-8" standalone="yes"?>
<PcGts xmlns="http://schema.primaresearch.org/PAGE/gts/pagecontent/2013-07-15" xmlns:xsi="http://www.w3.org/2001/XMLSchema-instance" xsi:schemaLocation="http://schema.primaresearch.org/PAGE/gts/pagecontent/2013-07-15 http://schema.primaresearch.org/PAGE/gts/pagecontent/2013-07-15/pagecontent.xsd">
    <Metadata>
        <Creator>prov=READ-COOP:name=TrHtr:version=2.1.0:model_id=51170:date=15_08_2023_09:12</Creator>
        <Created>2023-05-10T15:24:51.600+02:00</Created>
        <LastChange>2023-08-15T09:12:54.134+02:00</LastChange>
        <TranskribusMetadata docId="1429069" pageId="55435227" pageNr="27" tsid="132844028" status="IN_PROGRESS" userId="64420" imgUrl="https://files.transkribus.eu/Get?id=BZPWDUHFUOWJNDFQKUYGICXD&amp;fileType=view" xmlUrl="https://files.transkribus.eu/Get?id=YQDRDFJWRJXAGOLREZEXNXTD" imageId="44709217"/>
    </Metadata>
    <Page imageFilename="1429069_0027.jpg" imageWidth="3960" imageHeight="5384">
        <ReadingOrder>
            <OrderedGroup id="ro_1711798909026" caption="Regions reading order">
                <RegionRefIndexed index="0" regionRef="tr_1"/>
                <RegionRefIndexed index="1" regionRef="tr_2"/>
            </OrderedGroup>
        </ReadingOrder>
        <TextRegion id="tr_1" custom="readingOrder {index:0;}">
            <Coords points="561,188 3635,188 3635,2731 561,2731"/>
            <TextLine id="tr_1_tl_1" custom="readingOrder {index:0;}">
                <Coords points="906,346 938,349 951,333 983,330 999,314 1063,307 1108,266 1130,269 1124,125 1021,118 900,125"/>
                <Baseline points="919,238 1008,244 1098,244 1134,250"/>
                <TextEquiv>
                    <Unicode>H.J.</Unicode>
                </TextEquiv>
            </TextLine>
            <TextLine id="tr_1_tl_2" custom="readingOrder {index:1;}">
                <Coords points="1908,800 1956,800 2001,823 2033,813 2094,845 2126,826 2212,826 2212,707 2132,682 2097,707 2058,682 2023,685 1988,656 1905,666"/>
                <Baseline points="1927,793 2017,799 2107,799 2196,799 2220,793"/>
                <TextEquiv>
                    <Unicode>24 -</Unicode>
                </TextEquiv>
            </TextLine>
            <TextLine id="tr_1_tl_3" custom="readingOrder {index:2;}">
                <Coords points="1117,1303 1908,1306 2158,1261 2250,1309 2462,1268 2462,1108 2081,1162 1969,1120 1117,1149"/>
                <Baseline points="1134,1253 1223,1259 1313,1259 1402,1259 1492,1265 1581,1259 1671,1265 1760,1259 1850,1259 1939,1259 2029,1259 2118,1259 2208,1259 2298,1259 2387,1259 2471,1259"/>
                <TextEquiv>
                    <Unicode>Wieso, wenn ich fragen darf?</Unicode>
                </TextEquiv>
            </TextLine>
            <TextLine id="tr_1_tl_4" custom="readingOrder {index:3;}">
                <Coords points="554,1309 589,1303 672,1332 720,1306 794,1348 816,1341 877,1364 871,1130 765,1168 730,1152 653,1178 608,1159 551,1178"/>
                <Baseline points="573,1259 662,1259 752,1259 841,1265 883,1271"/>
                <TextEquiv>
                    <Unicode>Scaev:</Unicode>
                </TextEquiv>
            </TextLine>
            <TextLine id="tr_1_tl_5" custom="readingOrder {index:4;}">
                <Coords points="563,1562 647,1553 659,1540 675,1549 723,1543 772,1565 832,1549 829,1421 752,1412 679,1444 631,1418 560,1418"/>
                <Baseline points="578,1486 668,1492 758,1492 841,1498"/>
                <TextEquiv>
                    <Unicode>Wirt:</Unicode>
                </TextEquiv>
            </TextLine>
            <TextLine id="tr_1_tl_6" custom="readingOrder {index:5;}">
                <Coords points="1104,1553 3630,1527 3630,1444 3304,1373 2622,1447 1104,1402"/>
                <Baseline points="1122,1486 1211,1486 1301,1486 1390,1492 1480,1492 1569,1486 1659,1486 1748,1486 1838,1486 1927,1486 2017,1486 2107,1486 2196,1486 2286,1486 2375,1486 2465,1492 2554,1492 2644,1492 2733,1492 2823,1492 2912,1492 3002,1486 3091,1486 3181,1486 3270,1486 3360,1486 3450,1486 3539,1486 3629,1486 3635,1486"/>
                <TextEquiv>
                    <Unicode>Die Geschichte von dem Einbruch, die Du zum besten ge-</Unicode>
                </TextEquiv>
            </TextLine>
            <TextLine id="tr_1_tl_7" custom="readingOrder {index:6;}">
                <Coords points="1104,1706 2535,1697 2647,1677 2647,1527 2218,1569 1834,1524 1633,1601 1402,1530 1104,1604"/>
                <Baseline points="1122,1641 1211,1641 1301,1641 1390,1647 1480,1641 1569,1641 1659,1647 1748,1641 1838,1641 1927,1641 2017,1641 2107,1641 2196,1647 2286,1647 2375,1641 2465,1641 2554,1641 2644,1647 2656,1641"/>
                <TextEquiv>
                    <Unicode>geben hast, war einfach läppisch.</Unicode>
                </TextEquiv>
            </TextLine>
            <TextLine id="tr_1_tl_8" custom="readingOrder {index:7;}">
                <Coords points="554,1886 624,1902 647,1886 723,1895 765,1873 781,1886 864,1882 861,1767 826,1783 797,1783 768,1761 746,1780 711,1770 698,1783 663,1783 627,1770 583,1806 551,1802"/>
                <Baseline points="573,1868 662,1874 752,1874 841,1874 871,1880"/>
                <TextEquiv>
                    <Unicode>Scaev:</Unicode>
                </TextEquiv>
            </TextLine>
            <TextLine id="tr_1_tl_9" custom="readingOrder {index:8;}">
                <Coords points="1104,1892 1194,1879 1252,1927 1364,1886 1540,1934 1565,1924 1565,1789 1521,1770 1460,1802 1322,1780 1264,1818 1172,1802 1104,1767"/>
                <Baseline points="1122,1868 1211,1874 1301,1874 1390,1868 1480,1868 1569,1874 1575,1874"/>
                <TextEquiv>
                    <Unicode>Läppisch?</Unicode>
                </TextEquiv>
            </TextLine>
            <TextLine id="tr_1_tl_10" custom="readingOrder {index:9;}">
                <Coords points="1104,2151 3512,2142 3435,2023 1104,2023"/>
                <Baseline points="1122,2089 1205,2101 1295,2101 1384,2101 1474,2101 1563,2101 1653,2107 1742,2101 1832,2101 1922,2107 2011,2101 2101,2101 2190,2101 2280,2101 2369,2101 2459,2101 2548,2101 2638,2101 2727,2101 2817,2101 2906,2101 2996,2101 3085,2101 3175,2101 3265,2101 3354,2101 3444,2101 3521,2107"/>
                <TextEquiv>
                    <Unicode>Jawol. Vollkommen unglaubwürdig. Das Brüllen allein</Unicode>
                </TextEquiv>
            </TextLine>
            <TextLine id="tr_1_tl_11" custom="readingOrder {index:10;}">
                <Coords points="563,2158 595,2167 634,2138 643,2148 688,2145 743,2161 781,2151 797,2167 836,2161 832,2042 788,2052 759,2030 746,2046 733,2036 717,2049 698,2046 637,2004 608,2020 557,2017"/>
                <Baseline points="578,2101 668,2107 758,2107 841,2113"/>
                <TextEquiv>
                    <Unicode>Wirt:</Unicode>
                </TextEquiv>
            </TextLine>
            <TextLine id="tr_1_tl_12" custom="readingOrder {index:11;}">
                <Coords points="1111,2292 1181,2270 1322,2292 1437,2263 1633,2331 1735,2311 1735,2145 1409,2183 1354,2148 1306,2174 1229,2167 1197,2138 1111,2148"/>
                <Baseline points="1128,2256 1217,2256 1307,2256 1396,2256 1486,2256 1575,2256 1665,2256 1742,2262"/>
                <TextEquiv>
                    <Unicode>thut’s nicht.</Unicode>
                </TextEquiv>
            </TextLine>
            <TextLine id="tr_1_tl_13" custom="readingOrder {index:12;}">
                <Coords points="1111,2555 1252,2587 1661,2500 1783,2497 1828,2535 1908,2494 2234,2497 2234,2427 1889,2385 1527,2449 1457,2398 1111,2427"/>
                <Baseline points="1128,2489 1169,2489 1259,2489 1348,2483 1438,2489 1528,2489 1617,2489 1707,2489 1796,2489 1886,2483 1975,2483 2065,2483 2154,2489 2244,2483"/>
                <TextEquiv>
                    <Unicode>Ich habe nicht gebrüllt.</Unicode>
                </TextEquiv>
            </TextLine>
            <TextLine id="tr_1_tl_14" custom="readingOrder {index:13;}">
                <Coords points="544,2491 599,2510 656,2497 679,2510 717,2503 733,2513 791,2513 845,2497 845,2423 743,2430 723,2417 653,2430 595,2379 576,2391 544,2388"/>
                <Baseline points="561,2489 650,2489 740,2489 829,2489 853,2489"/>
                <TextEquiv>
                    <Unicode>Scaev:</Unicode>
                </TextEquiv>
            </TextLine>
            <TextLine id="tr_1_tl_15" custom="readingOrder {index:14;}">
                <Coords points="1092,2791 3617,2747 3617,2644 3502,2609 1092,2641"/>
                <Baseline points="1110,2715 1116,2715 1205,2715 1295,2709 1384,2715 1474,2715 1563,2715 1653,2715 1742,2715 1832,2715 1922,2715 2011,2715 2101,2715 2190,2715 2280,2715 2369,2715 2459,2709 2548,2709 2638,2715 2727,2715 2817,2715 2906,2715 2996,2715 3085,2709 3175,2715 3265,2721 3354,2721 3444,2715 3533,2715 3623,2703"/>
                <TextEquiv>
                    <Unicode>Du brüllst ja immer. Es wird wahrhaftig notwendig wer-</Unicode>
                </TextEquiv>
            </TextLine>
            <TextLine id="tr_1_tl_16" custom="readingOrder {index:15;}">
                <Coords points="544,2772 586,2759 627,2779 688,2769 714,2788 768,2788 832,2769 829,2651 791,2663 755,2663 739,2651 685,2663 615,2644 541,2654"/>
                <Baseline points="561,2709 650,2715 740,2715 829,2721 841,2721"/>
                <TextEquiv>
                    <Unicode>Wirt:</Unicode>
                </TextEquiv>
            </TextLine>
        </TextRegion>
        <TextRegion id="tr_2" custom="readingOrder {index:1;}">
            <Coords points="567,2815 3658,2815 3658,4504 567,4504"/>
            <TextLine id="tr_2_tl_1" custom="readingOrder {index:0;}">
                <Coords points="1104,2904 3621,2888 3518,2750 3214,2843 2948,2750 2670,2833 1104,2779"/>
                <Baseline points="1122,2865 1211,2871 1301,2871 1390,2871 1480,2865 1569,2865 1659,2865 1748,2865 1838,2865 1927,2865 2017,2865 2107,2865 2196,2865 2286,2871 2375,2865 2465,2865 2554,2865 2644,2865 2733,2865 2823,2871 2912,2871 3002,2871 3091,2865 3181,2871 3270,2871 3360,2871 3450,2871 3539,2871 3629,2871"/>
                <TextEquiv>
                    <Unicode>den, dass ich die Sachen mit Euch einstudire. Auf Eure</Unicode>
                </TextEquiv>
            </TextLine>
            <TextLine id="tr_2_tl_2" custom="readingOrder {index:1;}">
                <Coords points="1098,3054 3576,3044 3576,2939 1098,2939"/>
                <Baseline points="1116,3014 1205,3020 1295,3020 1384,3026 1474,3026 1563,3020 1653,3020 1742,3026 1832,3020 1922,3026 2011,3026 2101,3026 2190,3026 2280,3026 2369,3020 2459,3020 2548,3020 2638,3026 2727,3026 2817,3026 2906,3020 2996,3020 3085,3020 3175,3026 3265,3026 3354,3026 3444,3026 3533,3026 3581,3026"/>
                <TextEquiv>
                    <Unicode>Einfälle kann man sich nicht verlassen. Henri ist der</Unicode>
                </TextEquiv>
            </TextLine>
            <TextLine id="tr_2_tl_3" custom="readingOrder {index:2;}">
                <Coords points="1108,3252 1143,3246 1191,3275 1284,3275 1303,3291 1329,3265 1409,3275 1434,3259 1492,3291 1553,3278 1549,3099 1505,3086 1405,3134 1335,3105 1178,3121 1104,3099"/>
                <Baseline points="1122,3175 1211,3175 1301,3181 1390,3181 1480,3181 1557,3175"/>
                <TextEquiv>
                    <Unicode>Einzige -</Unicode>
                </TextEquiv>
            </TextLine>
            <TextLine id="tr_2_tl_4" custom="readingOrder {index:3;}">
                <Coords points="1092,3467 3563,3496 3601,3294 1092,3316"/>
                <Baseline points="1110,3414 1193,3408 1283,3408 1372,3408 1462,3408 1551,3414 1641,3408 1730,3408 1820,3408 1910,3408 1999,3414 2089,3408 2178,3414 2268,3408 2357,3408 2447,3408 2536,3408 2626,3408 2715,3414 2805,3408 2894,3408 2984,3408 3074,3408 3163,3408 3253,3414 3342,3408 3432,3408 3521,3408 3611,3408"/>
                <TextEquiv>
                    <Unicode>Henri und immer Henri. Henri ist ein Coulissenreisser.</Unicode>
                </TextEquiv>
            </TextLine>
            <TextLine id="tr_2_tl_5" custom="readingOrder {index:4;}">
                <Coords points="551,3502 595,3509 615,3499 637,3512 695,3502 743,3521 826,3464 852,3461 852,3333 788,3313 730,3336 691,3300 669,3310 634,3288 551,3310"/>
                <Baseline points="567,3414 656,3414 746,3414 835,3414 859,3420"/>
                <TextEquiv>
                    <Unicode>Scaev:</Unicode>
                </TextEquiv>
            </TextLine>
            <TextLine id="tr_2_tl_6" custom="readingOrder {index:5;}">
                <Coords points="1092,3637 3579,3605 3534,3486 1092,3473"/>
                <Baseline points="1110,3563 1199,3557 1289,3557 1378,3563 1468,3563 1557,3563 1647,3563 1736,3563 1826,3563 1916,3563 2005,3563 2095,3563 2184,3563 2274,3563 2363,3563 2453,3563 2542,3563 2632,3557 2721,3563 2811,3563 2900,3563 2990,3563 3079,3563 3169,3563 3259,3563 3348,3563 3438,3563 3527,3563 3587,3569"/>
                <TextEquiv>
                    <Unicode>Der Einbruch von gestern war ein Meisterstück. So was</Unicode>
                </TextEquiv>
            </TextLine>
            <TextLine id="tr_2_tl_7" custom="readingOrder {index:6;}">
                <Coords points="1098,3793 3614,3825 3614,3659 3473,3630 1098,3637"/>
                <Baseline points="1116,3724 1205,3718 1295,3718 1384,3718 1474,3718 1563,3718 1653,3718 1742,3718 1832,3718 1922,3718 2011,3718 2101,3718 2190,3724 2280,3724 2369,3718 2459,3718 2548,3718 2638,3718 2727,3718 2817,3718 2906,3718 2996,3718 3085,3718 3175,3718 3265,3724 3354,3718 3444,3724 3533,3718 3623,3718"/>
                <TextEquiv>
                    <Unicode>bringt Henri sein Lebtag nicht zusammen. - Wenn ich Dir</Unicode>
                </TextEquiv>
            </TextLine>
            <TextLine id="tr_2_tl_8" custom="readingOrder {index:7;}">
                <Coords points="1092,3938 3573,3902 3573,3822 3393,3777 1092,3793"/>
                <Baseline points="1110,3867 1199,3873 1289,3873 1378,3873 1468,3873 1557,3873 1647,3879 1736,3879 1826,3879 1916,3873 2005,3879 2095,3873 2184,3873 2274,3873 2363,3873 2453,3873 2542,3873 2632,3873 2721,3873 2811,3873 2900,3873 2990,3873 3079,3873 3169,3873 3259,3873 3348,3873 3438,3873 3527,3873 3581,3873"/>
                <TextEquiv>
                    <Unicode>nicht genüge, mein Lieber, so geh' ich einfach zu ei-</Unicode>
                </TextEquiv>
            </TextLine>
            <TextLine id="tr_2_tl_9" custom="readingOrder {index:8;}">
                <Coords points="1085,4069 3438,4075 3509,3986 1085,3989"/>
                <Baseline points="1104,4035 1187,4029 1277,4023 1366,4023 1456,4029 1545,4029 1635,4029 1725,4029 1814,4029 1904,4029 1993,4029 2083,4029 2172,4029 2262,4029 2351,4029 2441,4029 2530,4029 2620,4029 2709,4023 2799,4029 2888,4029 2978,4029 3068,4029 3157,4029 3247,4029 3336,4029 3426,4029 3515,4029"/>
                <TextEquiv>
                    <Unicode>nem ordentlichen Theater. Hier ist ja doch nur eine</Unicode>
                </TextEquiv>
            </TextLine>
            <TextLine id="tr_2_tl_10" custom="readingOrder {index:9;}">
                <Coords points="1079,4242 3416,4242 3653,4203 3653,4062 3243,4146 1079,4085"/>
                <Baseline points="1098,4178 1187,4184 1277,4178 1366,4178 1456,4178 1545,4184 1635,4184 1725,4184 1814,4184 1904,4184 1993,4184 2083,4184 2172,4184 2262,4184 2351,4184 2441,4178 2530,4178 2620,4184 2709,4184 2799,4184 2888,4184 2978,4178 3068,4178 3157,4178 3247,4178 3336,4178 3426,4184 3515,4184 3605,4184 3658,4184"/>
                <TextEquiv>
                    <Unicode>Schmiere...... Ah...... :Bemerkt Grain: Wer ist denn das?</Unicode>
                </TextEquiv>
            </TextLine>
            <TextLine id="tr_2_tl_11" custom="readingOrder {index:10;}">
                <Coords points="1104,4402 3368,4427 3496,4274 1104,4302"/>
                <Baseline points="1122,4345 1175,4339 1265,4339 1354,4339 1444,4339 1534,4345 1623,4339 1713,4339 1802,4339 1892,4345 1981,4345 2071,4339 2160,4339 2250,4339 2339,4339 2429,4339 2518,4339 2608,4339 2697,4339 2787,4339 2877,4339 2966,4333 3056,4333 3145,4333 3235,4339 3324,4339 3414,4339 3503,4339"/>
                <TextEquiv>
                    <Unicode>.... Der gehört ja nicht zu uns? Haft Du vielleicht</Unicode>
                </TextEquiv>
            </TextLine>
            <TextLine id="tr_2_tl_12" custom="readingOrder {index:11;}">
                <Coords points="1076,4597 2026,4603 2273,4507 3204,4610 3409,4581 3409,4405 1076,4443"/>
                <Baseline points="1092,4488 1181,4494 1271,4494 1360,4494 1450,4494 1539,4494 1629,4494 1719,4494 1808,4494 1898,4494 1987,4494 2077,4494 2166,4494 2256,4494 2345,4494 2435,4494 2524,4494 2614,4494 2703,4494 2793,4494 2883,4488 2972,4488 3062,4488 3151,4488 3241,4494 3330,4494 3414,4494"/>
                <TextEquiv>
                    <Unicode>einen Neuen engagirt? Was hat der Kerl für Maske?</Unicode>
                </TextEquiv>
            </TextLine>
        </TextRegion>
    </Page>
</PcGts>
