4232 5480
1718 281 2444 556 Votre très obéissant et de la nouvelle ses
3003 322 3435 518 1.° ̃ 1.„ 2.’ 1.
2207 423 2719 540 1 „ „ / „ —
3783 262 4042 565 14/1
2258 717 2558 931 58 -
1503 1178 3906 1396 :verlegen: Ich bin höchst geschmeichelt, Frau Mar¬
906 1282 1235 1402 Albin:
1481 1367 1790 1572 quise.
1487 1588 3688 1869 :zu Rollin: Was für ein lieber kleiner Junge.
903 1626 1143 1771 Sév:
1468 1844 3991 1983 Ah, Séverine, Sie haben noch nie einen Mann kennen ge-
913 1895 1285 2068 Rollin:
1468 1967 3262 2172 lernt, der Jhnen nicht gefallen hätte.
1481 2248 3584 2434 Oh doch; den hab' ich auch gleich geheiratet.
919 2248 1137 2460 Sév:
1468 2475 3988 2662 Oh, Séverine, ich fürchte immer - es gibt sogar Momen-
906 2504 1282 2690 Rollin:
1487 2655 3584 2794 te, wo Ihnen Ihr eigener Mann gefährlich ist.
1452 2848 3994 3066 :bringt Wein: Da habt Jhr! ich wollte, es wäre Gift,
894 2873 1200 3063 Wirt:
1475 3022 3928 3186 aber es ist vorläufig noch nicht gestattet, Euch Ca-
1471 3176 2608 3366 naillen das vorzusetzen.
1481 3382 2807 3612 Wird schon kommen, Prospère.
887 3432 1244 3618 Frane:
1497 3568 3865 3817 : zu Rollin: Was ist's mit diesen beiden hübschen
906 3656 1149 3862 Sév:
1468 3783 3988 4016 Mädchen? Varum kommen sie nicht näher? Wenn wir schon
1481 3956 3887 4095 einmal da sind, will ich alles mitmachen. Ich finde
227 4007 477 4228 :ntel
1475 4121 3682 4222 überhaupt, dass es hier höchst gesittet zugeht.
1468 4316 2943 4471 Haben Sie nur Geduld, Séverine.
884 4338 1238 4506 Marqu:
306 4332 486 4632 Votre
1983 4430 2239 4600 2
1481 4582 3997 4755 Auf der Strasse, find' ich, unterhält man sich in der
811 4613 1165 4730 Sév:
