4072 5400
2017 587 2315 847 16
1230 1095 3693 1293 vetät meiner Künstler, als die Stimmung meines Publi-
1220 1305 2234 1509 kums darunter leiden.
1211 1484 3583 1694 Sie haben Recht, Herr Prospere, ich werde mich ent-
649 1512 1067 1691 Commiss:
1211 1682 3552 1879 fernen und als eleganter junger Mann wiederkehren.
624 1785 963 2077 Wirt:
1208 1892 3655 2086 Das wird Jhnen leicht sein, Herr Commissär, auch als
1192 2096 3712 2265 Halunko sind Sie mir willkommen - das würde nicht auf-
1208 2250 2752 2406 fallen - nur nicht als Commissär.
628 2419 1026 2636 Commiss
1199 2466 1908 2648 Adieu. :Geht:
621 2670 907 2833 Wirt:
1205 2679 3671 2861 :verbeugt sich: Wann wird der gesegnete Tag kommen,
1211 2846 2836 3006 wo ich Dich und Deinesgleichen....
618 3078 1026 3238 Commiss:
1211 3050 3690 3260 :trifft in der Thür mit Grain zusammen, der äusserst
1180 3247 3479 3370 zerlumpt ist und erschrickt, wie er den Commissär
1183 3401 3605 3530 sieht. Dieser misst ihn zuerst, lächelt dann, wendet
1189 3552 3439 3762 sich verbindlich zu Prospere: Schon einer Ihrer
1177 3699 2064 3872 Künstler?.... :Ab:
596 3903 919 4116 Grain:
1173 3884 3360 4179 :spricht weinerlich, pathetisch: Guten Abend.
606 4151 872 4295 Wirt:
1173 4148 3552 4320 :nachdem er ihn lang angesehen: | Venn Du Einer von
1139 4236 3479 4458 meiner Truppe bist, so will ich Dir meine Anerken-
1145 4443 3451 4669 nung nicht versagen, denn ich erkenne Dich nicht.
