4264 5512
2083 733 2406 972 73
1366 1076 3695 1392 Noch tausend andere schöne Männer laufen in Paris
1395 1370 2571 1563 herum - ob der oder der -
1405 1560 3860 1728 Möge es allen so gehen, die uns unsere Weiber nehmen.
837 1615 1160 1802 Balth:
1405 1818 3172 2035 Allen, die uns nehmen, was uns gehört!
837 1841 1179 2022 Scaev:
1408 2025 3288 2235 :sum Wirt: Das sind aufreizende Reden.
830 2103 1137 2274 Comr:
1402 2290 3734 2426 Es ist erschreckend.... die Leute meinen es ernst.
830 2319 1166 2487 Albin:
1418 2506 3976 2658 Nieder mit den Eucherern von Frankreich? Wollen wir wet
859 2568 1163 2723 Scaev:
1437 2600 3805 2842 ten, dass der Kerl, den er bei seiner Frau erwischt
1408 2787 3886 2975 hat, wieder einer von den verfluchten Kerlen war, die
1389 2952 3036 3152 uns auch um unser Brot bestehlen!"
1421 3182 2710 3392 Ich schlage vor, wir gehen.
837 3236 1185 3372 Albin:
1418 3469 2087 3618 Henri! Henri!
853 3511 1108 3650 Sév:
1424 3689 2119 3886 Aber Marquise!
846 3698 1221 3882 Marqu:
1424 3840 3805 4050 Bitte, lieber Marquis, fragen Sie den Mann, wie er
866 3937 1121 4144 Sév:
1437 4002 3960 4241 seine Frau erwischt hat.... oder ich frag' ihn selbst.
1431 4296 4025 4512 nach Wehren: Sagen Sie, Henri, wie ist es Jhnen denn
849 4338 1192 4522 Marqu:
1431 4461 2859 4661 gelungen, die Zwei abzufassen?
