4008 5480
2666 256 3215 512 V. M. I. p. II.
3573 287 3804 441 H. J.
2204 274 2420 533 H.
1748 302 1957 546 G.C.P.
1856 660 2149 851 50 -
1045 1153 3489 1329 Chartres, so möcht' ich gern ein solcher Komödiant -
1070 1322 1831 1535 ein solcher....
1076 1510 2441 1772 Wie Alexander der Grosse.....
635 1554 854 1791 min:
1057 1751 3418 1939 Ja - wie Alexander der Grosse. :zu Flipotte: Gib
657 1806 879 2022 zog:
1076 1923 3360 2099 mir meinen Degen. :Er steckt ihn in die Scheide.
1082 2065 3554 2263 Langsam: Es ist doch die schönste Art, sich über die
1076 2250 3360 2463 Welt lustig zu machen; Einer, der uns vorspielen
1076 2429 3243 2558 kann, was er will, ist doch mehr als wir alle.
1036 2780 2420 2984 :betrachtet ihn verwundert:
1051 3073 3499 3234 Denken Sie nicht nach über das, was ich sage: Es ist
616 3073 851 3320 zog:
1042 3224 3428 3449 alles nur im selben Augenblick wahr.- Auf Wiederse-
1039 3443 1279 3570 hen!
1060 3634 2722 3816 Gib mir einen Kuss, bevor Du gehst!
1051 3884 1517 4023 Mir auch!
1094 4075 3446 4242 :sie hängen sich an ihn, der Herzog küsst beide um
1051 4251 2472 4439 und geht.- Währenddem:
1054 4476 2404 4676 Ein wunderbarer Mensch!....
669 4482 838 4735 An:
