4088 5368
806 127 1041 295 xx
2371 136 2955 397 F.TrubyKing. Aug 1st May 9
635 1047 943 1257 Wirt:
1228 1041 3501 1323 Wann wird denn endlich die Deine erscheinen, von
1225 1241 2257 1377 der Du immer erzälst?
1219 1419 3605 1606 Wir brauchen keine mehr. Die Zeit zu Thaten ist ge-
670 1447 1047 1654 Grasset:
1206 1634 3574 1774 kommen. Ein Schuft, der heute in seinen vier Wänden
1216 1727 3374 1926 sitzt. Wer ein Mann ist, muss auf die Strasse!
638 1904 1019 2180 Lebrêt:
1212 1952 1853 2152 Bravo, bravo!
632 2247 1051 2441 Grasset:
1206 2222 3472 2390 In Toulon haben sie den Bürgermeister umgebracht
1241 2371 3545 2545 der die Steuerumlagen unterzeichnet hat, in Bri-
1076 2526 3624 2707 Gegenolles haben sie ein Dutzend Häuser geplündert.....
1184 2714 3517 2898 nur wir in Paris sind noch immer die Langweiligen
1184 2837 2625 3034 und lassen uns alles gefallen.
622 3075 930 3256 Wirt:
1187 3094 2853 3291 Das kann man doch nicht mehr sagen.
609 3323 978 3488 Lebrêt:
1200 3269 3501 3444 :der immer getrunken hat: Auf, Ihr Bürger, auf:
1181 3513 3539 3704 Auf!.... Sperre Deine Bude und komm jetzt mit uns!
622 3551 1051 3701 Grasset:
606 3761 898 3945 Wirt:
1171 3780 2755 3958 Ich komme schon, wenn's Zeit ist.
593 3996 1031 4234 Grasset:
1152 3993 3212 4221 Ja freilich, wenn's keine Gefahr mehr gibt.
1139 4243 3561 4459 Mein Lieber, ich liebe die Freiheit wie Du - aber
584 4243 889 4472 Wirt:
1158 4389 2695 4570 vor allem hab' ich meinen Beruf.
