4120 5320
1984 495 2240 850 82
1195 1067 3645 1259 Jetzt brauchst Du Dich nicht mehr zu fürchten, jetzt
575 965 952 1284 Wirt:
1189 1259 3671 1451 kannst Du's in die Welt hinausschreien. Ich hätte Dir
1201 1425 3665 1642 schon vor einer Stunde sagen können, dass sie die Ge-
1189 1569 3661 1732 liebte des Herzogs ist. Bei Gott, ich bin nahe daran
1195 1703 3764 1891 gewesen, Dir’s zu sagen.... Sie, schreiender Bimastein,
1208 1863 2738 2093 nicht wahr, wir haben's gewusst?
613 2083 994 2307 Henri:
1189 2086 3262 2320 Wer hat sie gesehen? Wo hat man sie gehehen?
1189 2323 3677 2511 Vas kümmert Dich das jetzt! Er ist ja verrückt.... Du
620 2345 911 2540 Wirt:
1179 2473 3617 2719 hast ihn umgebracht, mehr kannst Du doch nicht thun.
716 2562 885 2735 G.C.F.P
1195 2700 3668 2946 Um Himmelswillen, so ist es wirklich wahr oder nichts
607 2713 933 2930 Frano:
1182 2927 1965 3182 Ja, es ist wahr!
578 2962 930 3150 Wirt:
1182 3169 3639 3348 Henri - Du sollst von nun an mein Freund sein.
639 3185 1026 3406 Grasset:
2473 3342 2882 3540 omstel-
1176 3326 2355 3486 die  erklärt! es leur die
1169 3553 2262 3761 Henri, reden Sie doch!
591 3556 987 3767 Frans:
2345 3709 3054 3856 sich da draussam
3265 3719 3483 3860 Dinge
1371 3741 1601 3856 V.S.
1176 3815 3681 4019 Sie war seine Gelebte? Sie war die Geliebte des Her-
578 3786 965 4019 Henri:
1195 3876 3761 4211 zogst Ich hab' es nicht gevusst... er lebt....er lebt.-
1355 4147 2773 4409 :Ungeheure Bewegung:
1441 4393 2086 4601 Sie sich xxx
