4024 5464
1850 589 2225 747 - 44 -
1145 1032 3473 1180 Warum unheimlich? Mich beruhigt das sehr. Solange
634 1035 905 1193 Frane:
1142 1151 3541 1352 das Gesindel zu Spässen aufgelegt ist, kommt's doch
1129 1326 2147 1555 nicht zu was Ernstem.
152 1445 365 1649 "Middi
1135 1484 3428 1740 Es sind nur gar zu sonderbare Witze. Da hab' ich
608 1555 944 1817 Herzog:
1129 1701 3567 1892 heut wieder eine Sache erfahren, die gibt zu denken.
1142 1940 1724 2115 Erzälen Sie.
556 1898 886 2102 Frane :
598 2215 863 2390 Elip:
1129 2241 2370 2445 Ja, erzäle, siisser Herzog!
634 2377 844 2500 ich:
1135 2590 2063 2781 Kennen Sie Lelange?
650 2535 928 2784 erzog:
210 2733 420 2988 Ridl.
1125 2791 3509 2962 Freilich - das Dorf....der Marquis von Montferrat
650 2778 902 3017 rane :
1129 2988 2923 3121 hat dort eine seiner schönsten Jagden.
1145 3172 3547 3370 Ganz richtig; mein Bruder ist jetzt bei ihm auf dem
689 3211 954 3373 rzog:
204 3273 433 3389 :sikolle
1129 3353 3405 3528 Schloss und der schreibt mir eben die Sache, die
1142 3496 3502 3661 ich Jhnen erzälen will. Jn Lelange haben sie einen
1129 3667 2939 3868 Bürgermeister, der sehr unbeliebt ist.
1135 3916 3534 4087 Wenn Sie mir einen nennen können, der beliebt ist -
705 3893 899 4113 sane :
1099 4120 3441 4252 Hören Sie nur.- Da sind die Frauen des Dorfes vor
689 4142 954 4333 rzog:
1135 4256 3729 4485 das Haus des Bürgermeisters gezogen - mit einem Sarg...
