3992 5368
1863 565 2210 776 19 -
1105 1031 1685 1246 Ihre Tante?
559 1077 832 1255 Wirt:
1111 1270 3501 1467 Jawol - sie stand mir näher, als sonst Tanten ihren
562 1316 856 1498 Grain:
1105 1445 3495 1648 Neffen zu stehen pflegen. Es waren sonderbare Fami-
1105 1608 3532 1758 lienverhältnisse......ich war verbittert, höchst ver-
1105 1746 2906 1906 bittert. Darf ich Ihnen davon erzälen?
1111 1982 3492 2188 Erzülen Sie immerhin, wir werden vielleicht ein Ge-
559 2013 819 2124 Wirt:
1111 2157 2667 2360 schäft miteinander machen können.
1111 2375 3440 2501 Meine Schwester war noch ein halbes Kind, als sie
555 2329 847 2578 Grain:
1123 2529 3501 2700 aus dem Hause lief - und was glauben Sie - mit wem?
1105 2737 2308 2934 Es ist schwer zu erraten.
565 2774 829 2897 Wirt:
1099 2918 3566 3145 Mit ihrem Onkel. Und der hat sie sitzen lassen - mit
559 3029 875 3139 Grain:
1111 3170 1645 3327 einem Kind.
1111 3323 2765 3508 Mit einem ganzen - will ich hoffen.
559 3379 829 3514 Wirt:
1099 3612 3492 3750 Es ist unzart von Jhnen, Bürger Prospere, über sol-
559 3627 859 3830 Grain:
1105 3781 2154 3922 che Dinge zu scherzen.
1111 3996 3538 4146 Ich will Jhnen was sagen, Sie schreiender Bimsstein.
577 3986 829 4131 Wirt:
1092 4158 3437 4299 Ihre Familiengeschichten langweilen mich. Glauben
1092 4299 3431 4453 Sie, ich bin dazu da, mir von jedem hergelaufenen
1102 4431 3557 4615 Lumpen erzälen zu lassen, wen er umgebracht hat? Was
