4088 5400
2095 739 2370 882 10 -
676 1163 995 1337 Wirt:
1245 1160 2146 1340 Nicht um die Welt!
670 1406 1081 1583 Grasset:
1283 1381 3672 1589 :leicht: Warum? - Es könnt' vielleicht noch Einer
1242 1558 2620 1735 neben Deinem Henri aufkommen.
683 1754 964 2003 Wirt:
1236 1801 3527 2000 Abgesehen davon... ich hätte Angst, dass Du Dich
1236 1962 3536 2101 einmal vergessen könntest - und über einen meiner
1226 2101 2828 2285 zalenden Gäste im Ernst herfielst.
670 2297 1071 2487 Grasset:
1255 2335 3419 2550 :geschmeichelt: Das wäre allerdings möglich.-
654 2550 929 2721 Wirt:
1213 2579 3192 2762 Ich. ich hab' mich doch in der Gewalt.
641 2765 1065 2967 Grasset:
1204 2793 3599 2951 Wahrhaftig, Prospere, ich muss sagen, dass ich Dich
1204 2999 3451 3144 wegen Deiner Selbstbeherrschung bewundern würde,
1201 3125 3495 3255 wenn ich nicht zufällig wüsste, dass Du ein Feig-
1188 3230 1684 3425 ling bist.
610 3482 913 3593 Wirt:
1188 3501 3593 3710 Ach, mein Lieber, mir genügt das, was ich in meinem
1188 3669 3647 3836 Fach leisten kann. Es macht mir Vergnügen genug, den
1176 3811 3631 4016 Kerlen meine Meinung ins Gesicht sagen zu können und
1176 4004 3631 4174 sie zu beschimpfen nach Herzenslust - während sie es
1182 4130 3558 4320 für Scherz halten. Es ist auch eine Art, seine Vut
1163 4272 3704 4478 loszuwerden. - :zieht einen Dolch, lässt ihn funkeln:
604 4487 970 4607 Lebret:
1166 4465 3027 4693 Bürger Prospere, was soll das bedeuten?
