4008 5416
2222 257 2391 453 17
2027 652 2293 839 38 -
1197 1087 2715 1371 auf diese Veise austeben lassen.
1249 1362 3588 1521 :auf Scaevola etc. deutend: Was sind das für ver-
655 1359 970 1573 Albin:
1218 1537 3683 1684 dächtige Subjekte? Sieh nur, wie sie Einen ansehauen.
1231 1671 2660 1877 :Er greift nach seinem Degen:
1249 1907 3591 2057 zieht ihm die Hand weg: Mach' Dich nicht lächer-
649 1901 955 2082 Franc:
1218 2069 3612 2177 lich! Zu den Dreien: Ihr braucht noch nicht anzu-
1206 2210 3545 2385 fangen, wartet, bis mehr Publikum da ist. Zu Al-
1188 2366 3582 2492 bin: Es sind die anständigsten Leute von der Welt,
1200 2522 3554 2703 Schauspieler. Jch garantire Dir, dass Du schon mit
1206 2706 3328 2838 Krgeren Gaunern an einem Tisch gesessen bist.
1200 2917 2743 3064 Aber sie waren besser angezogen.
643 2780 1010 3095 Albin:
652 3144 915 3343 Wirt:
1218 3135 1919 3260 :bringt Wein:
1619 3373 3122 3536 :Michette und Flipotte kommen:
1218 3572 3683 3778 Grüss Euch Gott, Kinder, kommt, setzt Euch da zu uns.
652 3591 955 3784 Franc:
1206 3765 3597 3980 Da sind wir schon. Komm nur, Plipotte. Sie ist noch
664 3845 1096 3970 Michette:
1200 3952 2030 4188 etwas schlichtern.
1206 4179 2394 4365 Guten Abend, junger Herr!
658 4212 1084 4439 Flipotte:
1194 4430 2415 4601 Guten Abend, meine Damen!
634 4414 1001 4650 Albin:
