4072 5384
2012 169 2615 332 „ —„ „ —: 5
1990 575 2301 840 14 -
1184 1080 1969 1286 Komödie spielen.
637 1335 947 1538 Wirt:
1194 1390 3501 1560 Wäre sie bedenklich, Herr Commissär, so hätte ich
1197 1554 3538 1701 nicht mein Publikum - ich kann sagen, das vornehm-
1191 1692 3412 1843 ste Publikum von Paris. Der Vicomte von Nogeant
1184 1821 3399 2006 ist mein täglicher Gast. Der Marquis von Lansac
1181 1972 3424 2190 kommt öfters; und der Herzog von Chartres. Herr
3479 1895 3885 2181 Folge
1181 2153 3525 2304 Commissär, ist der eifrigste Bewunderer meines er-
1181 2301 3381 2433 sten Schauspielers, des berühmten Henri Baston.
612 2516 1024 2639 Commiss:
1184 2507 3476 2673 Wol auch der Kunst oder der Küinste Jhrer Künstle-
1181 2670 1526 2846 rinnen.
615 2873 892 3027 Wirt:
1169 2867 3553 3079 Wenn Sie meine kleinen Künstlerinnen kennen würden,
1154 3085 3436 3209 Herr Commissär, würden Sie das niemandem auf der
1175 3172 1944 3418 Velt übelnehmen.
1154 3384 3452 3599 Genug. Es ist der Behörde berichtet worden, dass
594 3368 1012 3612 Commiss:
1154 3587 3621 3747 die Belustigungen, welche Jhre - wie soll ich sagen
581 3756 892 4008 Wirt:
1151 3775 2818 4070 Das Vort "Künstler" dürfte genügen.
572 4054 975 4184 Commiss:
1141 4076 3448 4236 Joh werde mich zu dem Wort “Subjekte“ entschlies-
1135 4236 3507 4368 sen - dass die Belustigungen, welche Jhre Subjekte
1135 4411 3507 4537 bieten, in jedem Sinne über das Erlaubte hinausge-
1123 4547 3565 4734 hen. Es sollen hier von Jhren - wie soll ich sagen -
