3992 5384
1671 172 1975 389 11. No 11.
2069 172 2364 404 1,7
2464 182 2756 332 1
3138 163 3339 351 II
646 191 962 442 1. ƒ
2521 282 2815 442 1
1894 680 2198 853 22 -
1094 1091 2881 1307 war. Irgendwer wird Sie schon fragen.
1104 1301 3546 1568 Ich danke Ihnen, Bürger Prospere. Und was meine Gage
555 1370 878 1552 Grain:
1104 1546 1649 1737 anbelangt -
1097 1709 3543 1881 Heute gastiren Sie auf Engagement, da kann ich Jhnen
552 1746 840 1934 Wirt:
1094 1919 3496 2100 noch keine Gage zalen. - Sie werden gut zu essen und
1094 2072 3505 2198 gut zu trinken bekommen.... und auf ein paar Francs
1110 2185 3436 2351 für ein Nachtlager soll's mir auch nicht ankommen.
1110 2439 3474 2583 Jch danke Ihnen. Und bei Ihren anderen Mitgliedern
558 2367 881 2580 Grain:
1104 2586 3536 2727 stellen Sie mich einfach als einen Gast aus der Pro-
1122 2718 1542 2900 vinz vor.
1104 2959 3624 3138 Ah nain....denen sagen wir gleich, dass Sie ein wirk-
561 2941 850 3169 Wirt:
1094 3148 3536 3273 licher Mörder sind. Das wird Ihnen viel lieber sein.
1116 3392 3477 3546 Entschuldigen Sie, ich will ja gewiss nichts gegen
567 3386 872 3536 Grain:
1097 3524 3264 3643 mich vorbringen - aber das versteh' ich nicht.
1110 3721 3430 3881 Wenn Sie länger beim Theater sind, werden Sie das
567 3768 815 3912 Wirt:
1104 3878 1828 4063 schon verstehn.
1643 4119 3101 4239 Scaevola und Jules treten ein.
1100 4364 2163 4574 Guten Abend, Direktor!
555 4342 1035 4505 Scaevola:
