4232 5480
1138 273 1307 530 FJ
2213 718 2461 950 56
1420 1226 3919 1411 Und nun hat mir meine Frau keine Ruhe gegeben.... ich
865 1223 1191 1423 Marqu:
1417 1395 2564 1589 musste sie hieherführen.
1420 1618 3586 1803 Also was gibt’s denn da eigentlich Besonderes?
865 1646 1107 1821 Sév:
865 1865 1138 2053 Wirt:
1445 1865 3944 2035 : zu Lansac: Na, bist Du auch da, verdorrter Halunke?
1408 2028 3765 2166 Hast Du Dein Weib mitgebracht, weil sie Dir zuhaus
1420 2160 2549 2364 nicht sicher genug ist?
853 2420 1188 2574 Marqu:
1448 2401 3298 2586 :lacht gezwungen: Er ist ein Original!
1411 2652 3787 2793 Gib nur Acht, dass sie Dir nicht gerade hier wegge-
840 2646 1144 2822 Virt:
1414 2765 3793 2937 fischt wird. Solche vornehme Damen kriegen manchmal
1414 2931 3809 3169 eine verdammte Lust, es mit einem richtigen Strolch
1411 3107 2053 3295 zu versuchen/
1401 3354 2843 3533 Ich leide unsäglich, Sévorine.
837 3333 1210 3442 Rollin:
166 3289 486 3571 ai prou
1401 3527 3891 3778 Mein Kind, ich habe Sie vorbereitet - es ist noch im-
831 3568 1166 3749 Marqu:
1408 3721 2596 3931 mer Zeit, dass wir gehen.
1414 3953 3906 4160 Was wollen Sie denn? Ich finde es reizend. Setzen wir
831 3897 1072 4063 Sév:
1408 4107 2558 4311 uns doch endlich nieder!
1408 4282 3928 4521 Krsuben Sie, Frau Marquise, dass ich Jhnen den Cheva-
818 4314 1163 4452 Frans:
1408 4505 3912 4693 valier de la Tromouille vorstelle. Er ist auch das er-
1401 4605 3790 4825 ste Mal hier. Der Marquis von Lansae, Rollin, unser
