<?xml version="1.0" encoding="UTF-8" standalone="yes"?>
<PcGts xmlns="http://schema.primaresearch.org/PAGE/gts/pagecontent/2013-07-15" xmlns:xsi="http://www.w3.org/2001/XMLSchema-instance" xsi:schemaLocation="http://schema.primaresearch.org/PAGE/gts/pagecontent/2013-07-15 http://schema.primaresearch.org/PAGE/gts/pagecontent/2013-07-15/pagecontent.xsd">
    <Metadata>
        <Creator>prov=READ-COOP:name=TrHtr:version=2.1.0:model_id=51170:date=15_08_2023_09:13</Creator>
        <Created>2023-05-10T15:24:54.709+02:00</Created>
        <LastChange>2023-08-15T09:13:00.305+02:00</LastChange>
        <TranskribusMetadata docId="1429069" pageId="55435364" pageNr="49" tsid="132844053" status="IN_PROGRESS" userId="64420" imgUrl="https://files.transkribus.eu/Get?id=OLFKAKZHKOQNXKQLOUVKDEQQ&amp;fileType=view" xmlUrl="https://files.transkribus.eu/Get?id=BKACRBZXGLSSEHNWSVXKBOJT" imageId="44709354"/>
    </Metadata>
    <Page imageFilename="1429069_0049.jpg" imageWidth="4008" imageHeight="5464">
        <ReadingOrder>
            <OrderedGroup id="ro_1711798983911" caption="Regions reading order">
                <RegionRefIndexed index="0" regionRef="tr_2"/>
                <RegionRefIndexed index="1" regionRef="tr_1"/>
            </OrderedGroup>
        </ReadingOrder>
        <TextRegion id="tr_2" custom="readingOrder {index:0;}">
            <Coords points="656,744 3678,744 3678,2422 656,2422"/>
            <TextLine id="tr_2_tl_1" custom="readingOrder {index:0;}">
                <Coords points="1815,828 1869,832 1901,812 1971,809 2034,844 2209,803 2209,705 2145,708 2111,692 2069,714 1980,720 1936,695 1815,701"/>
                <Baseline points="1833,794 1922,800 2012,800 2101,800 2191,800 2215,794"/>
                <TextEquiv>
                    <Unicode>- 46 —</Unicode>
                </TextEquiv>
            </TextLine>
            <TextLine id="tr_2_tl_2" custom="readingOrder {index:1;}">
                <Coords points="1054,1368 3148,1311 3148,1155 3072,1136 2796,1200 1057,1152"/>
                <Baseline points="1074,1260 1164,1265 1254,1260 1343,1265 1433,1265 1522,1260 1612,1265 1701,1265 1791,1265 1881,1265 1970,1260 2060,1260 2149,1260 2239,1254 2328,1254 2418,1254 2508,1254 2597,1254 2687,1254 2776,1254 2866,1254 2955,1254 3045,1254 3135,1260 3152,1265"/>
                <TextEquiv>
                    <Unicode>Der Chevalier ist ja das erste Mal in Paris.</Unicode>
                </TextEquiv>
            </TextLine>
            <TextLine id="tr_2_tl_3" custom="readingOrder {index:2;}">
                <Coords points="638,1320 746,1368 781,1365 797,1349 866,1352 860,1089 797,1098 755,1120 714,1098 705,1104 666,1073 635,1089"/>
                <Baseline points="656,1271 746,1265 836,1271 871,1271"/>
                <TextEquiv>
                    <Unicode>rane:</Unicode>
                </TextEquiv>
            </TextLine>
            <TextLine id="tr_2_tl_4" custom="readingOrder {index:3;}">
                <Coords points="1111,1542 3593,1508 3593,1384 3326,1330 3012,1428 2780,1327 1111,1425"/>
                <Baseline points="1128,1492 1182,1492 1271,1492 1361,1492 1451,1492 1540,1492 1630,1492 1719,1486 1809,1492 1898,1486 1988,1486 2078,1486 2167,1486 2257,1486 2346,1486 2436,1486 2525,1486 2615,1486 2705,1486 2794,1486 2884,1480 2973,1480 3063,1480 3152,1480 3242,1480 3332,1480 3421,1480 3511,1474 3600,1480"/>
                <TextEquiv>
                    <Unicode>Ja, Sie sind unglaublich jung. Wie alt, wenn man fra-</Unicode>
                </TextEquiv>
            </TextLine>
            <TextLine id="tr_2_tl_5" custom="readingOrder {index:4;}">
                <Coords points="666,1600 746,1593 759,1581 797,1593 876,1561 949,1584 927,1422 895,1415 863,1441 819,1428 806,1441 755,1419 676,1454 647,1447"/>
                <Baseline points="668,1492 758,1498 847,1504 937,1528 949,1528"/>
                <TextEquiv>
                    <Unicode>rzog:</Unicode>
                </TextEquiv>
            </TextLine>
            <TextLine id="tr_2_tl_6" custom="readingOrder {index:5;}">
                <Coords points="1101,1688 1200,1695 1238,1717 1301,1714 1323,1692 1355,1723 1400,1698 1533,1714 1590,1692 1593,1523 1552,1520 1517,1552 1485,1530 1450,1549 1371,1542 1323,1568 1247,1533 1197,1568 1104,1568"/>
                <Baseline points="1122,1654 1152,1654 1242,1648 1331,1642 1421,1642 1510,1642 1600,1648"/>
                <TextEquiv>
                    <Unicode>gen darf?</Unicode>
                </TextEquiv>
            </TextLine>
            <TextLine id="tr_2_tl_7" custom="readingOrder {index:6;}">
                <Coords points="1104,1895 3240,1942 3586,1876 3590,1803 2453,1717 1108,1790"/>
                <Baseline points="1122,1875 1176,1875 1265,1875 1355,1875 1445,1875 1534,1875 1624,1875 1713,1869 1803,1869 1892,1869 1982,1875 2072,1869 2161,1869 2251,1869 2340,1869 2430,1869 2520,1869 2609,1869 2699,1869 2788,1863 2878,1863 2967,1863 3057,1857 3147,1857 3236,1857 3326,1863 3415,1863 3505,1857 3594,1857"/>
                <TextEquiv>
                    <Unicode>Ich sehe nur so jung aus, ich bin schon siebzehn....</Unicode>
                </TextEquiv>
            </TextLine>
            <TextLine id="tr_2_tl_8" custom="readingOrder {index:7;}">
                <Coords points="644,1961 670,1965 701,1936 771,1926 800,1946 816,1939 835,1952 879,1952 876,1796 743,1796 717,1774 641,1780"/>
                <Baseline points="662,1881 752,1881 841,1881 883,1892"/>
                <TextEquiv>
                    <Unicode>bin:</Unicode>
                </TextEquiv>
            </TextLine>
            <TextLine id="tr_2_tl_9" custom="readingOrder {index:8;}">
                <Coords points="1111,2130 3380,2117 3412,1958 1111,2009"/>
                <Baseline points="1128,2107 1182,2107 1271,2107 1361,2107 1451,2107 1540,2101 1630,2101 1719,2101 1809,2101 1898,2101 1988,2101 2078,2101 2167,2101 2257,2096 2346,2096 2436,2096 2525,2090 2615,2090 2705,2096 2794,2096 2884,2096 2973,2096 3063,2096 3152,2090 3242,2090 3332,2090 3421,2090"/>
                <TextEquiv>
                    <Unicode>Siebzehn - wieviel liegt noch vor Jhnen. Ich bin</Unicode>
                </TextEquiv>
            </TextLine>
            <TextLine id="tr_2_tl_10" custom="readingOrder {index:9;}">
                <Coords points="657,2209 686,2209 708,2190 781,2171 844,2193 873,2177 908,2180 908,1990 870,1977 825,2009 812,2003 784,2019 724,1996 705,2006 692,1993 657,1993"/>
                <Baseline points="674,2107 764,2113 853,2113 913,2107"/>
                <TextEquiv>
                    <Unicode>rzog:</Unicode>
                </TextEquiv>
            </TextLine>
            <TextLine id="tr_2_tl_11" custom="readingOrder {index:10;}">
                <Coords points="1124,2279 3501,2285 3666,2276 3669,2152 1127,2190"/>
                <Baseline points="1140,2257 1170,2257 1260,2257 1349,2257 1439,2257 1528,2257 1618,2257 1707,2251 1797,2251 1887,2251 1976,2251 2066,2251 2155,2257 2245,2251 2334,2251 2424,2251 2514,2251 2603,2245 2693,2245 2782,2245 2872,2245 2961,2239 3051,2239 3141,2239 3230,2239 3320,2233 3409,2233 3499,2239 3588,2239 3678,2251"/>
                <TextEquiv>
                    <Unicode>schon vierundzwanzig...... ich fang‘ schon an zu bereuen,</Unicode>
                </TextEquiv>
            </TextLine>
            <TextLine id="tr_2_tl_12" custom="readingOrder {index:11;}">
                <Coords points="1104,2450 3164,2431 3164,2301 2872,2263 1555,2330 1104,2282"/>
                <Baseline points="1122,2412 1200,2412 1289,2412 1379,2412 1469,2406 1558,2412 1648,2406 1737,2406 1827,2406 1916,2406 2006,2406 2096,2406 2185,2406 2275,2400 2364,2400 2454,2400 2543,2394 2633,2394 2723,2400 2812,2394 2902,2394 2991,2394 3081,2394 3170,2388"/>
                <TextEquiv>
                    <Unicode>wieviel von meiner Jugend ich versäumt habe.</Unicode>
                </TextEquiv>
            </TextLine>
        </TextRegion>
        <TextRegion id="tr_1" custom="readingOrder {index:1;}">
            <Coords points="167,2565 3594,2565 3594,4739 167,4739"/>
            <TextLine id="tr_1_tl_1" custom="readingOrder {index:0;}">
                <Coords points="1098,2726 2358,2637 3129,2698 3428,2663 3428,2558 3142,2517 2809,2599 2634,2510 1447,2501 1098,2564"/>
                <Baseline points="1116,2651 1194,2645 1283,2645 1373,2645 1463,2639 1552,2639 1642,2639 1731,2639 1821,2639 1910,2633 2000,2633 2090,2633 2179,2633 2269,2633 2358,2633 2448,2633 2537,2633 2627,2627 2717,2627 2806,2627 2896,2627 2985,2627 3075,2627 3164,2627 3254,2621 3344,2621 3433,2615"/>
                <TextEquiv>
                    <Unicode>:lacht: Das ist gut! Sie, Herzog.....für Sie ist</Unicode>
                </TextEquiv>
            </TextLine>
            <TextLine id="tr_1_tl_2" custom="readingOrder {index:1;}">
                <Coords points="657,2669 806,2666 816,2656 832,2666 851,2656 892,2656 889,2555 866,2552 835,2564 812,2552 778,2574 762,2574 720,2568 705,2552 654,2552"/>
                <Baseline points="674,2645 764,2651 853,2651 895,2651"/>
                <TextEquiv>
                    <Unicode>sane :</Unicode>
                </TextEquiv>
            </TextLine>
            <TextLine id="tr_1_tl_3" custom="readingOrder {index:2;}">
                <Coords points="1104,2844 3374,2850 3504,2825 3504,2720 1104,2736"/>
                <Baseline points="1122,2794 1182,2794 1271,2794 1361,2794 1451,2794 1540,2794 1630,2788 1719,2788 1809,2788 1898,2788 1988,2788 2078,2788 2167,2788 2257,2788 2346,2788 2436,2788 2525,2782 2615,2782 2705,2782 2794,2782 2884,2782 2973,2782 3063,2782 3152,2782 3242,2782 3332,2776 3421,2776 3511,2782"/>
                <TextEquiv>
                    <Unicode>doch jeder Tag verloren, an dem Sie nicht eine Frau</Unicode>
                </TextEquiv>
            </TextLine>
            <TextLine id="tr_1_tl_4" custom="readingOrder {index:3;}">
                <Coords points="1124,2967 1565,3028 2999,2996 3136,2955 3136,2853 1124,2872"/>
                <Baseline points="1140,2955 1170,2949 1260,2949 1349,2949 1439,2949 1528,2949 1618,2943 1707,2943 1797,2949 1887,2943 1976,2949 2066,2943 2155,2949 2245,2943 2334,2943 2424,2943 2514,2943 2603,2943 2693,2943 2782,2943 2872,2938 2961,2938 3051,2938 3141,2938"/>
                <TextEquiv>
                    <Unicode>erobert oder einen Mann totgestochen haben.</Unicode>
                </TextEquiv>
            </TextLine>
            <TextLine id="tr_1_tl_5" custom="readingOrder {index:4;}">
                <Coords points="1111,3196 3453,3244 3456,3075 1111,3104"/>
                <Baseline points="1128,3176 1134,3182 1224,3182 1313,3182 1403,3182 1492,3176 1582,3182 1672,3176 1761,3176 1851,3176 1940,3176 2030,3176 2119,3170 2209,3170 2299,3170 2388,3170 2478,3170 2567,3170 2657,3170 2746,3170 2836,3170 2926,3170 3015,3164 3105,3164 3194,3164 3284,3164 3373,3164 3463,3164"/>
                <TextEquiv>
                    <Unicode>Das Unglück ist nur, dass man beinah nie die Rich-</Unicode>
                </TextEquiv>
            </TextLine>
            <TextLine id="tr_1_tl_6" custom="readingOrder {index:5;}">
                <Coords points="647,3256 714,3263 781,3237 838,3259 854,3247 895,3263 930,3256 924,3101 905,3104 857,3075 806,3088 755,3053 743,3066 711,3059 692,3072 641,3066"/>
                <Baseline points="662,3188 752,3194 841,3194 931,3200"/>
                <TextEquiv>
                    <Unicode>erzog:</Unicode>
                </TextEquiv>
            </TextLine>
            <TextLine id="tr_1_tl_7" custom="readingOrder {index:6;}">
                <Coords points="1120,3386 3075,3393 3475,3348 3478,3259 1124,3263"/>
                <Baseline points="1140,3338 1158,3332 1248,3338 1337,3338 1427,3332 1516,3332 1606,3332 1695,3326 1785,3326 1875,3332 1964,3332 2054,3326 2143,3326 2233,3326 2322,3326 2412,3320 2502,3320 2591,3320 2681,3320 2770,3320 2860,3320 2949,3320 3039,3320 3129,3320 3218,3320 3308,3320 3397,3320 3487,3314"/>
                <TextEquiv>
                    <Unicode>tige erobert - und immer den Unrichtigen totsticht.</Unicode>
                </TextEquiv>
            </TextLine>
            <TextLine id="tr_1_tl_8" custom="readingOrder {index:7;}">
                <Coords points="1101,3507 3482,3494 3475,3409 3136,3371 1104,3415"/>
                <Baseline points="1122,3487 1158,3481 1248,3487 1337,3487 1427,3487 1516,3487 1606,3481 1695,3481 1785,3475 1875,3481 1964,3481 2054,3481 2143,3481 2233,3481 2322,3475 2412,3475 2502,3481 2591,3475 2681,3475 2770,3475 2860,3475 2949,3475 3039,3475 3129,3475 3218,3475 3308,3475 3397,3475 3487,3481"/>
                <TextEquiv>
                    <Unicode>Und so versäumt man seine Jugend doch. Es ist ganz,</Unicode>
                </TextEquiv>
            </TextLine>
            <TextLine id="tr_1_tl_9" custom="readingOrder {index:8;}">
                <Coords points="1124,3691 1317,3745 1492,3691 1663,3723 1892,3659 1892,3558 1758,3583 1720,3561 1650,3596 1466,3545 1415,3564 1342,3526 1285,3555 1124,3561"/>
                <Baseline points="1140,3648 1182,3642 1271,3642 1361,3648 1451,3648 1540,3642 1630,3642 1719,3636 1809,3642 1898,3636"/>
                <TextEquiv>
                    <Unicode>wie Rollin sagt.</Unicode>
                </TextEquiv>
            </TextLine>
            <TextLine id="tr_1_tl_10" custom="readingOrder {index:9;}">
                <Coords points="1124,3932 1336,3935 1565,3888 1609,3910 1698,3891 1742,3932 1901,3916 1904,3777 1603,3789 1323,3745 1216,3783 1127,3770"/>
                <Baseline points="1140,3881 1194,3881 1283,3881 1373,3875 1463,3875 1552,3875 1642,3875 1731,3875 1821,3875 1910,3869"/>
                <TextEquiv>
                    <Unicode>Was sagt Rollin?</Unicode>
                </TextEquiv>
            </TextLine>
            <TextLine id="tr_1_tl_11" custom="readingOrder {index:10;}">
                <Coords points="679,3939 724,3942 743,3916 781,3945 844,3923 917,3920 908,3751 885,3751 863,3777 841,3755 806,3761 768,3748 724,3774 701,3764 670,3774"/>
                <Baseline points="692,3881 782,3887 871,3893 925,3893"/>
                <TextEquiv>
                    <Unicode>sans :</Unicode>
                </TextEquiv>
            </TextLine>
            <TextLine id="tr_1_tl_12" custom="readingOrder {index:11;}">
                <Coords points="1108,4135 3463,4113 3358,3996 1111,4018"/>
                <Baseline points="1128,4114 1140,4108 1230,4108 1319,4108 1409,4108 1498,4108 1588,4108 1678,4102 1767,4102 1857,4102 1946,4102 2036,4102 2125,4102 2215,4096 2305,4096 2394,4096 2484,4102 2573,4096 2663,4096 2752,4096 2842,4096 2932,4096 3021,4096 3111,4090 3200,4090 3290,4090 3379,4090 3469,4084"/>
                <TextEquiv>
                    <Unicode>Jch dachte an sein neues Stück, das sie in der Co-</Unicode>
                </TextEquiv>
            </TextLine>
            <TextLine id="tr_1_tl_13" custom="readingOrder {index:12;}">
                <Coords points="682,4170 708,4170 727,4189 806,4170 924,4177 917,3999 866,4008 835,3983 781,4005 727,3996 708,3977 673,3967"/>
                <Baseline points="698,4120 788,4114 877,4120 931,4132"/>
                <TextEquiv>
                    <Unicode>rzog:</Unicode>
                </TextEquiv>
            </TextLine>
            <TextLine id="tr_1_tl_14" custom="readingOrder {index:13;}">
                <Coords points="1098,4310 3082,4326 3586,4288 3586,4139 1098,4183"/>
                <Baseline points="1116,4269 1176,4263 1265,4269 1355,4263 1445,4263 1534,4263 1624,4263 1713,4257 1803,4263 1892,4257 1982,4257 2072,4257 2161,4257 2251,4257 2340,4257 2430,4257 2520,4251 2609,4251 2699,4251 2788,4251 2878,4245 2967,4245 3057,4245 3147,4245 3236,4245 3326,4245 3415,4239 3505,4245 3594,4245"/>
                <TextEquiv>
                    <Unicode>médie geben - da kommt so ein hübscher Vergleich vor.</Unicode>
                </TextEquiv>
            </TextLine>
            <TextLine id="tr_1_tl_15" custom="readingOrder {index:14;}">
                <Coords points="1104,4459 1590,4513 1863,4459 2126,4519 2279,4481 2279,4332 2237,4319 1727,4364 1104,4345"/>
                <Baseline points="1122,4418 1212,4418 1301,4418 1391,4418 1480,4418 1570,4413 1660,4413 1749,4413 1839,4413 1928,4413 2018,4413 2107,4413 2197,4413 2287,4413"/>
                <TextEquiv>
                    <Unicode>Erinnern Sie sich nicht?</Unicode>
                </TextEquiv>
            </TextLine>
            <TextLine id="tr_1_tl_16" custom="readingOrder {index:15;}">
                <Coords points="225,4538 263,4542 279,4526 305,4526 324,4538 343,4523 352,4529 365,4519 387,4523 387,4396 371,4396 359,4383 314,4408 302,4399 295,4405 260,4399 241,4412 225,4412"/>
                <Baseline points="244,4484 334,4484 394,4484"/>
                <TextEquiv>
                    <Unicode>and</Unicode>
                </TextEquiv>
            </TextLine>
            <TextLine id="tr_1_tl_17" custom="readingOrder {index:16;}">
                <Coords points="1098,4700 1923,4665 2282,4726 2571,4643 2860,4703 2983,4662 2983,4570 2552,4507 1098,4580"/>
                <Baseline points="1116,4651 1200,4651 1289,4651 1379,4651 1469,4651 1558,4651 1648,4651 1737,4651 1827,4651 1916,4645 2006,4645 2096,4645 2185,4645 2275,4645 2364,4645 2454,4645 2543,4639 2633,4633 2723,4639 2812,4633 2902,4633 2991,4627"/>
                <TextEquiv>
                    <Unicode>Ich hab' gar kein Gedächtnis für Verse -</Unicode>
                </TextEquiv>
            </TextLine>
            <TextLine id="tr_1_tl_18" custom="readingOrder {index:17;}">
                <Coords points="689,4770 717,4764 771,4726 797,4735 816,4713 835,4723 870,4719 898,4735 927,4729 914,4589 892,4592 870,4577 832,4586 816,4570 787,4564 759,4586 720,4592 698,4580 673,4589"/>
                <Baseline points="698,4657 788,4663 877,4669 931,4681"/>
                <TextEquiv>
                    <Unicode>sans :</Unicode>
                </TextEquiv>
            </TextLine>
            <TextLine id="tr_1_tl_19" custom="readingOrder {index:18;}">
                <Coords points="146,4767 181,4783 209,4770 248,4799 267,4792 282,4805 352,4764 403,4770 435,4789 451,4631 381,4615 340,4643 308,4640 276,4656 235,4634 194,4665 156,4672"/>
                <Baseline points="167,4729 185,4729 274,4723 364,4711 453,4705"/>
                <TextEquiv>
                    <Unicode>:goxret</Unicode>
                </TextEquiv>
            </TextLine>
        </TextRegion>
    </Page>
</PcGts>
