4056 5352
2536 196 2890 425 G.C.R.H.
2988 186 3247 422 G. H.
1344 165 2383 446 Monsieur, que je prends la nouvelle séance
1207 1036 3651 1246 sagen: sie sind meinem Ruf gefolgt. Ich schwöre Dir,
1219 1191 2407 1418 vor abends haben wir sie.
648 1350 965 1595 Wirt:
1188 1445 3648 1592 Ja freilich. Wenn die Mauern von Eueren Reden zusam-
1201 1592 1809 1751 menstürzten!
1225 1848 3605 1949 Wieso......Reden - Bist Du taub?.... Jetzt wird ge-
657 1815 1051 1937 Grasset:
1219 1983 3645 2105 schossen. Unsere braven Soldaten sind dabei. Sie ha-
1213 2105 3510 2227 ben dieselbe höllische Vut auf das verfluchte Ge-
1219 2313 3648 2407 fängnis wie wir. Sie wissen, dass hinter diesen Mau-
1219 2450 3553 2563 ern ihre Brüder und Vater gefangen sitzen....Aber
1219 2618 3565 2716 sie würden nicht schiessen, wenn wir nicht geredet
1213 2728 3611 2869 hätten. Mein lieber Prospere, die Macht der Geister
1201 2850 3645 3046 ist gross. Da - :Zu Lebrêt: Wo hast Du die Schrif-
1222 3040 1451 3223 ten?
1201 3229 3247 3495 Hier....:Zieht Brochuren aus der Tasche:
629 3232 1014 3470 Lebrêt:
3052 3382 3639 3541 den im
1201 3507 3480 3639 Hier sind die neuesten Brochuren, die über-
632 3532 1054 3718 Grasset:
1188 3681 3571 3816 Palais Royal verteilt wurden. Hier eine von meinem
1201 3828 3516 3978 Freunde Cerutti, Denkschrift für das französische
1201 3941 3599 4140 Volk, hier eine von Desmoulins, der allerdings bes-
1195 4164 3529 4256 ser spricht, als er schreibt.... "Das freie Frank-
1191 4237 1573 4414 reich“.
