4088 5384
607 1124 976 1341 Lebrêt:
1162 1174 2187 1351 Was für ein Publikum?
601 1406 886 1635 Wirt:
1158 1397 2726 1614 Die elegantesten Leute von Paris.
613 1642 1000 1762 Grasset:
1155 1660 1747 1831 Adelige.
592 1852 886 2029 Wirt:
1143 1852 1920 2106 Herren vom Hof -
582 2100 960 2317 Lebrêt:
1143 2091 1976 2298 Nieder mit ihnen!
582 2323 1016 2509 Grasset:
1146 2348 3609 2506 Das ist was für sie. Das rüttelt ihnen die erschlaff-
1137 2518 3602 2720 ten Sinne auf. Hier hab' ich angefangen, Lebrät, hier
1131 2651 3519 2831 hab' ich meine erste Rede gehalten, als wenn es zum
1118 2772 3528 3005 Spass wäre... und hier hab' ich die Hunde zu hassen
1121 2958 3556 3135 begonnen, die mit ihren schönen Kleidern, parfümirt,
1118 3110 3602 3268 angefressen, unter uns sassen.... und es ist mir ganz
1121 3259 3429 3441 recht, mein guter Lebrêt, dass Du auch einmal die
1115 3401 3596 3575 Stätte siehst, von wo Dein grosser Freund ausgegangen
1106 3581 3544 3825 ist. :Jn anderem Ton: Sag', Prospère, wenn die Sa¬
1103 3751 2094 3934 che schief ginge....
545 3918 818 4110 Wirt:
1112 3949 1778 4135 Welche Sache?
545 4182 948 4408 Grasset:
1084 4197 3488 4358 Nun, die Sache mit meiner politischen Carrière.....
1081 4383 2673 4498 würdest Du mich wieder engagiren?
