7400 4760
5193 179 5476 345 -57-
2014 179 2280 420 17
4032 221 4244 458 5/2
3882 246 7224 599 bérer. Da kommt ja euer Mann mit seinen Freunden
358 350 3674 720 Es läutet Frierabend, Freunde, kommt hinein.
4677 454 7228 799 N. Yorip. Felder. Kibles. Komes. Aemdtes
404 608 3616 882 Erzählt mir die Geschicht bei einer Gebde Wein¬
3866 687 4432 903 Schmitter.
2068 732 2672 940 (Alle ab.)
3870 716 6924 1057 lder. Jetzt wären wir dahin, zu Hause Freunde!
1444 828 2742 1261 Dr Manet pr
3874 957 6392 1273 zurückgekehret von der Tagesarbeit
3866 1115 6575 1357 Ich bin rechtschaffen müde. liebes Weib.
1261 1182 2617 1506 Verwandlung
3878 1294 6579 1585 Der Tisch ist schon gedeckt, was seh’ ich da!
3895 1436 6708 1773 Die schönen Blumen! Das warst die Therese.
1327 1423 2493 1748 Wahm später.
3891 1569 7033 1885 Gieb mir den Blumenstraiß! oh- wie das diftet
3849 1806 5331 2031 Riecht einmal, Freunde.
1481 1810 2780 2147 immer his Filder
5227 1889 6962 2226 Ah! das recht mal gut!
3857 1985 4240 2156 WisCler.
433 1943 666 2280 72
3920 2093 5393 2372 Körner. Das ist ein dusst
1681 2031 3724 2384 XII. Feldes. Therese. Katharine.
4777 2243 6720 2505 Die Blumen dürften kästlichen.
3907 2334 4457 2480 Aernstler.
524 2343 2796 2622 Säer. Bald darauf die Mänche
3903 2351 7220 2701 Schnitter. Und sehl! wie schon die Blumen aus¬
512 2513 3666 2767 Theresz. Schnell, Katharine, schnell, der Vater kommt.
6288 2518 7182 2809 gewählt sind.
449 2663 3346 2963 Jetzt stelle rasch die Blumen auf der Tisch.
3945 2767 4823 3063 Elder (geht ab.)
466 2859 3716 3150 Gieb mir die Bln. Gläser her und bring den Wein.
4777 2863 6845 3125 Die vor Andern bleiben zurück.
466 3004 3737 3283 Herr Sier, warten sie, mein Mann kommt bald
4415 3013 7266 3325 Weißt du ihn gut, hast du ihre gut studien¬
3945 3100 4311 3325 inner.
470 3146 3787 3379 And seinem Geburtstag kömmt er immer früher
3966 3204 6966 3545 Kubler. Nicht wahr, du meinst den Wunsch?
778 3312 3720 3599 Hier ist der Wein, der beste Festwein,
5426 3337 7074 3575 Was sollen denn —?
441 3383 924 3620 Theresse.
3978 3421 4394 3587 Emortes
3092 3466 3662 3687 Matter!
3986 3554 6591 3853 Kmbler. Ich sag' ihn aus dem Stegreif.
466 3570 2081 3932 (Die Münche kommen.)
5293 3695 6109 3916 Bist die toll
3995 3770 4407 3986 (hnitter)
533 3774 3674 4074 1. Wir litten um ein Nachtlager, gute Frau.
3991 3803 6833 4120 Es wirst gewiß dich fürchterlich blamiren.
462 3999 2401 4278 Thei. Geht hinein gute Leute.
4003 4007 6883 4361 Habl. Jetzt stellt auch auf in Prof und Glied.
2156 4095 3550 4398 Wir danken (gehen)
6275 4224 6824 4469 Es geschieht
