7304 4904
5239 194 5502 350 13
4042 220 4820 436 Comßer Scheitter 1
3710 315 7091 635 Alle. Der Sepy —, der Hexenmeister aus dem Dorfes
1499 423 1801 648 -12-
125 510 3567 881 Schm. (f. s.) Kein Zweifel, Aerndter ist jetzt nächst worden.
3740 479 7031 743 Der ist untrüglich – nun, wir gratuliren.
3697 665 7122 933 1. Landen. Noch alles, was er großezeiht, trat ein¬
117 687 3006 1062 (laut) Und betet auch für die verlornen Söhne
121 825 3511 1239 (Z. Arnds) Sagt mir aufrichtig, seid ihr nicht verrück.
3731 799 7152 1114 Felder. Anbeitet doch einmal; schnell an die Arbeit
125 993 3528 1425 Läs, Ihr seht ja aus, Herr Gerndter, wie verzuckt!
4703 998 5826 1222 (Alte arbeiten.)
121 1157 3598 1507 Schm. Verrückt habt ihr wohl sagen wollen, nicht wahr?
3770 1036 7173 1425 Saer. Singen wir nun das Lied von Habsicht
168 1322 3477 1732 Selder. Sagt, Gerndter, was ist euch denn jetzt passi¬
4068 1322 5597 1624 außer Berth. Liegen Gesang.
168 1486 3446 1905 Ihr macht ja ein Gesicht - wie soll ich 5 nennen?
3800 1417 7204 1697 Alle (arbeitend) zwei Wandrer gingen des Wegs entlang¬
203 1602 3464 2013 Schm. Der beste Name ist "ein Harungesicht"
4021 1594 7091 1922 Mit lustigen Singen, mit Sing und Sang.
233 1788 3550 2207 säär. Was er für Augen macht - ich furcht mich schier!
3995 1775 6387 2077 Sie kamen zu einem Berge
760 1935 3541 2345 Plötzlich (sinken Albreiß Prudor a. d. Reine und früge)
3960 1935 6729 2285 Sie giengen weiter, sie kamen dahin
3986 2151 6478 2418 Und sicher, da kam sie, die Königen
276 2216 2082 2539 Herr Gott erfalle das Gebet.
3999 2241 7182 2557 Mit manchen, mit mannigem Zwerge
276 2315 2807 2704 Säu(f.) Wie er sein rechtes Augs verdacht!
3999 2388 6988 2725 Heraus tritt sie aus dem Felsenspalt
298 2479 2902 2833 (Alleth.) Hilf uns bei unserm Tagewerk.
4440 2621 4738 2751 beiden
4016 2583 6413 2842 Die Wandrer erblickt sie bald
289 2613 2842 2993 Flda (f.) Die Haare stehen mir in Berg.
4051 2708 7195 3062 Und begrüßt, sie mit freundlichen Nicken
315 2751 3166 3170 Alb. (s.) Und mach die Ahren voll nicht hohl!
4055 2919 7225 3166 Sie versprach den Beiden viel Gold, viel Geld,
324 2932 2911 3282 Saer. (s.) Er ist so grün wie reiser Kohl!
4034 3040 7225 3360 Der eine, der nahm wohl den Teufelsselb¬
298 3097 3071 3464 Alle./Zum Himmel steige der Gesang.
311 3209 3567 3602 Felder (1.) Fürwahr, mitwird schon Angst und lang
4064 3256 7243 3567 Und ließ sich dann nimmer erblicken
4090 3382 7225 3714 Mand hat von Beiden nichts mehr gehört
298 3438 3053 3753 Alle (so) Gewähre unsre Bitten. — Ulnen!
4034 3537 6923 3844 Ihren Namen hieß man verfallen
315 3580 3572 3960 Töür. 19) Ich fürchte, mich - ich sollte mich schamen.
4068 3680 7204 4081 Und wer von Beiden, einst was erfährt
1252 3779 2544 4012 Alle stehen auch
2462 3800 2984 4008 Vortung
4103 3870 6867 4163 Ist gewißlich dem Teufel verfallen
337 3908 3697 4241 Aerndt. Ich hab' den Sohn! Das Glück verf Einiget nieder.
5550 4012 7018 4319 hingekommen?
384 4038 3662 4453 Selder. Er ist vernünftig - sein Verstand kehrt wieder.
4094 4051 5567 4314 Wo ist der Zweite
4599 4198 5567 4362 in ward auch
393 4198 3675 4651 derndt. Sepp, der Wahrsager, hat’s mir profezucht.
4081 4181 7135 4453 Von Beiden hat man nichts mehr vernommen
