7464 4840
1733 319 2034 539 34.
440 418 2771 698 Und Er, o Goldachia! meine Frau!
478 629 3185 922 Der König Palago von Zwergenreich
453 776 3590 1021 So ward ich nun von meinen Unterthanen
448 931 3590 1241 Genannt, geehret und gepriesen werden.
427 1078 3573 1388 Jetzt soll der Kröses seine Freiheit büßen.
500 1267 3689 1569 Der Hals gewagt, um eure Hand zu werlem
427 1431 3345 1733 ist löblich, daß ihr ihm zurückgewiesen,
422 1565 3474 1892 So einen Grobian, einen Zwetschken Brödel
444 1758 3590 2064 6 ist auch zu loben, daß ihr mich gewählt
427 1883 3620 2237 Ich bin gewiß der Glücklichste des Zwege.
431 2060 3073 2388 Ihr seid zu gütig holde Königin.
435 2228 3629 2552 Doch will ich mich empfehlen. Goldachia (At.)
1698 2383 3474 2590 Goldachia Kröves
461 2573 3737 2849 Krösos (H) Ich muß! (laut) Es ist der günstag aus denselben
465 2711 3590 3017 Sold, Ich habe mich besamm, lieber Krößes.
517 2866 3543 3176 Um hab' beschloßen, auch zu stiraten.
465 3021 3138 3301 Ich bin nun uner Gemäße, Prösos!
401 3176 3612 3487 Prises. Wiese ich und ihr ihr hättet auch besamen
431 3349 3513 3659 Wir zwei, wir waren jetzt ein Eigaur.
142 3375 332 3681 of
431 3513 3741 3827 Gold. Ein Eheggaar. Wir sind nun kann und bei
164 3638 336 3814 be
448 3698 3616 3965 Krösos setzt war ich also König, Königskrufes
465 3832 3659 4142 Ich bei Behrischer eines machtigen Reichen¬
517 4004 3543 4293 Und Verlage wird meine Arme fühlen
431 4159 3414 4478 Ich will ihn tanzen lehren, diesen Plotz;
4948 172 5323 431 35.
3853 315 7163 694 Und seine Frechheit soll er noch bereuend
3832 491 6969 836 Er hat mir Goldachia stehlen wollen!
3814 651 6849 1039 Nun ich empfehle mich als König Pröses¬
3784 771 7090 1159 Wie meine Urgne nicht geheißen hat.
3793 957 7073 1280 Als ein Minister kam ich,- König geh ich.
6008 1146 6353 1345 (Abd.)
3939 1224 7219 1651 Hierauf. Nräs. Bl. xxx Gold: Ausw. Bala. Sakair
3840 1440 7241 1737 Pakaio Over und Bala wissen schon die Luft.
3827 1638 6284 1987 Est sie gelungen, hohe Prömigni?
3827 1771 7211 2116 Gold, den besten Dank, Bakaid, für den Rat¬
3892 1935 7025 2284 Vortrefflich ist sie mir gelungen, trefflich.
3866 2103 7267 2439 Anna. Dich sich! Da, kommen beide Harren her¬
3875 2228 7254 2569 Bala. Sie dürfen uns nicht schon. Kommet Altes
3836 2418 6943 2758 Sie Fiehre sich zurück (Krösos u. Palago kommen
3905 2569 7288 2896 Krösös. Nun Palayo, jetzt bin ich Plönig Krößt.
3845 2711 7314 3073 Sal. Bist du denn toll? und hat sie sich verlatt
3866 2922 7120 3263 Jaus. Du bist nicht recht bei Troste, Palago.
3845 3056 7275 3426 Gerade jetzt gab sie mir Hand und Wort¬
3836 3237 7297 3534 Pol. Was soll das sein? Schlass' nicht mit mir pfiele
3926 3388 7314 3745 Krös. Halte mich nicht zum Naaren, sagt über.
3862 3539 7305 3896 Pal. Frag' sie nur selbst, sie wird die Wohn¬
3892 3702 7047 4017 Sie weiß es selbst am besten. Herrsagen
5069 3849 6771 4176 d ist zum Sachen
3926 3970 4215 4232 Krös
3948 4043 7331 4310 das willst du mir ins Angesicht behaupte.
