7112 4888
4441 303 5299 593 I. Aufzug.
4015 422 5700 734 Am Feld. Es dämmert.
3695 648 4731 909 erthold (allein).
3648 717 6779 1118 ist nicht möglich; - nein - ich kann nicht schlafen,
3631 858 6506 1284 bevor es dammerts treibts mich aus dem Bette
3643 1028 6826 1433 Kerkwürdige Träume ängst'gen mein Gemüt
3660 1207 6395 1553 ihre dreimal nacheinander in der Nacht
3673 1340 6553 1766 Nur schwachbeleuchtet von des Mandes Schein¬
3665 1489 6881 1911 Erschein sie mir, um mich daran zu mahnen —
3678 1643 6566 2052 ich wäre reif, die Länder zu durchstreisen;
3707 1826 6843 2214 Ich wurde großen Rüchtum dadurch finden
3716 1958 6920 2376 richtum, nur großen Reichtum macht' ich haben
3814 2154 6933 2551 ich erst das, dann ist den Welt schon mein
3776 2278 6864 2624 zu keinem Bauern hat das Schicksal mich
3729 2491 6890 2858 gefassen. - Denn ich fühl' es, daß mein Geist
5994 2641 6647 2888 vielen fr
3618 2654 6246 3008 xyz etwa's anderm mich hatannieht.
3596 2679 7035 3153 den h. W. P. für Kleid, es blitzte wohl von Tausend, aber
3592 2931 6839 3276 2 Wertvollen diamanten, und ein prächtiges
3678 3102 6877 3554 Geschmücktes Diadem, das war die Zierde
3754 3311 6446 3639 des Hauptes: Wüßte ich, woher sie diese
3754 3375 7027 3818 Unzählern Halsteine nimmt, wüßt’ ichs.
3759 3592 6689 4002 doch war's nicht so, als ob ein höheisch Lächeln,
3776 3742 6779 4177 Um ihre Lippen spielte? Wärs nicht so?
3848 3972 6771 4360 12. — was ich sich mich selber zu belugen.
