7400 4712
5221 105 5469 354 51
1770 274 2044 447 50
3877 236 6818 628 solet. Ich sehe auch erschrakten vor mir stehen,
417 358 3746 657 Begründet echtes Glück. Rennst du den Spruch!
3915 464 6691 754 Erstaunet über unsere Erscheinung
371 514 3763 775 „Die da reich werden wollen, fallen leichter
3931 628 7243 952 Bunde Nicht ich euch sprechen höre, nicht mehr, denn
333 687 3266 952 In Versuchungen: Ich Barthold Berthold.
3910 801 7222 1032 des Menschen Geist ist mir erschrakten, wenn
430 860 3670 1155 Das Netz des Teufels kann dich leicht umstricken,
3927 965 6531 1256 Geheimnußvoller Zauber über jenen
489 1091 3658 1294 dein Ohr - es ist zu offen seinen Worten.
3936 1155 6300 1424 Schwebet, die ihm erscheinen hohe See!
514 1180 3687 1458 Er flüstert noch - du kannst ihn noch vegagen
3999 1273 6986 1568 Doch wenn sich der geheimnißvolle Schleier hebt
468 1361 3797 1601 Hör' ihn nicht an, sonst wird, saiß wird sein Kiste
3915 1445 6957 1707 des Zweifels dunke Nebel scheu entweichen
3413 1483 3691 1605 Vierkom
7045 1487 7235 1580 «.»
501 1496 3746 1753 Dein mahnen des Gewissen wird einschlossen
4155 1631 4496 1732 Og der
4003 1551 7197 1900 Und die Eheleinung nicht mehr Ungewißheit schwellig
699 1686 3594 1938 (Es wird finster, der Himmel trübt sich, durch den
3923 1774 7243 2048 Dann ists nicht schwer mehr - Herrn Männlichkeit erreichen.
699 1812 3759 2107 Dichten Nebel ist nichts mehr von dem Dorfe zu sel¬
3881 1888 6434 2170 Gold. Ich bin des Golds Kön' ym, Goldathies.
590 1989 3523 2259 Gen, mais meint, daß die Beiden in einer
3881 2061 6228 2351 Chr. Ich bin die Königin der Ehrlichkeit „
573 2145 3717 2444 schwarzen Wolle stehen, der Wind pfeift, war
3894 2229 6679 2490 Undefrachio nennen mich die Menschen.
569 2322 3670 2583 bener Zwerge als Nebelgestalten laufen in
3898 2419 6582 2680 Gold. Nun sollte ihr eure Lebensweg wählen
573 2461 3670 2760 dem übrigsten Nebel, alles ist recht schauer¬
3894 2537 6894 2844 Mein Pfad ist kurz und angenehm und weit
506 2608 3662 2882 lich, besonders die furchtbaren Nebelgestalten, die
3919 2684 6860 2966 Ehr. G Wanderer, ich wills euch nicht verhehlen,
628 2802 3645 3093 beiden Wanderer (sehm wie versteinert vor
3915 2886 6948 3152 Mein Steg ist dornig. eng. und führt. Auch weil.
590 2950 3611 3257 Schrecken, durch das Kabel zarthe kommt Soldachia.
3927 3021 7281 3295 Eld. V: Rommt herab in mein Reich. reich und schön
780 3127 1163 3266 und
1163 3122 2023 3367 Chrachia.
598 3160 1176 3384 darauf
3948 3202 6300 3447 da lebt ihr lustig und habt Edelsteine
6131 3270 6565 3438 dornig
5785 3375 5950 3443 m
2069 3245 3228 3540 vorige. Gold. Chr.
1698 3287 1980 3476 IX
442 3350 784 3535 23/1
3957 3350 7243 3582 fr. Ist auch mein Pfad nicht vorzig und nicht schon
430 3464 3472 3717 Berth. (zumg. f.) Was seh' ich! - Ja! das Traumbilé
3957 3506 6809 3839 bald ruht Er aus in einem Rohnhaine.
2195 3603 3228 3856 Gnädger Gott
632 3620 1037 3864 no
3974 3679 7328 3995 Ld. Bei mir habt zu gut Leben, und gut Speisen
430 3759 3177 3999 Beschützte uns. hohe Himmelsträchte! Wer
3990 3830 7210 4151 End habet manchen, der auch tanzt und singt.
417 3974 3721 4197 Berth Sie ist's! So war es doch kein Traumgeld
3999 3965 7286 4332 ja dies habe ich nicht und kann es euch nicht weisen
447 4104 3641 4374 Das wird der Schlaf nur füchtig vorgespiegelt
