<?xml version="1.0" encoding="UTF-8" standalone="yes"?>
<PcGts xmlns="http://schema.primaresearch.org/PAGE/gts/pagecontent/2013-07-15" xmlns:xsi="http://www.w3.org/2001/XMLSchema-instance" xsi:schemaLocation="http://schema.primaresearch.org/PAGE/gts/pagecontent/2013-07-15 http://schema.primaresearch.org/PAGE/gts/pagecontent/2013-07-15/pagecontent.xsd">
    <Metadata>
        <Creator>prov=READ-COOP:name=TrHtr:version=2.1.0:model_id=51170:date=15_08_2023_05:28</Creator>
        <Created>2023-05-10T15:22:41.486+02:00</Created>
        <LastChange>2023-08-15T05:28:46.928+02:00</LastChange>
        <TranskribusMetadata docId="1428904" pageId="55433546" pageNr="26" tsid="132839395" status="IN_PROGRESS" userId="64420" imgUrl="https://files.transkribus.eu/Get?id=ZWOBSEEDRFQXZAKAUVSOSTYG&amp;fileType=view" xmlUrl="https://files.transkribus.eu/Get?id=CNVQAXGLTBUASSTGXNOMNJTP" imageId="44707582"/>
    </Metadata>
    <Page imageFilename="1428904_0026.jpg" imageWidth="7496" imageHeight="4904">
        <ReadingOrder>
            <OrderedGroup id="ro_1711802266816" caption="Regions reading order">
                <RegionRefIndexed index="0" regionRef="tr_2"/>
                <RegionRefIndexed index="1" regionRef="tr_3"/>
                <RegionRefIndexed index="2" regionRef="tr_1"/>
            </OrderedGroup>
        </ReadingOrder>
        <TextRegion id="tr_2" custom="readingOrder {index:0;}">
            <Coords points="322,433 3722,433 3722,2539 322,2539"/>
            <TextLine id="tr_2_tl_1" custom="readingOrder {index:0;}">
                <Coords points="1837,604 1858,604 1884,578 1927,604 1983,573 2044,582 2056,595 2134,591 2130,392 2022,392 1987,414 1949,397 1910,418 1893,410 1832,431"/>
                <Baseline points="1855,483 1944,501 2034,495 2123,495 2141,495"/>
                <TextEquiv>
                    <Unicode>42—</Unicode>
                </TextEquiv>
            </TextLine>
            <TextLine id="tr_2_tl_2" custom="readingOrder {index:1;}">
                <Coords points="332,664 354,668 371,685 453,638 474,634 483,647 522,621 578,621 595,509 556,504 539,474 457,487 448,479 392,500 362,487"/>
                <Baseline points="357,650 411,638 501,626 590,602"/>
                <TextEquiv>
                    <Unicode>H. C.</Unicode>
                </TextEquiv>
            </TextLine>
            <TextLine id="tr_2_tl_3" custom="readingOrder {index:2;}">
                <Coords points="306,858 539,746 1082,862 1388,742 3376,707 3380,535 3031,470 2608,500 2462,617 1009,569 310,664"/>
                <Baseline points="334,745 346,745 435,751 525,745 614,739 703,739 793,733 882,733 972,727 1061,727 1151,727 1240,721 1330,721 1419,721 1509,715 1598,715 1688,715 1777,709 1867,703 1956,703 2046,698 2135,698 2225,692 2314,686 2404,680 2493,674 2583,668 2672,668 2762,662 2851,662 2941,656 3030,650 3120,644 3209,644 3299,644 3388,650"/>
                <TextEquiv>
                    <Unicode>Ach nein! ich mein’ den Patriar der Fuden.</Unicode>
                </TextEquiv>
            </TextLine>
            <TextLine id="tr_2_tl_4" custom="readingOrder {index:3;}">
                <Coords points="293,996 1017,888 1466,1009 2337,858 2501,953 3281,785 2444,681 1919,819 1332,754 1074,854 530,746 297,858"/>
                <Baseline points="322,918 340,918 429,912 519,906 608,906 698,906 787,900 876,894 966,894 1055,888 1145,888 1234,888 1324,888 1413,888 1503,876 1592,876 1682,876 1771,876 1861,876 1950,871 2040,865 2129,865 2219,853 2308,847 2398,841 2487,841 2577,841 2666,835 2756,829 2845,829 2935,823 3024,817 3114,817 3203,811 3293,817"/>
                <TextEquiv>
                    <Unicode>Sech. Das habe ich im Tageblatt gelesen.</Unicode>
                </TextEquiv>
            </TextLine>
            <TextLine id="tr_2_tl_5" custom="readingOrder {index:4;}">
                <Coords points="345,1121 798,1186 1656,1052 2044,1142 3216,983 3660,1069 3703,875 349,992"/>
                <Baseline points="375,1073 399,1073 489,1079 578,1073 668,1073 757,1067 847,1061 936,1061 1026,1061 1115,1061 1205,1055 1294,1055 1384,1055 1473,1050 1563,1050 1652,1044 1742,1044 1831,1038 1921,1038 2010,1032 2100,1026 2189,1020 2278,1014 2368,1014 2457,1008 2547,1002 2636,996 2726,996 2815,990 2905,990 2994,984 3084,978 3173,972 3263,972 3352,966 3442,966 3531,966 3621,978 3710,984"/>
                <TextEquiv>
                    <Unicode>Hib. (P. s.) Für wahr 5 ist lustig, das sind einmal Herrn</Unicode>
                </TextEquiv>
            </TextLine>
            <TextLine id="tr_2_tl_6" custom="readingOrder {index:5;}">
                <Coords points="345,1298 1186,1229 1513,1336 2216,1190 2337,1293 2841,1263 3415,1155 3419,996 2048,1142 961,1078 789,1207 354,1138"/>
                <Baseline points="369,1264 381,1258 471,1246 560,1240 650,1240 739,1240 829,1234 918,1228 1008,1223 1097,1223 1187,1217 1276,1211 1366,1211 1455,1205 1545,1205 1634,1205 1724,1199 1813,1199 1903,1193 1992,1193 2082,1187 2171,1181 2261,1181 2350,1175 2440,1169 2529,1163 2619,1163 2708,1157 2798,1151 2887,1151 2977,1151 3066,1139 3155,1139 3245,1133 3334,1133 3424,1133"/>
                <TextEquiv>
                    <Unicode>(laut.) Ferobeam ist in die Schweiz gereist,</Unicode>
                </TextEquiv>
            </TextLine>
            <TextLine id="tr_2_tl_7" custom="readingOrder {index:6;}">
                <Coords points="341,1496 3022,1354 3324,1302 3333,1160 2328,1298 2138,1194 1742,1341 854,1229 349,1298"/>
                <Baseline points="369,1396 387,1396 477,1396 566,1396 656,1396 745,1396 835,1396 924,1390 1014,1384 1103,1384 1193,1378 1282,1378 1372,1378 1461,1372 1551,1366 1640,1366 1730,1366 1819,1354 1909,1354 1998,1348 2088,1342 2177,1342 2267,1336 2356,1336 2446,1330 2535,1324 2625,1318 2714,1318 2803,1318 2893,1312 2982,1306 3072,1294 3161,1294 3251,1282 3340,1282"/>
                <TextEquiv>
                    <Unicode>Pech. Ja ich erinnere mich, das war ein Koch.</Unicode>
                </TextEquiv>
            </TextLine>
            <TextLine id="tr_2_tl_8" custom="readingOrder {index:7;}">
                <Coords points="388,1582 2414,1612 2746,1483 3208,1552 3475,1453 3479,1354 392,1462"/>
                <Baseline points="411,1545 441,1545 530,1551 620,1551 709,1551 799,1545 888,1539 978,1539 1067,1539 1157,1539 1246,1539 1336,1527 1425,1527 1515,1527 1604,1521 1694,1521 1783,1515 1873,1509 1962,1509 2052,1503 2141,1503 2231,1503 2320,1491 2410,1491 2499,1491 2589,1485 2678,1479 2768,1479 2857,1473 2947,1467 3036,1461 3126,1461 3215,1455 3305,1455 3394,1443 3484,1449"/>
                <TextEquiv>
                    <Unicode>Hübl. themistokles ist jetzt grad Journalist.</Unicode>
                </TextEquiv>
            </TextLine>
            <TextLine id="tr_2_tl_9" custom="readingOrder {index:8;}">
                <Coords points="392,1759 2345,1768 2863,1638 3281,1742 3445,1643 3712,1699 3721,1483 3298,1565 2742,1483 1875,1643 1224,1535 828,1664 703,1561 397,1621"/>
                <Baseline points="417,1724 501,1718 590,1724 680,1724 769,1724 859,1712 948,1706 1038,1700 1127,1694 1217,1694 1306,1688 1396,1688 1485,1688 1575,1676 1664,1682 1753,1676 1843,1676 1932,1670 2022,1664 2111,1664 2201,1658 2290,1658 2380,1652 2469,1652 2559,1640 2648,1640 2738,1640 2827,1634 2917,1634 3006,1628 3096,1622 3185,1616 3275,1616 3364,1610 3454,1610 3543,1610 3633,1610 3722,1616"/>
                <TextEquiv>
                    <Unicode>Sech. Der hat sich wahrlich hoch emporgeschwungen</Unicode>
                </TextEquiv>
            </TextLine>
            <TextLine id="tr_2_tl_10" custom="readingOrder {index:9;}">
                <Coords points="405,1910 931,1970 1612,1850 1927,1953 2104,1837 2996,1798 3367,1884 3669,1699 410,1802"/>
                <Baseline points="429,1873 459,1879 548,1879 638,1879 727,1879 817,1879 906,1879 996,1873 1085,1867 1175,1861 1264,1861 1354,1855 1443,1855 1533,1849 1622,1849 1712,1843 1801,1837 1891,1831 1980,1831 2070,1825 2159,1825 2249,1819 2338,1819 2428,1819 2517,1813 2607,1807 2696,1801 2786,1801 2875,1795 2965,1789 3054,1783 3144,1789 3233,1783 3323,1777 3412,1777 3502,1771 3591,1765 3680,1765"/>
                <TextEquiv>
                    <Unicode>Frühr war er ja gemeiner Langenputzer</Unicode>
                </TextEquiv>
            </TextLine>
            <TextLine id="tr_2_tl_11" custom="readingOrder {index:10;}">
                <Coords points="423,2087 1785,2005 1983,2095 2401,1975 2975,2065 3669,1949 3673,1845 431,1906"/>
                <Baseline points="447,2040 459,2034 548,2040 638,2040 727,2040 817,2040 906,2034 996,2028 1085,2022 1175,2016 1264,2010 1354,2004 1443,2004 1533,2004 1622,2004 1712,1998 1801,1992 1891,1992 1980,1986 2070,1980 2159,1974 2249,1974 2338,1974 2428,1968 2517,1962 2607,1956 2696,1956 2786,1950 2875,1944 2965,1944 3054,1944 3144,1944 3233,1938 3323,1932 3412,1926 3502,1926 3591,1926 3680,1926"/>
                <TextEquiv>
                    <Unicode>Hübl. Und Aristides ist bankrott geworden.</Unicode>
                </TextEquiv>
            </TextLine>
            <TextLine id="tr_2_tl_12" custom="readingOrder {index:11;}">
                <Coords points="414,2268 3621,2169 3656,1949 3087,2065 2746,1975 418,2138"/>
                <Baseline points="441,2201 530,2207 620,2207 709,2207 799,2201 888,2195 978,2195 1067,2189 1157,2189 1246,2183 1336,2183 1425,2177 1515,2171 1604,2165 1694,2165 1783,2165 1873,2159 1962,2153 2052,2153 2141,2153 2231,2147 2320,2147 2410,2141 2499,2135 2589,2129 2678,2129 2768,2123 2857,2123 2947,2117 3036,2117 3126,2111 3215,2111 3305,2105 3394,2094 3484,2094 3573,2088 3663,2094"/>
                <TextEquiv>
                    <Unicode>Sech des Aristides? Ah! Der ist mein Vetter;</Unicode>
                </TextEquiv>
            </TextLine>
            <TextLine id="tr_2_tl_13" custom="readingOrder {index:12;}">
                <Coords points="457,2444 1440,2341 1837,2427 2557,2289 2729,2406 2983,2281 3695,2268 3703,2121 466,2276"/>
                <Baseline points="483,2362 489,2362 578,2368 668,2374 757,2368 847,2368 936,2368 1026,2362 1115,2356 1205,2350 1294,2344 1384,2344 1473,2338 1563,2332 1652,2326 1742,2326 1831,2320 1921,2314 2010,2314 2100,2314 2189,2302 2278,2308 2368,2308 2457,2302 2547,2290 2636,2284 2726,2284 2815,2284 2905,2278 2994,2278 3084,2278 3173,2278 3263,2278 3352,2267 3442,2267 3531,2261 3621,2255 3710,2261"/>
                <TextEquiv>
                    <Unicode>Wenn ihr ihn sehet, grüßt ihn schön vor mir.</Unicode>
                </TextEquiv>
            </TextLine>
            <TextLine id="tr_2_tl_14" custom="readingOrder {index:13;}">
                <Coords points="405,2552 802,2651 979,2522 2850,2561 2996,2449 3432,2535 3695,2457 3699,2268 3087,2401 2557,2289 1832,2432 1453,2345 410,2436"/>
                <Baseline points="429,2529 483,2523 572,2523 662,2523 751,2517 841,2517 930,2517 1020,2511 1109,2505 1199,2505 1288,2493 1378,2493 1467,2487 1557,2487 1646,2481 1736,2481 1825,2475 1915,2475 2004,2469 2094,2469 2183,2469 2273,2469 2362,2463 2452,2457 2541,2452 2630,2446 2720,2446 2809,2440 2899,2434 2988,2434 3078,2434 3167,2434 3257,2428 3346,2428 3436,2428 3525,2422 3615,2428 3704,2422"/>
                <TextEquiv>
                    <Unicode>Rabl. Gebt mir mir Geld, daß ich zu unterstütze.</Unicode>
                </TextEquiv>
            </TextLine>
        </TextRegion>
        <TextRegion id="tr_3" custom="readingOrder {index:1;}">
            <Coords points="196,2569 3770,2569 3770,4460 196,4460"/>
            <TextLine id="tr_3_tl_1" custom="readingOrder {index:0;}">
                <Coords points="423,2785 772,2690 1125,2794 1375,2664 1526,2742 1746,2664 2009,2729 2091,2651 2302,2651 2307,2557 2173,2501 2009,2582 1897,2505 1375,2513 1211,2617 992,2522 832,2643 724,2570 427,2630"/>
                <Baseline points="447,2708 519,2702 608,2702 698,2702 787,2690 876,2678 966,2678 1055,2672 1145,2666 1234,2666 1324,2654 1413,2654 1503,2648 1592,2642 1682,2642 1771,2636 1861,2636 1950,2630 2040,2630 2129,2625 2219,2625 2308,2619"/>
                <TextEquiv>
                    <Unicode>(s. s.) da gibts Verdienst.</Unicode>
                </TextEquiv>
            </TextLine>
            <TextLine id="tr_3_tl_2" custom="readingOrder {index:1;}">
                <Coords points="1302,2919 1819,2794 2134,2880 2483,2781 2958,2764 3100,2837 3182,2759 3483,2759 3488,2634 3108,2548 2979,2651 2651,2638 2544,2716 2341,2630 2009,2729 1837,2664 1599,2772 1311,2686"/>
                <Baseline points="1330,2827 1348,2827 1437,2815 1527,2809 1616,2809 1706,2798 1795,2792 1885,2786 1974,2786 2064,2786 2153,2786 2243,2780 2332,2780 2422,2774 2511,2768 2601,2768 2690,2762 2780,2756 2869,2750 2959,2744 3048,2744 3138,2738 3227,2738 3317,2738 3406,2738 3496,2744"/>
                <TextEquiv>
                    <Unicode>Hier habt ihr. Gebt es ihm</Unicode>
                </TextEquiv>
            </TextLine>
            <TextLine id="tr_3_tl_3" custom="readingOrder {index:2;}">
                <Coords points="461,2871 660,2845 759,2867 763,2712 742,2712 638,2789 595,2755 539,2794 517,2772 461,2764"/>
                <Baseline points="483,2845 501,2839 590,2839 680,2839 769,2833"/>
                <TextEquiv>
                    <Unicode>Ech</Unicode>
                </TextEquiv>
            </TextLine>
            <TextLine id="tr_3_tl_4" custom="readingOrder {index:3;}">
                <Coords points="444,3039 1138,2992 1324,3100 1466,2983 2181,3052 3160,2919 3449,3001 3708,2811 453,2871"/>
                <Baseline points="471,2994 489,3000 578,3006 668,3006 757,3006 847,2994 936,2988 1026,2982 1115,2982 1205,2977 1294,2977 1384,2971 1473,2971 1563,2965 1652,2965 1742,2965 1831,2959 1921,2959 2010,2953 2100,2947 2189,2941 2278,2941 2368,2941 2457,2935 2547,2929 2636,2929 2726,2923 2815,2917 2905,2917 2994,2911 3084,2911 3173,2905 3263,2905 3352,2905 3442,2899 3531,2887 3621,2887 3710,2881"/>
                <TextEquiv>
                    <Unicode>Hall. Ist nicht der Feldherr Simon zum Vater</Unicode>
                </TextEquiv>
            </TextLine>
            <TextLine id="tr_3_tl_5" custom="readingOrder {index:4;}">
                <Coords points="461,3221 1677,3139 2104,3221 2755,3100 2949,3208 3225,3083 3699,3100 3703,2953 2919,2932 2462,3057 1470,2983 1332,3100 470,3039"/>
                <Baseline points="489,3167 572,3167 662,3167 751,3167 841,3161 930,3155 1020,3155 1109,3150 1199,3150 1288,3144 1378,3138 1467,3138 1557,3132 1646,3132 1736,3132 1825,3132 1915,3126 2004,3120 2094,3114 2183,3108 2273,3108 2362,3108 2452,3096 2541,3096 2630,3090 2720,3084 2809,3084 2899,3084 2988,3078 3078,3078 3167,3072 3257,3072 3346,3066 3436,3066 3525,3066 3615,3060 3704,3060"/>
                <TextEquiv>
                    <Unicode>Fech. Ihr irret euch, es ist mein ältster Brucker.</Unicode>
                </TextEquiv>
            </TextLine>
            <TextLine id="tr_3_tl_6" custom="readingOrder {index:5;}">
                <Coords points="491,3346 1181,3440 2121,3268 3393,3320 3695,3289 3703,3117 500,3195"/>
                <Baseline points="519,3305 578,3317 668,3317 757,3317 847,3317 936,3317 1026,3317 1115,3305 1205,3305 1294,3299 1384,3299 1473,3293 1563,3287 1652,3287 1742,3287 1831,3281 1921,3275 2010,3275 2100,3269 2189,3263 2278,3257 2368,3257 2457,3251 2547,3251 2636,3245 2726,3245 2815,3245 2905,3239 2994,3239 3084,3239 3173,3239 3263,3233 3352,3227 3442,3227 3531,3221 3621,3221 3710,3227"/>
                <TextEquiv>
                    <Unicode>Hübl. (f. s.) Ich will den Bonaparte zu seinem Sohne</Unicode>
                </TextEquiv>
            </TextLine>
            <TextLine id="tr_3_tl_7" custom="readingOrder {index:6;}">
                <Coords points="461,3535 2557,3427 2876,3535 3100,3410 3341,3432 3341,3350 2337,3259 1565,3302 1177,3440 466,3402"/>
                <Baseline points="489,3490 578,3496 668,3490 757,3490 847,3490 936,3490 1026,3478 1115,3478 1205,3472 1294,3466 1384,3466 1473,3460 1563,3460 1652,3454 1742,3448 1831,3442 1921,3442 2010,3436 2100,3436 2189,3430 2278,3430 2368,3430 2457,3424 2547,3412 2636,3418 2726,3412 2815,3406 2905,3406 2994,3406 3084,3400 3173,3400 3263,3400 3352,3406"/>
                <TextEquiv>
                    <Unicode>Machen, und Alle sollen Guld benöt'gen.</Unicode>
                </TextEquiv>
            </TextLine>
            <TextLine id="tr_3_tl_8" custom="readingOrder {index:7;}">
                <Coords points="172,3540 211,3548 228,3540 280,3578 297,3561 341,3557 328,3307 220,3320 211,3337 185,3320 160,3324"/>
                <Baseline points="196,3525 286,3531 346,3531"/>
                <TextEquiv>
                    <Unicode>6</Unicode>
                </TextEquiv>
            </TextLine>
            <TextLine id="tr_3_tl_9" custom="readingOrder {index:8;}">
                <Coords points="448,3712 2876,3613 3587,3811 3643,3458 453,3531"/>
                <Baseline points="471,3663 519,3663 608,3657 698,3651 787,3651 876,3645 966,3645 1055,3639 1145,3633 1234,3633 1324,3627 1413,3627 1503,3621 1592,3621 1682,3621 1771,3609 1861,3609 1950,3603 2040,3597 2129,3591 2219,3585 2308,3591 2398,3591 2487,3585 2577,3585 2666,3579 2756,3573 2845,3573 2935,3573 3024,3573 3114,3567 3203,3567 3293,3567 3382,3567 3472,3561 3561,3561 3651,3543"/>
                <TextEquiv>
                    <Unicode>Th. Ich bitte euch, führt uns ins nächstestes.</Unicode>
                </TextEquiv>
            </TextLine>
            <TextLine id="tr_3_tl_10" custom="readingOrder {index:9;}">
                <Coords points="177,3695 224,3695 246,3716 272,3708 354,3721 354,3557 323,3552 280,3574 272,3565 250,3565 237,3552 207,3583 177,3583"/>
                <Baseline points="202,3675 292,3680 363,3675"/>
                <TextEquiv>
                    <Unicode>4</Unicode>
                </TextEquiv>
            </TextLine>
            <TextLine id="tr_3_tl_11" custom="readingOrder {index:10;}">
                <Coords points="1224,3876 1319,3828 1367,3850 1431,3794 1479,3811 1621,3777 1681,3824 1815,3794 1867,3828 1962,3815 1966,3613 1940,3600 1755,3695 1591,3630 1530,3656 1233,3639"/>
                <Baseline points="1252,3770 1258,3776 1348,3770 1437,3770 1527,3764 1616,3764 1706,3758 1795,3758 1885,3752 1974,3740"/>
                <TextEquiv>
                    <Unicode>Alle ab.</Unicode>
                </TextEquiv>
            </TextLine>
            <TextLine id="tr_3_tl_12" custom="readingOrder {index:11;}">
                <Coords points="1293,3971 2656,3940 2764,4018 3018,3919 3026,3669 2531,3673 2427,3764 1940,3837 1298,3824"/>
                <Baseline points="1318,3943 1330,3943 1419,3937 1509,3937 1598,3937 1688,3931 1777,3931 1867,3925 1956,3925 2046,3919 2135,3913 2225,3907 2314,3907 2404,3901 2493,3901 2583,3895 2672,3895 2762,3895 2851,3889 2941,3889 3030,3883"/>
                <TextEquiv>
                    <Unicode>III. Die beiden Wänche.</Unicode>
                </TextEquiv>
            </TextLine>
            <TextLine id="tr_3_tl_13" custom="readingOrder {index:12;}">
                <Coords points="617,4152 1729,4208 1906,4091 2513,4165 2785,4070 2897,4165 3225,4053 3725,4113 3729,3992 3402,3889 2772,4018 2173,3940 621,4031"/>
                <Baseline points="644,4128 692,4128 781,4128 871,4122 960,4122 1050,4116 1139,4116 1228,4116 1318,4110 1407,4104 1497,4098 1586,4098 1676,4092 1765,4086 1855,4086 1944,4086 2034,4086 2123,4080 2213,4074 2302,4068 2392,4062 2481,4062 2571,4062 2660,4056 2750,4056 2839,4062 2929,4056 3018,4050 3108,4050 3197,4050 3287,4050 3376,4044 3466,4044 3555,4050 3645,4062 3734,4080"/>
                <TextEquiv>
                    <Unicode>Dort ist das Dorf, wo mehre Söhne haaren</Unicode>
                </TextEquiv>
            </TextLine>
            <TextLine id="tr_3_tl_14" custom="readingOrder {index:13;}">
                <Coords points="608,4316 936,4402 1914,4247 2854,4341 3048,4212 3759,4247 3764,4096 1906,4091 1729,4208 1431,4117 1030,4225 612,4147"/>
                <Baseline points="632,4283 638,4283 727,4283 817,4283 906,4283 996,4277 1085,4271 1175,4271 1264,4265 1354,4259 1443,4253 1533,4253 1622,4247 1712,4247 1801,4241 1891,4235 1980,4235 2070,4235 2159,4229 2249,4223 2338,4223 2428,4217 2517,4217 2607,4217 2696,4211 2786,4211 2875,4211 2965,4205 3054,4205 3144,4200 3233,4200 3323,4194 3412,4194 3502,4188 3591,4188 3680,4194 3770,4200"/>
                <TextEquiv>
                    <Unicode>Kannst du es mir verzeihn, geliebter Frau</Unicode>
                </TextEquiv>
            </TextLine>
            <TextLine id="tr_3_tl_15" custom="readingOrder {index:14;}">
                <Coords points="617,4479 793,4566 1526,4436 2371,4548 3143,4428 3358,4497 3660,4432 3669,4199 2845,4346 2134,4346 1979,4251 1599,4376 625,4333"/>
                <Baseline points="644,4444 721,4444 811,4450 900,4444 990,4438 1079,4432 1169,4426 1258,4426 1348,4426 1437,4426 1527,4420 1616,4420 1706,4420 1795,4408 1885,4402 1974,4402 2064,4396 2153,4390 2243,4390 2332,4390 2422,4390 2511,4384 2601,4378 2690,4378 2780,4378 2869,4378 2959,4373 3048,4367 3138,4367 3227,4367 3317,4361 3406,4361 3496,4355 3585,4355 3675,4361"/>
                <TextEquiv>
                    <Unicode>Du hast bereut den ewgen Goldtsdurft</Unicode>
                </TextEquiv>
            </TextLine>
        </TextRegion>
        <TextRegion id="tr_1" custom="readingOrder {index:2;}">
            <Coords points="3836,313 7415,313 7415,4329 3836,4329"/>
            <TextLine id="tr_1_tl_1" custom="readingOrder {index:0;}">
                <Coords points="5083,397 5143,401 5161,388 5208,384 5238,418 5277,401 5342,418 5350,267 5320,259 5290,267 5247,241 5182,254 5113,285 5083,285"/>
                <Baseline points="5106,369 5178,369 5267,363 5357,363"/>
                <TextEquiv>
                    <Unicode>43</Unicode>
                </TextEquiv>
            </TextLine>
            <TextLine id="tr_1_tl_2" custom="readingOrder {index:1;}">
                <Coords points="3811,647 4712,595 5079,789 6014,513 6316,586 6773,500 6782,349 4889,388 4251,535 3824,410"/>
                <Baseline points="3836,620 3919,626 4009,626 4098,620 4188,614 4277,602 4367,602 4456,590 4546,584 4635,584 4725,578 4814,572 4904,566 4993,560 5082,554 5172,560 5261,554 5351,554 5440,554 5530,548 5619,536 5709,530 5798,525 5888,513 5977,513 6067,501 6156,501 6246,495 6335,489 6425,477 6514,477 6604,471 6693,471 6783,471"/>
                <TextEquiv>
                    <Unicode>Seitdem du es gesehen hast, wohin</Unicode>
                </TextEquiv>
            </TextLine>
            <TextLine id="tr_1_tl_3" custom="readingOrder {index:2;}">
                <Coords points="3841,845 3906,819 3975,875 4044,888 4139,849 4191,892 4285,849 4445,892 4561,841 4574,655 4484,660 4389,604 4182,664 4113,638 3854,647"/>
                <Baseline points="3871,787 3949,787 4038,781 4128,775 4217,769 4307,763 4396,757 4486,745 4575,739"/>
                <TextEquiv>
                    <Unicode>Er führt</Unicode>
                </TextEquiv>
            </TextLine>
            <TextLine id="tr_1_tl_4" custom="readingOrder {index:3;}">
                <Coords points="4428,1022 4742,931 5096,1009 5380,875 5747,944 6027,836 6372,897 6773,785 6782,655 6187,647 5549,806 5238,720 4863,811 4673,763 4436,875"/>
                <Baseline points="4456,912 4546,912 4635,912 4725,912 4814,906 4904,894 4993,888 5082,882 5172,882 5261,876 5351,876 5440,871 5530,871 5619,871 5709,865 5798,853 5888,841 5977,835 6067,829 6156,823 6246,817 6335,817 6425,811 6514,799 6604,793 6693,781 6783,775"/>
                <TextEquiv>
                    <Unicode>Ich hab’s geseh'n, wohin er führte</Unicode>
                </TextEquiv>
            </TextLine>
            <TextLine id="tr_1_tl_5" custom="readingOrder {index:4;}">
                <Coords points="3833,1130 4169,1207 4436,1082 5083,1155 5294,1035 7213,996 7230,711 5505,974 5342,888 5096,1005 3841,970"/>
                <Baseline points="3859,1109 3919,1115 4009,1109 4098,1103 4188,1091 4277,1085 4367,1079 4456,1079 4546,1073 4635,1073 4725,1067 4814,1061 4904,1055 4993,1050 5082,1050 5172,1044 5261,1032 5351,1032 5440,1026 5530,1020 5619,1020 5709,1008 5798,1008 5888,1002 5977,990 6067,984 6156,984 6246,984 6335,972 6425,966 6514,960 6604,954 6693,948 6783,942 6872,942 6962,936 7051,930 7141,918 7230,912"/>
                <TextEquiv>
                    <Unicode>Mit Schrecken noch entsinn auch nur Nacht,</Unicode>
                </TextEquiv>
            </TextLine>
            <TextLine id="tr_1_tl_6" custom="readingOrder {index:5;}">
                <Coords points="3828,1285 7036,1160 7049,931 6717,1035 6376,974 6156,1095 6010,992 5294,1030 5040,1155 4923,1056 4173,1207 3837,1125"/>
                <Baseline points="3853,1282 3919,1276 4009,1270 4098,1264 4188,1258 4277,1252 4367,1246 4456,1240 4546,1240 4635,1234 4725,1228 4814,1228 4904,1217 4993,1211 5082,1205 5172,1205 5261,1199 5351,1187 5440,1187 5530,1175 5619,1175 5709,1169 5798,1163 5888,1157 5977,1157 6067,1145 6156,1145 6246,1139 6335,1133 6425,1133 6514,1121 6604,1121 6693,1109 6783,1103 6872,1097 6962,1097 7051,1103"/>
                <TextEquiv>
                    <Unicode>als ich im duncxfen Kerker schmachtete.</Unicode>
                </TextEquiv>
            </TextLine>
            <TextLine id="tr_1_tl_7" custom="readingOrder {index:6;}">
                <Coords points="3828,1470 5268,1358 5480,1449 6501,1289 6670,1380 6976,1285 6984,1134 5829,1268 5730,1181 4635,1242 4156,1384 3837,1289"/>
                <Baseline points="3853,1437 3859,1437 3949,1431 4038,1425 4128,1419 4217,1413 4307,1401 4396,1401 4486,1396 4575,1396 4665,1384 4754,1384 4844,1378 4933,1372 5023,1366 5112,1360 5202,1360 5291,1354 5381,1348 5470,1342 5560,1336 5649,1330 5739,1324 5828,1318 5918,1318 6007,1306 6097,1300 6186,1300 6276,1294 6365,1288 6455,1282 6544,1282 6634,1270 6723,1264 6813,1258 6902,1252 6992,1264"/>
                <TextEquiv>
                    <Unicode>In jener Nacht erschien mir Ehrachia¬</Unicode>
                </TextEquiv>
            </TextLine>
            <TextLine id="tr_1_tl_8" custom="readingOrder {index:7;}">
                <Coords points="3867,1604 4216,1681 4738,1548 5583,1617 6044,1466 6864,1526 6920,1272 6670,1380 6501,1289 6368,1388 5833,1332 5661,1444 5268,1354 3876,1492"/>
                <Baseline points="3889,1586 3967,1586 4056,1580 4146,1575 4235,1569 4325,1557 4414,1551 4504,1551 4593,1545 4683,1539 4772,1533 4862,1521 4951,1521 5041,1521 5130,1521 5220,1515 5309,1509 5399,1503 5488,1497 5578,1491 5667,1485 5757,1479 5846,1479 5936,1473 6025,1467 6115,1461 6204,1455 6294,1455 6383,1449 6473,1437 6562,1437 6652,1425 6741,1419 6830,1413 6920,1401"/>
                <TextEquiv>
                    <Unicode>Mit sanfter Rede mich ermahnend.</Unicode>
                </TextEquiv>
            </TextLine>
            <TextLine id="tr_1_tl_9" custom="readingOrder {index:8;}">
                <Coords points="5557,1742 5803,1742 5889,1660 5988,1673 6019,1643 6204,1699 6325,1625 6415,1638 6419,1505 6290,1462 6118,1513 6031,1466 5872,1535 5781,1505 5566,1612"/>
                <Baseline points="5584,1640 5619,1640 5709,1640 5798,1634 5888,1622 5977,1628 6067,1628 6156,1622 6246,1616 6335,1610 6425,1586"/>
                <TextEquiv>
                    <Unicode>Wohl der</Unicode>
                </TextEquiv>
            </TextLine>
            <TextLine id="tr_1_tl_10" custom="readingOrder {index:9;}">
                <Coords points="4009,1919 4911,1966 5135,1850 5574,1927 5975,1806 6178,1910 6945,1737 7226,1832 7260,1668 6023,1638 5734,1755 5544,1617 5040,1737 4018,1737"/>
                <Baseline points="4038,1879 4044,1879 4134,1885 4223,1885 4313,1885 4402,1885 4492,1879 4581,1873 4671,1867 4760,1861 4850,1855 4939,1843 5029,1843 5118,1837 5208,1837 5297,1831 5387,1825 5476,1819 5566,1819 5655,1813 5745,1801 5834,1801 5924,1795 6013,1789 6103,1777 6192,1777 6282,1771 6371,1765 6461,1759 6550,1759 6640,1753 6729,1742 6819,1736 6908,1736 6998,1736 7087,1736 7177,1742 7266,1748"/>
                <TextEquiv>
                    <Unicode>daß du der Göttin Wohnen nachgekommen,</Unicode>
                </TextEquiv>
            </TextLine>
            <TextLine id="tr_1_tl_11" custom="readingOrder {index:10;}">
                <Coords points="3928,2125 5368,2013 5484,2113 5708,2013 5971,2082 6381,1944 7226,1931 7234,1811 6734,1746 6169,1910 5820,1824 5570,1931 3932,1987"/>
                <Baseline points="3951,2062 4015,2058 4104,2052 4194,2052 4283,2052 4373,2052 4462,2052 4552,2046 4641,2040 4730,2040 4820,2034 4909,2022 4999,2016 5088,2016 5178,2010 5267,2010 5357,2004 5446,1998 5536,1998 5625,1992 5715,1980 5804,1974 5894,1974 5983,1962 6073,1956 6162,1950 6252,1944 6341,1938 6431,1932 6520,1926 6610,1921 6699,1915 6789,1909 6878,1909 6968,1909 7057,1915 7147,1909 7236,1915"/>
                <TextEquiv>
                    <Unicode>So wäre ich vielleicht noch jetzt im Verster¬</Unicode>
                </TextEquiv>
            </TextLine>
            <TextLine id="tr_1_tl_12" custom="readingOrder {index:11;}">
                <Coords points="6859,2181 6967,2190 7027,2138 7088,2160 7191,2074 7277,2069 7282,1936 7195,1927 7183,1940 7148,1919 7075,1953 7023,1923 6915,2013 6864,2005"/>
                <Baseline points="6889,2083 6986,2058 7075,2058 7165,2058 7254,2058 7290,2064"/>
                <TextEquiv>
                    <Unicode>auf dem</Unicode>
                </TextEquiv>
            </TextLine>
            <TextLine id="tr_1_tl_13" custom="readingOrder {index:12;}">
                <Coords points="3876,2328 4553,2354 5665,2143 5833,2246 6040,2121 6286,2233 6782,2104 6790,1970 5984,2087 5687,2018 5488,2113 5372,2018 3889,2130"/>
                <Baseline points="3907,2237 3925,2243 4015,2231 4104,2231 4194,2225 4283,2225 4373,2219 4462,2213 4552,2213 4641,2201 4730,2201 4820,2189 4909,2183 4999,2183 5088,2177 5178,2171 5267,2165 5357,2165 5446,2153 5536,2147 5625,2141 5715,2135 5804,2123 5894,2117 5983,2111 6073,2111 6162,2105 6252,2105 6341,2100 6431,2094 6520,2094 6610,2088 6699,2082 6793,2080"/>
                <TextEquiv>
                    <Unicode>7. Es sind Jahre sind wir fortschan¬</Unicode>
                </TextEquiv>
            </TextLine>
            <TextLine id="tr_1_tl_14" custom="readingOrder {index:13;}">
                <Coords points="5018,2363 5074,2397 5471,2315 5544,2384 5760,2419 5911,2363 6027,2388 6096,2328 6238,2371 6484,2315 6493,2143 6281,2233 6092,2125 5833,2246 5557,2156 5027,2216"/>
                <Baseline points="5047,2326 5065,2332 5154,2320 5244,2314 5333,2308 5423,2302 5512,2302 5602,2296 5691,2290 5780,2284 5870,2284 5959,2278 6049,2278 6138,2273 6228,2267 6317,2261 6407,2261 6496,2243"/>
                <TextEquiv>
                    <Unicode>(Dr. Sonne geht auf)</Unicode>
                </TextEquiv>
            </TextLine>
            <TextLine id="tr_1_tl_15" custom="readingOrder {index:14;}">
                <Coords points="3897,2595 5669,2457 6260,2565 6471,2444 7329,2414 7338,2263 6997,2164 5764,2423 5471,2315 4742,2462 4445,2341 3906,2419"/>
                <Baseline points="3919,2565 3937,2565 4027,2565 4116,2547 4205,2541 4295,2541 4384,2535 4474,2529 4563,2529 4653,2523 4742,2517 4832,2511 4921,2505 5011,2499 5100,2493 5190,2481 5279,2475 5369,2469 5458,2469 5548,2463 5637,2457 5727,2452 5816,2446 5906,2440 5995,2440 6085,2434 6174,2428 6264,2422 6353,2422 6443,2422 6532,2416 6622,2404 6711,2398 6801,2392 6890,2386 6980,2374 7069,2374 7159,2362 7248,2362 7338,2380"/>
                <TextEquiv>
                    <Unicode>2. Sicht, wie die Sonne aufgeht auf dem Himmel</Unicode>
                </TextEquiv>
            </TextLine>
            <TextLine id="tr_1_tl_16" custom="readingOrder {index:15;}">
                <Coords points="3893,2802 7221,2557 7342,2432 3906,2595"/>
                <Baseline points="3919,2732 3943,2738 4032,2732 4122,2714 4211,2702 4301,2696 4390,2690 4480,2684 4569,2684 4659,2672 4748,2672 4838,2666 4927,2654 5017,2648 5106,2642 5196,2630 5285,2625 5375,2625 5464,2619 5554,2619 5643,2613 5733,2607 5822,2601 5912,2595 6001,2595 6091,2589 6180,2583 6270,2577 6359,2571 6449,2565 6538,2559 6628,2553 6717,2547 6807,2541 6896,2535 6986,2529 7075,2523 7165,2529 7254,2529 7344,2523"/>
                <TextEquiv>
                    <Unicode>2 Dortarmagt der Kirchthuern in die Suft hierauf</Unicode>
                </TextEquiv>
            </TextLine>
            <TextLine id="tr_1_tl_17" custom="readingOrder {index:16;}">
                <Coords points="4061,2910 5092,2811 5255,2910 5462,2794 6269,2751 6475,2863 6790,2712 7299,2725 7355,2578 4070,2733"/>
                <Baseline points="4086,2857 4134,2857 4223,2857 4313,2851 4402,2851 4492,2845 4581,2839 4671,2833 4760,2827 4850,2827 4939,2821 5029,2815 5118,2803 5208,2798 5297,2798 5387,2786 5476,2786 5566,2780 5655,2780 5745,2774 5834,2768 5924,2756 6013,2756 6103,2750 6192,2744 6282,2738 6371,2732 6461,2726 6550,2720 6640,2720 6729,2714 6819,2708 6908,2702 6998,2696 7087,2690 7177,2684 7266,2684 7356,2690"/>
                <TextEquiv>
                    <Unicode>Wie lieblich duften Bäume darf und Blumen¬</Unicode>
                </TextEquiv>
            </TextLine>
            <TextLine id="tr_1_tl_18" custom="readingOrder {index:17;}">
                <Coords points="3915,3104 5329,2962 5596,3052 6014,2923 6950,3005 7346,2897 7355,2707 6795,2707 6428,2863 5945,2764 4988,2936 3928,2884"/>
                <Baseline points="3943,3066 3961,3060 4044,3030 4134,3030 4223,3024 4313,3018 4402,3012 4492,3012 4581,3006 4671,3000 4760,3000 4850,2994 4939,2982 5029,2977 5118,2971 5208,2965 5297,2959 5387,2953 5476,2953 5566,2947 5655,2941 5745,2935 5834,2935 5924,2929 6013,2923 6103,2917 6192,2917 6282,2911 6371,2905 6461,2905 6550,2899 6640,2893 6729,2887 6819,2875 6908,2863 6998,2863 7087,2857 7177,2857 7266,2863 7356,2869"/>
                <TextEquiv>
                    <Unicode>2. Könne in das Dorf zu suchen uns in Sohne,</Unicode>
                </TextEquiv>
            </TextLine>
            <TextLine id="tr_1_tl_19" custom="readingOrder {index:18;}">
                <Coords points="5087,3134 5342,3147 5557,3134 5605,3104 5859,3173 5945,3126 5954,2953 5764,2940 5618,3044 5527,3065 5359,2958 5251,3001 5195,2970 5096,2983"/>
                <Baseline points="5112,3120 5148,3120 5238,3120 5327,3114 5417,3114 5506,3108 5596,3102 5685,3096 5775,3090 5864,3084 5954,3084"/>
                <TextEquiv>
                    <Unicode>(Beide ab)</Unicode>
                </TextEquiv>
            </TextLine>
            <TextLine id="tr_1_tl_20" custom="readingOrder {index:19;}">
                <Coords points="4712,3341 5497,3285 5678,3354 6096,3255 6200,3320 6381,3307 6355,3130 6131,3182 5975,3087 5850,3177 5600,3108 5488,3160 5212,3126 5105,3190 4734,3009"/>
                <Baseline points="4742,3299 4784,3311 4874,3305 4963,3305 5053,3305 5142,3293 5232,3287 5321,3287 5411,3275 5500,3275 5590,3269 5679,3263 5769,3257 5858,3251 5948,3251 6037,3245 6127,3233 6216,3227 6305,3227 6395,3221"/>
                <TextEquiv>
                    <Unicode>Huberle (allein)</Unicode>
                </TextEquiv>
            </TextLine>
            <TextLine id="tr_1_tl_21" custom="readingOrder {index:20;}">
                <Coords points="4341,3315 4372,3311 4402,3320 4432,3302 4466,3302 4484,3315 4501,3315 4514,3302 4553,3302 4553,3272 4471,3272 4454,3255 4449,3259 4423,3242 4402,3255 4397,3251 4359,3281 4341,3281"/>
                <Baseline points="4367,3305 4456,3299 4546,3305 4563,3311"/>
                <TextEquiv>
                    <Unicode>-</Unicode>
                </TextEquiv>
            </TextLine>
            <TextLine id="tr_1_tl_22" custom="readingOrder {index:21;}">
                <Coords points="3936,3436 3971,3436 4044,3380 4057,3389 4130,3384 4134,3393 4156,3384 4199,3397 4216,3229 4126,3242 4096,3264 4035,3238 3984,3268 3953,3255"/>
                <Baseline points="3967,3364 4038,3358 4128,3352 4217,3340"/>
                <TextEquiv>
                    <Unicode>3/12</Unicode>
                </TextEquiv>
            </TextLine>
            <TextLine id="tr_1_tl_23" custom="readingOrder {index:22;}">
                <Coords points="3928,3583 5329,3462 5587,3544 6174,3402 6932,3462 6993,3221 4824,3354 4622,3221 3936,3432"/>
                <Baseline points="3955,3519 4038,3519 4128,3525 4217,3519 4307,3513 4396,3507 4486,3502 4575,3496 4665,3490 4754,3478 4844,3478 4933,3472 5023,3472 5112,3466 5202,3460 5291,3454 5381,3448 5470,3442 5560,3442 5649,3430 5739,3424 5828,3418 5918,3418 6007,3412 6097,3400 6186,3400 6276,3394 6365,3388 6455,3376 6544,3376 6634,3370 6723,3364 6813,3364 6902,3358 6992,3358"/>
                <TextEquiv>
                    <Unicode>(lachend) Acht diamanten, jeder mindestens</Unicode>
                </TextEquiv>
            </TextLine>
            <TextLine id="tr_1_tl_24" custom="readingOrder {index:23;}">
                <Coords points="3966,3703 4152,3764 4829,3639 5057,3699 5380,3617 6057,3643 6066,3483 5859,3436 5583,3548 4854,3509 4712,3574 4604,3496 4423,3565 3975,3535"/>
                <Baseline points="3991,3663 4009,3663 4098,3663 4188,3663 4277,3657 4367,3657 4456,3651 4546,3645 4635,3645 4725,3633 4814,3627 4904,3621 4993,3621 5082,3627 5172,3615 5261,3609 5351,3603 5440,3597 5530,3585 5619,3591 5709,3579 5798,3573 5888,3567 5977,3561 6067,3561"/>
                <TextEquiv>
                    <Unicode>In 99 Millionen wert.</Unicode>
                </TextEquiv>
            </TextLine>
            <TextLine id="tr_1_tl_25" custom="readingOrder {index:24;}">
                <Coords points="3945,3893 5630,3876 6126,3734 6432,3828 6876,3690 7027,3772 7402,3686 7407,3561 3958,3734"/>
                <Baseline points="3973,3853 4015,3842 4104,3842 4194,3836 4283,3830 4373,3830 4462,3824 4552,3824 4641,3818 4730,3812 4820,3806 4909,3800 4999,3800 5088,3800 5178,3800 5267,3776 5357,3764 5446,3764 5536,3758 5625,3752 5715,3746 5804,3740 5894,3740 5983,3734 6073,3728 6162,3722 6252,3722 6341,3716 6431,3710 6520,3698 6610,3686 6699,3680 6789,3675 6878,3669 6968,3663 7057,3663 7147,3651 7236,3657 7326,3657 7415,3669"/>
                <TextEquiv>
                    <Unicode>Wer könne beide sein? Gott! solcher Reichtun¬</Unicode>
                </TextEquiv>
            </TextLine>
            <TextLine id="tr_1_tl_26" custom="readingOrder {index:25;}">
                <Coords points="3940,4070 5368,3936 5592,4040 6601,3859 6911,3945 7342,3876 7411,3729 3949,3893"/>
                <Baseline points="3967,4009 4015,4003 4104,4003 4194,4003 4283,3997 4373,3985 4462,3985 4552,3979 4641,3973 4730,3967 4820,3961 4909,3955 4999,3949 5088,3949 5178,3943 5267,3937 5357,3925 5446,3925 5536,3919 5625,3913 5715,3907 5804,3895 5894,3889 5983,3883 6073,3883 6162,3883 6252,3871 6341,3871 6431,3865 6520,3859 6610,3859 6699,3853 6789,3848 6878,3836 6968,3830 7057,3824 7147,3824 7236,3824 7326,3830 7415,3836"/>
                <TextEquiv>
                    <Unicode>das Dorf- wies scheint - hat ihnen nicht gehalten</Unicode>
                </TextEquiv>
            </TextLine>
            <TextLine id="tr_1_tl_27" custom="readingOrder {index:26;}">
                <Coords points="3962,4247 5557,4078 5950,4156 6514,4031 6773,4091 6816,3932 6618,3859 5587,4040 5363,3936 4367,4100 3971,4057"/>
                <Baseline points="3991,4158 4050,4158 4140,4164 4229,4158 4319,4152 4408,4146 4498,4146 4587,4140 4677,4134 4766,4128 4856,4122 4945,4110 5035,4104 5124,4092 5214,4092 5303,4086 5393,4080 5482,4074 5572,4074 5661,4068 5751,4062 5840,4056 5930,4050 6019,4038 6109,4038 6198,4027 6288,4027 6377,4015 6467,4015 6556,4009 6646,4009 6735,4003 6825,3991"/>
                <TextEquiv>
                    <Unicode>Es geht die Lage nun von Goldachia.</Unicode>
                </TextEquiv>
            </TextLine>
            <TextLine id="tr_1_tl_28" custom="readingOrder {index:27;}">
                <Coords points="3936,4354 4768,4471 5126,4354 6777,4303 7036,4160 7364,4178 7377,4005 5950,4156 5169,4104 4906,4234 4492,4143 3940,4272"/>
                <Baseline points="3961,4313 3979,4313 4068,4319 4158,4319 4247,4313 4337,4313 4426,4307 4516,4301 4605,4301 4695,4295 4784,4289 4874,4289 4963,4283 5053,4271 5142,4265 5232,4265 5321,4259 5411,4253 5500,4247 5590,4241 5679,4235 5769,4229 5858,4223 5948,4217 6037,4205 6127,4200 6216,4188 6305,4182 6395,4182 6484,4182 6574,4188 6663,4182 6753,4176 6842,4170 6932,4164 7021,4152 7111,4146 7200,4146 7290,4140 7379,4134"/>
                <TextEquiv>
                    <Unicode>Am Ende sind sie ihre dienstbarn Geistrat</Unicode>
                </TextEquiv>
            </TextLine>
        </TextRegion>
    </Page>
</PcGts>
