7432 4680
367 170 597 388 P7
1935 200 2195 350 46
5499 179 5737 413 47
1223 222 1492 477 jetzt
912 286 1151 452 da
3939 205 6722 605 Bald ist es eine sagenhafte Gegend¬
452 311 2933 644 Nachdem ich aus den FlegeGahren fast
3951 512 7285 754 Wo, wie das Volk glaubt, nächtlich Geister hausen,
371 516 3291 784 Herausgetreten bin – nur fast sag' ich
3951 618 7280 938 Auch manche wald ge Gegend, steile Felsen¬
401 656 3222 887 Der lustige Schlendrian binich geblieben.
3985 793 7285 1095 Die zeichte unsern Blicken sich – und schweren
392 835 3171 1117 Und habe sehr viel Fortschritte gemacht.
3951 963 7289 1206 Dann wieder nur ein stüchtig Bild in unsere
413 1027 3653 1283 Dich Ich kann mich rühmen, ohne patzelt mich
3968 1117 6709 1398 Seale zurückelassen; denn so viel
426 1134 3431 1432 Zu machen! gut hab ich die Prüfung ein
3917 1287 7276 1552 Das hat in eines Menschen Geist nicht Raum
371 1334 3568 1598 Bestanden - Auszeichnung in allen Dingen
3939 1471 7285 1726 Doch sieh! – was sich ich auf der Erd liegen¬
405 1483 3312 1679 Latein und Griechisch, wie Naturgeschichte,
3926 1581 7336 1854 Ein Edelstein? wie das doch glänzt und schienen
422 1645 3342 1910 Physik um Mathematik - Weltgeschichte.
3896 1782 7327 2067 (Hatt einer nicht Ein Edelstein kanns doch nicht sein, denn das,
405 1816 3265 2076 In Philosophischem nur hab' ichs bunt getrieben
3922 1918 7199 2195 Das läßt man nicht so auf der Post liegen
401 2016 3517 2276 da bin ich immer:- jedes Jahr zurückgeblieben.
3977 2080 6931 2370 Nun um des Glanzes will ichs nehmen.
418 2118 3372 2383 Daß hab' ich, da schwar wohl sehr geschickt
3981 2234 7199 2498 Dich muß ich schauen, wo denn Bertholf bleibt,
422 2272 3521 2549 Mich unverschret aus der Prüfung g'rückte
6006 2391 6436 2596 (Ab.
371 2464 3551 2724 Nun kann ich fröhlich freilich froh zum Vetter
2937 2592 3636 2771 Heimschazieren
4923 2558 7204 2839 VII. Hoberle (arthemlos, (allein) spricht aufängig
384 2621 3470 2890 Doch darf ich meine diamanten nicht verlieren.
4744 2681 6006 2856 darauf Adolau. Bat
4007 2737 6782 2992 die diamanten. ach-die Diamanten?
1436 2766 3666 3060 Ab. falle aus seiner Tisch die dort
3968 2903 7272 3159 Ich könnte weinen, schreien, platzen, plärren
1471 2924 3725 3197 VI. Rodolp(mit einen Ränzel, allein)
3968 3039 5993 3312 Diamanten, die Edelsteine
388 3099 3585 3320 So wären wir nun ferne von dem Dorfe
107 3129 286 3316 at
3968 3201 7306 3427 Sie sind aus meinen Händen mir geraubt.
435 3261 3504 3551 Unech wandern in die weite, weitz Welt
5916 3359 6334 3487 trauen
6274 3350 6816 3568 ich recht
3985 3372 6074 3602 [sie findend], Dorf ich den Augen¬
401 3414 3448 3700 Ein jede Landschaft zieht an uns vorüber,
5511 3504 6407 3640 ich hab sie
6586 3487 7246 3636 Punzen.
4723 3546 5443 3679 sind wieder
3998 3504 6961 3815 Ich komt sie kassen, an das Herze Kracken
477 3580 3623 3828 Aald sindt beblunde. Auen grüne Wiesen,
6667 3670 7259 3845 gestalt sie ein
4923 3674 6927 3900 Adolf v. Berthold kommen.
448 3734 3393 3977 Bald, niedre Hügel oder hohe Berge,
6820 3768 7182 3985 de2
4011 3794 7025 4135 Lüberb. Was sich ich, Adolf, Vetter Adolf,
431 3947 3777 4152 Lein ists ein kleiner Bag, der letztig plötztens
4454 3981 7336 4348 Was! Hüberle! Laß diesumarum Vetter
4049 4066 4378 4275 Adolf
452 4054 3606 4326 durch Lieblich schöne Thäler sich hinschlängelt,
