7384 4712
5305 116 5528 334 55
1922 153 2186 342 54
6501 235 7153 499 Meister
3873 231 6435 627 Drum schenket dum schenket und ein¬
351 272 2512 644 .- 391 2/2 päterl. In der Schmiede
3857 466 7078 792 Herr Schmiedegert, Voleister Freund weißer, Freund
470 528 3090 825 Die Gesellen arbeiten, (darunter Bruno)
3894 639 6513 949 Gebt uns schnell von dem besten Wein.
1436 710 2471 928 XII. Aufttitt
4389 817 7239 1101 XIII. Vorige Anna mit Wein, die Gesellen
969 883 2570 1159 Gesellen. Schmiedegut
5643 928 7198 1238 trinken. Adolf tritt
1374 1027 3271 1316 Gesang. Schmied Gesellen.
5387 1126 5961 1374 herrn.
388 1196 3152 1448 Wir arbeiten immer lu tig drauf los,
3857 1081 6967 1559 Schmiedegut. Wir seid ihr guter Freund.
396 1349 2743 1642 Und sind immer guter Dingen
5428 1423 6530 1687 Ich sei 32 Adolf.
3935 1489 4443 1749 Adolf
1456 1510 2318 1782 Schmiedegut
3869 1605 6992 1910 Herr Meister, hört, ich will Geselle werden.
412 1683 3114 1968 Arbeitet immer nur frisch darauf los,
3915 1745 7206 2083 Schmiedegul. So bleibet da, ihr seid Geselte, Adolf
454 1844 2599 2112 Und jeder ein Liedelein singe.
3890 1902 6810 2281 Nun könnt ihr gehn, ihr halt auch abgemuht
1097 1910 3614 2273 Gesellen Clle (singen) (in Gef. auch Schmordig)
5598 2071 6472 2318 (Alle ab außer)
425 2149 2966 2454 Schmiede sind wir, Schmied sind mir
4690 2104 7215 2508 XIV. Vorige ohne Bruno. Schmiedeg. Noth
3081 2215 3605 2450 Da kamer
441 2322 3028 2611 Wir schnieden wohl mannich es Schwert,
3898 2314 7223 2727 Bolf. Was sich' ich!  Bruno du, der Todtgeglaultes
2834 2401 3395 2595 es gefällt ist
404 2479 3651 2764 Schmiede sind wir, und man Schmi jeden muß kann
3956 2533 7264 2883 Brund. Ha! ich erkenne dich, mein Freund, wein Advo¬
829 2652 1151 2776 man
466 2640 2475 2925 Hat er ihn einmal gehört.
3935 2739 4934 2974 Wolf. Du da!
417 2813 2574 3090 Siegfried auch, der kocke Zucker,
3931 2739 7219 3094 Bruno. Du bist erstaunt, was soll das seißen
441 2974 2574 3246 War einstensmal ein Schmied
3964 3061 7235 3267 Sag' mir, warum mein Vater mir nicht hreibt?
466 3123 3267 3354 Auch wir sind Schmidt, Schmiede sind wir,
3956 3164 7223 3469 auff. Was! bi’t du klug? Du schreibst nicht überzeug¬
454 3312 2586 3580 Und singen ein lustiges Lied
3956 3341 7178 3646 Sieh, was mir einfällt jetzt, du hast geschrieben,
396 3469 2087 3712 Es lebe unser Herr Collegen
3976 3498 7037 3890 dein Vater, Bauer, wohnet nicht mehr dort
462 3609 2731 3890 Das Kacko Funkerlei Eingfried
3985 3708 5499 3976 Wo du ihn verließest
412 3770 2219 4076 Ihm zu Ehren, ihm zum Lobe
5358 3799 7281 4121 Freund. was soll das sein?
2343 3840 2768 4067 I have a
3964 3873 4839 4158 Schmiedegut.
446 3931 2322 4228 Singen wirs lustige Lied
2112 4018 2590 4203 wir hen
5391 4005 5940 4294 Es läutet
437 4071 3580 4414 Herr Schmiede gut, Meister, Freund uns geplaget
