7480 4744
3728 228 7134 674 Sepp. Ich will es nicht verrafen, liebe Herren.
1456 369 3329 670 M. Sepp(an Hintergründe)
3801 520 6984 833 Kubbe. Nun wohl! ich will dir's glauben
1224 567 3642 790 Kubler. Korner. (die Sepp nicht bemerken.)
4355 644 6674 902 (Kubler u. Komeral. Ztert Sept.
279 734 3638 958 Kubler. Ihr seit mein Freund, es schenke auf Ver¬
4901 812 6520 1087 XII. c/d Sepp (allein.)
2981 893 3621 1104 trauen.
3818 898 4136 1108 HofR
3775 979 6709 1319 Was hab' ich alles heut nicht schon gehört
6619 1001 7040 1215 Sekel
228 984 3144 1353 Wir haben langschon nicht davon Gesprochen
3805 1125 7001 1452 Zwei Söhne fehlen, ebensoviel Brüder
172 1220 3260 1447 Ihr habt wie ich den Vater auch verloren
3805 1297 7246 1628 Zwei Väter auch -; wo mögen sie denn seine
322 1439 3423 1598 Es waren ganz verschieden Charaktere
4862 1495 5163 1606 Eisen
3844 1430 6717 1739 Und diese Bruder. Wie viel Aehnlichheit
279 1546 3638 1752 Doch waren immer, sie die besten Freunde.
3831 1636 7259 1950 Ist zwischen ihrem Schicksal und dem meinen
335 1709 3552 1924 Korner. Ja Kübler wohl, mein Vater wollte Gold,
3823 1778 7203 2057 Auch ich bin mit dem Bruder ausgezogen
172 1868 3625 2148 E "Nur großer Reichthum" war sein erster Wasser
3810 1933 7151 2229 Und ließ noch einen in dem Dorf zurück
305 2032 3573 2233 ein einziges Streben und beständig Beden¬
3835 2096 7271 2405 Er hat sich auch am Weg von mir getrennt,
339 2203 3664 2431 Kulbr. Und meines Vaters Wahlspruch war. Nurchrichtig¬
3840 2272 7181 2568 Beim Schmiedegut war ich die zehne Jahre.
365 2345 3157 2586 Er hatte Recht, ihr werde es zugeben
3835 2392 7289 2740 dann wollt ich weiterwandern, noch viel weiter
322 2513 3410 2740 Jetzt hört mir zu. Es war dieselbe Nacht,
3853 2556 7276 2818 dann wandert' ich nun an die fünfzehren
348 2663 3329 2955 In der die beiden Väter weggeflohen
6554 2749 7095 2972 Jahre
399 2822 3492 3118 Da hatt' ich einen gottgesandten Traum
3908 2852 7289 3183 Doch kehrt' ich dann nicht in die Heimat im
352 2994 3556 3268 Es dunkle mir, ich sich die Väter sprechen
3930 3028 7289 3410 Nein, auf dem Schiffe ward ich drauf Magi¬
339 3153 3591 3436 der deine spräch zusammen. Lieben Freund,
3908 3238 6717 3548 Und fünfzehn Jahre blieb ich auf der
6782 3230 7302 3436 kein egh
365 3286 3745 3535 Du sollst mich wohl auf meiner Flucht beschlo¬
3896 3359 7276 3698 Und dann erst nach dem vielgeliebten
352 3479 3492 3745 Und achter nicht auf unsre Söhne. Sie
6305 3565 6992 3737 heben
365 3561 3711 3926 Sind stark genug, um sich allein zu helfen
3870 3681 6859 3964 Kehrt' ich zurück in dieses Dorf; doch hand
520 3788 1443 3917 Mein Vater
408 3797 3775 4024 Aus seiner stimmte auch aus Neugestl bei
3874 3814 7263 4201 Ich nicht den theuren Bruder, als ich wegzog¬
425 3951 3707 4231 Sepp. Ihr Herren ja, und dieser Traume ist wahr.
3908 4016 6756 4312 da hätte er von zehnährigen Knaben.
477 4115 3694 4402 Kaner. Was alter Sepp! er hast uns ja lebenscht!
