7336 4868
6050 128 7017 475 dann ¼ Brunodina
4223 252 5988 620 Wie im III. Aufs. P. Seine
1103 405 1690 620 No -69-
1157 355 3637 802 II. Anfrug. II. Abtheilung. 1 Jahr später.
4405 364 7025 793 III Michl. Ellred Berthold. Damm
3761 616 7091 988 Berth. Wie schrecklich ist’s da drunten! Gott! wie schreitlich
293 736 2364 1070 Vor der Schmiede. I. Seßß (allein
2277 835 2451 967 mit
269 785 3471 1207 Es war schon Zeit, daß Adolf und Brund fortgeht:
3773 847 5666 1153 Adolf. Was sich' ich, Berthold!
335 988 3517 1380 Ich habe kaum mehr fünfzig Kreuze, fünszig.
4769 1029 5484 1231 Alfred.
3777 1074 4157 1236 Bruno
4364 1157 5558 1384 Bruder! Michel!
3802 1219 4137 1500 Sepp
314 1219 1876 1612 Ich gehe voraus (ab.)
1219 1174 3558 1583 II. Anna Schmiedegel. Bruner Adol
4686 1306 6244 1541 (Alle umarmen sich)
372 1442 3595 1839 Schmiedegut. Nun gut! Das Schriftum’s, fr Kortelst geben
4686 1413 6955 1723 Ehrachia erscheint und spricht
397 1591 3599 2058 Hier Adolf, ist, wie ich Dir versprochen Anna
3827 1723 7067 2041 Ihr werdet immer nun beisammen
422 1810 3356 2211 Hier ist herum, nimme sie und Dir als Frau!
6157 1901 6686 2099 bleiben
430 2033 1831 2343 Adolf. Wie soll auch
3889 2087 7145 2426 Und nicht mehr bei der Goldeskönigin
1219 2091 3537 2430 Richts Dank für die Belohnung!
3864 2227 7191 2558 Ihr goldnes Reich soll heute noch zerstaubet
438 2281 773 2513 Schm
479 2302 2686 2674 Nimm sie hin, die willst sie, lebet wohl
3885 2384 7141 2748 Da ihr ihr bleibt glücklich fernerhin!
488 2426 3029 2868 Une Gott behüte auch und sie! (Ab.)
3885 2546 7166 2897 Nachdem ihr fort seid aus dem Höllen rogen
1186 2595 3248 2909 Chrachia erscheint u. rd spricht
3889 2707 7116 3108 Letzt willich euch für ewig glücklich.
471 2756 3587 3165 die best gewandelt stets in meinen Wegen
5765 2851 6699 3157 machen.
488 2951 2975 3261 Und warst für Gutes immerdar bereit.
529 3095 3496 3434 Du hast den Lohn; deine Anna ist dem Segen
6319 3075 6740 3422 ye:
479 3203 3748 3645 Sie ist der Lohn für deine Ehrlichkeit (2) erschwindet)
4773 3289 6612 3612 rüde. Wehr
5579 3566 6290 3930 297
5430 3847 6401 4314 nicht befond
1219 3839 2814 4298 Verwandlung.
3116 3938 3711 4376 Herren
