7496 4792
4961 237 5341 406 31
3752 302 7232 665 Ich will euch einen Auszug machen, Herrin!
1727 354 2046 514 30-
341 406 3562 751 Pal (schverb.) Ich bin der aller höchsten Magestät
3903 514 7215 820 Ich bin es, Herrin, der das Stieselputzen
445 600 3225 920 Erster Minister. Ost hab ihr Euch schon
3735 656 6994 1002 In diesem unterird'schen Reich erfunden
488 769 3532 1088 Mit klugen, weisen Rate. beigestanden.
3782 868 6973 1148 Ich bin es auch, der das zuerst entdeckte
3830 971 7210 1330 daß Wachsponnade euren Haaren nützlich.
432 971 2094 1261 Gold. Zur Sache, weiter
2163 1010 3674 1369 Auch hab' ich die Schmidierin
3907 1153 6990 1438 Und noch die nützlichste Entdeckung ist -!
406 1161 717 1373 Pal.
475 1239 3463 1550 Madame von Theuerheim habe ich.
3873 1300 6973 1636 Ich habe die Gignons erfunden, die
168 1369 350 1563 be
479 1390 3484 1749 der hohen Majestät empfohlen. Auch
3903 1468 7202 1736 Auf eurem Haupte fehlich prangen. Auch
164 1546 337 1787 e
466 1580 3666 1904 den Schuster Pechenschwarz, von dem die Hoheit
3856 1585 7094 1956 die falschen Zöpfe, die auch prächtig stehen,
505 1736 3553 2081 Die Schuhe für die kleinen Füß bezieht,
3868 1757 7301 2120 Ist meiner Hände Werk, und meines Köpho¬
449 1891 3609 2202 die zu bestellen, alles war mein Werk.
3873 1930 7305 2275 Ich habe mehr Recht noch auf eure Hand,
501 2059 3545 2370 Ja, einstens - Majestät, erinnern sich –
3920 2103 6852 2396 Als dieser große Prahler Palago¬
1831 2198 3726 2487 meine Würde nicht geschrieben
3894 2280 7210 2552 Gold. Ich will mir alles reiflich überlegen.
484 2267 2224 2539 Da habe sich höchstselige
2211 2375 3527 2647 Pantoffeln - Friede
501 2452 2232 2677 Madames v.t jährige
3890 2422 7189 2729 Jetzt Rosnach und forschet auch nach mei¬
3251 2521 3476 2651 da
531 2586 3389 2832 Sei ihren setzen auszubessern. Erz!
6105 2547 7227 2845 ein Schicksal.
492 2694 3670 3018 der Schneider Wadelfein Bauchgrinnen hatte.
5475 2755 6411 3014 (Sal. Str. ab)
544 2863 3627 3186 Erinnert euch nur all der wichtgen dienste.
4944 2806 6265 3173 XXII. Toldachia
6040 3061 6256 3169 very
544 3052 3704 3329 Ihr könnt mir drum drauf nichts erwidern, wenn
3912 3122 7012 3359 Lakaio. (eintretend.) Madame) Theuerhenne
484 3182 3592 3432 Ich mich um eure Hand bewerbe dann
5837 3212 6848 3497 Sollherein.
3968 3333 4279 3506 Gold.
471 3355 3670 3592 Sönt' ich als umsichtsvoller Fürst das Lage
3976 3445 6584 3679 Cakaic der Schuster, Rechenschwarz.
484 3527 3700 3821 der Unterwelt beherrschen, und an un¬
6157 3545 7158 3808 Er soll herein
177 3618 341 3821 be
3989 3631 4404 3847 Gold.
518 3726 3691 3981 Seite das Volk der zuv erge glücklich ersten
4123 3717 7344 4033 (Lakaiorb.) (Theuerherme und Pechenschwaz, per
164 3761 358 4041 He
466 3877 3704 4102 Krösos. der Kerl hat sich die Rede einstudiert
3933 3929 7163 4145 ein Packet jener ein Paar Schuhe haltend.)
514 3985 3350 4283 Und hat sie auch vortrefflich stylisirt.
3933 4007 7361 4400 Gold. Es freut mich sehr, Manesell, sie wohl zu für
453 4097 3704 4507 Ich war auch noch viel wichtiger, o Hoheit
6416 4210 6787 4395 den.
7016 4253 7318 4451 sehen
