7464 4872
6102 102 6405 316 I have
3813 248 6811 512 (al. (nur) Kann sie die bleiben nicht 3 1/2 Volst. Warum) sie soll mitt
3852 312 7174 653 al. (f.) das ist verdammt! Wie soll ich da rauskom¬
1793 363 2058 572 36.
6819 431 7135 542 men.
470 483 3676 798 Sal. Das kann ich nicht verstehn, was soll das sein?
4185 517 6098 837 (Gold. Calago, aura ivb.)
5034 594 7191 910 Lakaio Krösos. Bala
389 628 3762 935 Krös. Es fängt mir wird im Kopfe anzuwen¬
3852 803 7199 1187 lakaic. Ihr seid genug geängstigt worden, Stra. sob
500 854 3604 1119 Aus diesem Labyrinth, das voll ist von
3856 995 7144 1324 Ich will auch aus der Ungewißheit ziehen.
491 961 3753 1290 Vervirungen, sind ich mich nicht heraus.
3856 1106 7063 1499 Die Königin hat euch die Hand versprochen.
431 1140 3617 1443 sal. Zum Teufel’ sagt, was soll denn das bedeuten’
3873 1294 6900 1648 doch auch den Palago hat sie gemeckt.
461 1324 3728 1550 Sind wir von einem nek'schen Traum bestrag
483 1430 3536 1768 Mir schwindelt wirklich, es ist gar zu toll!
3869 1456 6576 1823 Krösor Geneckt? Was soll das heißen,
5410 1627 6593 1917 Kid nur ruhig.
705 1670 3395 1883 (Aurau. Bala kommen aus dem Hintergr.)
3852 1708 4479 1960 Lakaio
3860 1768 6277 2148 Ihr beide habt schon eine Braut!
453 1823 3356 2075 Aura. Ah, lieber Palago, ich find’ dich hier!
5811 1968 6375 2186 Wiese
436 1964 2297 2250 Bala. Ah Kröses, du bist da.
3839 1981 5483 2306 Krösos (zurückschreckend)
3856 2075 7071 2421 Kakaio. Und dieses weiß die hohe Königin,
2037 2118 3326 2387 Du siehst's ja, Bala.
436 2152 777 2378 Fries
3822 2276 6618 2605 Für eure Unbeständigkeit hat sie
431 2306 3676 2566 Bala. Mir scheint, du bist heut nicht gar gut geben
5769 2366 7242 2647 Das ist die Geschichte.
393 2489 3676 2733 al. (da Kr. verlegen ist) Sein blauer Hofenträger ist zerrißen
3852 2485 5658 2793 Euchstrafen wollen. -
4923 2519 7242 2848 Vorige. Palago. Pro Ausw.
418 2596 2775 2899 Bals. den habx er immer lieb gehabt.
3894 2711 6939 3040 Aura. Aha, die hast dich ihr verlobet ihm!
2434 2750 3177 2968 Und was
448 2788 824 3015 Aura.
3903 2895 7323 3215 Du kannst's nicht läugnen, du hast's dre gesagt.
474 2916 3595 3151 Ist dir denn, lieber Palago, sag mir 5mon¬
3920 2993 7255 3442 Palago. (schr. verdrießt.) Heut ist der Tag verhegt, es
436 3070 3625 3373 Frös. (d. Nal. verl. ist.) Die Zwetschkenknödel sind nicht gut
6029 3160 7289 3489 ist verdammt!
418 3232 3813 3518 tura (heimlz Aus.) Wie da der eine Schelm dem anderen hilf
3899 3326 7302 3723 Gold. (kommt) Jetzt will ich auch die Sache war
1294 3412 2980 3676 (Soldachia kommt hervor)
158 3548 337 3732 4
5948 3506 6721 3762 erklären.
423 3561 3719 3800 Krös. (z. Pal. heiml.) der kommt sie, und die Beiden sind auch die¬
3907 3638 7353 4091 Ich hab' euch beiden meine Hand versprochen,
162 3702 333 3869 l
431 3711 3595 3984 Tod. Das kann schön werden; das ist doch verflucht!
3954 3852 7144 4206 Ihr habt ja träute. Ich hab’s ja gewußt.
423 3907 3732 4232 Sold (z. Pal.) Nun Palago kommt mit in mein Gemach¬
3911 4027 7276 4390 (Pal. Pährtz.) Mit Ausz und mit Dala seidzufrieden
440 4095 2891 4317 Ihr könnt mit kommen, Anna!
1768 4227 2788 4479 Am so frei.
474 4249 854 4539 Aura.
