<?xml version="1.0" encoding="UTF-8" standalone="yes"?>
<PcGts xmlns="http://schema.primaresearch.org/PAGE/gts/pagecontent/2013-07-15" xmlns:xsi="http://www.w3.org/2001/XMLSchema-instance" xsi:schemaLocation="http://schema.primaresearch.org/PAGE/gts/pagecontent/2013-07-15 http://schema.primaresearch.org/PAGE/gts/pagecontent/2013-07-15/pagecontent.xsd">
    <Metadata>
        <Creator>prov=READ-COOP:name=TrHtr:version=2.1.0:model_id=51170:date=15_08_2023_05:28</Creator>
        <Created>2023-05-10T15:22:40.110+02:00</Created>
        <LastChange>2023-08-15T05:28:43.655+02:00</LastChange>
        <TranskribusMetadata docId="1428904" pageId="55433490" pageNr="18" tsid="132839387" status="IN_PROGRESS" userId="64420" imgUrl="https://files.transkribus.eu/Get?id=OQHSEOGKJFUFPGJPOADCJPBX&amp;fileType=view" xmlUrl="https://files.transkribus.eu/Get?id=WEVYTPIMRFOFQZBNJIJISYJR" imageId="44707526"/>
    </Metadata>
    <Page imageFilename="1428904_0018.jpg" imageWidth="7480" imageHeight="4824">
        <ReadingOrder>
            <OrderedGroup id="ro_1711802233537" caption="Regions reading order">
                <RegionRefIndexed index="0" regionRef="tr_2"/>
                <RegionRefIndexed index="1" regionRef="tr_1"/>
            </OrderedGroup>
        </ReadingOrder>
        <TextRegion id="tr_2" custom="readingOrder {index:0;}">
            <Coords points="161,385 3755,385 3755,4362 161,4362"/>
            <TextLine id="tr_2_tl_1" custom="readingOrder {index:0;}">
                <Coords points="1869,438 1895,434 1908,447 1925,434 1956,451 2038,451 2064,473 2086,473 2086,351 2047,351 2034,360 1956,360 1938,343 1921,343 1899,360 1891,351 1869,351"/>
                <Baseline points="1892,441 1982,435 2071,441 2095,447"/>
                <TextEquiv>
                    <Unicode>-26</Unicode>
                </TextEquiv>
            </TextLine>
            <TextLine id="tr_2_tl_2" custom="readingOrder {index:1;}">
                <Coords points="503,702 1969,611 2463,702 2988,616 2966,395 2758,468 2532,386 2190,533 1622,442 1171,564 928,369 512,395"/>
                <Baseline points="525,632 579,632 668,632 758,632 847,632 937,632 1026,626 1116,626 1206,626 1295,620 1385,620 1474,620 1564,614 1653,608 1743,608 1832,603 1922,603 2011,603 2101,597 2191,591 2280,585 2370,579 2459,579 2549,573 2638,573 2728,567 2817,561 2907,561 2997,561"/>
                <TextEquiv>
                    <Unicode>Nach dem aber Keiner begehret.</Unicode>
                </TextEquiv>
            </TextLine>
            <TextLine id="tr_2_tl_3" custom="readingOrder {index:2;}">
                <Coords points="559,837 1800,785 1912,893 2034,802 2381,859 2910,750 3200,841 3469,733 3478,559 2415,720 1977,607 1297,741 789,650 559,759"/>
                <Baseline points="585,805 614,800 704,800 794,805 883,805 973,800 1062,794 1152,794 1241,788 1331,788 1420,788 1510,788 1600,788 1689,782 1779,776 1868,776 1958,770 2047,770 2137,764 2226,758 2316,752 2406,752 2495,746 2585,746 2674,740 2764,734 2853,728 2943,722 3032,716 3122,716 3212,710 3301,704 3391,704 3480,710"/>
                <TextEquiv>
                    <Unicode>Und immer nach jedem hunderten Jahr</Unicode>
                </TextEquiv>
            </TextLine>
            <TextLine id="tr_2_tl_4" custom="readingOrder {index:3;}">
                <Coords points="555,993 794,1054 924,967 2675,971 3035,919 3044,785 2584,750 1973,898 1795,785 564,833"/>
                <Baseline points="585,973 632,973 722,973 811,973 901,967 991,967 1080,961 1170,961 1259,955 1349,955 1438,955 1528,949 1617,949 1707,949 1797,943 1886,937 1976,937 2065,931 2155,925 2244,925 2334,919 2423,913 2513,907 2603,901 2692,901 2782,895 2871,889 2961,889 3050,883"/>
                <TextEquiv>
                    <Unicode>Nach jedem vollendeten Säcular</Unicode>
                </TextEquiv>
            </TextLine>
            <TextLine id="tr_2_tl_5" custom="readingOrder {index:4;}">
                <Coords points="507,1162 1310,1127 1487,1218 1704,1110 3547,1097 3556,954 516,1028"/>
                <Baseline points="537,1128 608,1128 698,1128 788,1128 877,1128 967,1128 1056,1122 1146,1116 1235,1116 1325,1110 1414,1110 1504,1110 1594,1110 1683,1110 1773,1104 1862,1098 1952,1098 2041,1092 2131,1086 2220,1086 2310,1080 2400,1074 2489,1074 2579,1068 2668,1068 2758,1062 2847,1056 2937,1056 3026,1050 3116,1044 3206,1032 3295,1032 3385,1032 3474,1038 3564,1038"/>
                <TextEquiv>
                    <Unicode>In der Hölle mußen einen Mord sie verbleiben,</Unicode>
                </TextEquiv>
            </TextLine>
            <TextLine id="tr_2_tl_6" custom="readingOrder {index:5;}">
                <Coords points="538,1353 1721,1392 2528,1240 3434,1236 3491,1136 2554,1067 1496,1223 542,1166"/>
                <Baseline points="561,1295 585,1295 674,1295 764,1295 853,1289 943,1289 1032,1289 1122,1283 1211,1283 1301,1283 1391,1277 1480,1271 1570,1271 1659,1265 1749,1259 1838,1259 1928,1253 2017,1247 2107,1247 2197,1241 2286,1241 2379,1217 2379,1217 2423,1223 2513,1229 2603,1229 2692,1229 2782,1223 2871,1217 2961,1211 3050,1211 3140,1206 3229,1200 3319,1200 3409,1200 3498,1211"/>
                <TextEquiv>
                    <Unicode>Wo die Teufel ihr höllisches Werk betreiben.</Unicode>
                </TextEquiv>
            </TextLine>
            <TextLine id="tr_2_tl_7" custom="readingOrder {index:6;}">
                <Coords points="551,1479 2875,1388 3174,1492 3543,1392 3547,1258 2524,1240 1700,1401 555,1344"/>
                <Baseline points="573,1456 597,1450 686,1450 776,1450 865,1456 955,1450 1044,1444 1134,1444 1223,1438 1313,1438 1403,1432 1492,1426 1582,1438 1671,1432 1761,1432 1850,1420 1940,1420 2029,1414 2119,1403 2209,1397 2298,1397 2388,1391 2477,1385 2567,1385 2656,1379 2746,1379 2835,1373 2925,1373 3015,1367 3104,1361 3194,1361 3283,1355 3373,1355 3462,1349 3552,1355"/>
                <TextEquiv>
                    <Unicode>Dort werden in der furchtbarsten Glut</Unicode>
                </TextEquiv>
            </TextLine>
            <TextLine id="tr_2_tl_8" custom="readingOrder {index:7;}">
                <Coords points="551,1643 1136,1613 1327,1713 1591,1596 1969,1596 2060,1691 2207,1613 2407,1691 2788,1565 2793,1448 2593,1388 1787,1492 1531,1444 1379,1531 915,1457 555,1522"/>
                <Baseline points="573,1617 650,1611 740,1611 829,1611 919,1606 1008,1606 1098,1600 1188,1594 1277,1600 1367,1594 1456,1588 1546,1582 1635,1582 1725,1582 1814,1576 1904,1576 1994,1576 2083,1570 2173,1564 2262,1558 2352,1552 2441,1546 2531,1546 2620,1540 2710,1534 2800,1534"/>
                <TextEquiv>
                    <Unicode>Gebraten sie und geröstet</Unicode>
                </TextEquiv>
            </TextLine>
            <TextLine id="tr_2_tl_9" custom="readingOrder {index:8;}">
                <Coords points="559,1800 1791,1860 2784,1726 2875,1826 3326,1734 3673,1804 3681,1561 2918,1652 2736,1561 2372,1691 802,1622 564,1752"/>
                <Baseline points="585,1779 644,1779 734,1779 823,1779 913,1773 1003,1773 1092,1767 1182,1761 1271,1761 1361,1761 1450,1761 1540,1755 1629,1749 1719,1749 1809,1749 1898,1743 1988,1737 2077,1731 2167,1731 2256,1725 2346,1725 2435,1719 2525,1713 2614,1713 2704,1707 2794,1707 2883,1707 2973,1701 3062,1695 3152,1695 3241,1689 3331,1683 3420,1683 3510,1683 3600,1677 3689,1677"/>
                <TextEquiv>
                    <Unicode>Sie kommen heraus in der größten Wut¬</Unicode>
                </TextEquiv>
            </TextLine>
            <TextLine id="tr_2_tl_10" custom="readingOrder {index:9;}">
                <Coords points="616,1964 1587,1912 1826,2025 1943,1917 2190,1891 2411,1986 2563,1882 2884,1891 2888,1734 1791,1860 1479,1774 1114,1860 841,1787 620,1834"/>
                <Baseline points="638,1934 656,1934 746,1934 835,1934 925,1934 1014,1928 1104,1922 1194,1922 1283,1916 1373,1916 1462,1910 1552,1910 1641,1904 1731,1904 1820,1898 1910,1898 2000,1892 2089,1892 2179,1880 2268,1880 2358,1874 2447,1868 2537,1868 2626,1868 2716,1868 2806,1868 2895,1862"/>
                <TextEquiv>
                    <Unicode>Aber keineswegs getröstet</Unicode>
                </TextEquiv>
            </TextLine>
            <TextLine id="tr_2_tl_11" custom="readingOrder {index:10;}">
                <Coords points="1921,2012 1943,2012 1951,2003 1982,2016 2021,1990 2042,1995 2077,1973 2090,1986 2116,1973 2159,1973 2164,1895 2133,1891 2103,1908 2090,1899 2060,1917 2029,1908 2016,1917 1986,1912 1964,1930 1925,1921"/>
                <Baseline points="1946,1982 1988,1982 2077,1970 2167,1970"/>
                <TextEquiv>
                    <Unicode>und</Unicode>
                </TextEquiv>
            </TextLine>
            <TextLine id="tr_2_tl_12" custom="readingOrder {index:11;}">
                <Coords points="607,2133 2086,2068 2329,2155 2606,2060 2701,2142 3152,2051 3157,1947 2879,1882 2723,1960 2589,1878 2398,1995 1873,2025 1505,1930 1106,2042 611,1964"/>
                <Baseline points="632,2101 656,2101 746,2101 835,2101 925,2101 1014,2101 1104,2095 1194,2089 1283,2083 1373,2083 1462,2077 1552,2077 1641,2071 1731,2071 1820,2071 1910,2071 2000,2065 2089,2065 2179,2059 2268,2053 2358,2041 2447,2041 2537,2035 2626,2035 2716,2035 2806,2041 2895,2035 2985,2035 3074,2029 3164,2029"/>
                <TextEquiv>
                    <Unicode>Wir weidens uns an ihrer Qual</Unicode>
                </TextEquiv>
            </TextLine>
            <TextLine id="tr_2_tl_13" custom="readingOrder {index:12;}">
                <Coords points="624,2281 1496,2346 2034,2224 2424,2324 2684,2207 3456,2233 3460,2034 3001,2146 2537,2055 2333,2159 2042,2077 1310,2203 1093,2103 629,2177"/>
                <Baseline points="650,2262 692,2262 782,2262 871,2262 961,2256 1050,2256 1140,2250 1229,2250 1319,2250 1408,2244 1498,2238 1588,2238 1677,2232 1767,2226 1856,2226 1946,2226 2035,2220 2125,2214 2214,2214 2304,2214 2394,2209 2483,2209 2573,2209 2662,2209 2752,2203 2841,2203 2931,2197 3020,2191 3110,2185 3200,2179 3289,2179 3379,2173 3468,2179"/>
                <TextEquiv>
                    <Unicode>Sie haben es so sich gewünscht einmal.</Unicode>
                </TextEquiv>
            </TextLine>
            <TextLine id="tr_2_tl_14" custom="readingOrder {index:13;}">
                <Coords points="134,2298 173,2294 195,2303 204,2294 212,2303 234,2281 278,2264 330,2272 338,2038 278,2025 256,2042 243,2034 165,2077 143,2077"/>
                <Baseline points="161,2262 250,2262 340,2256"/>
                <TextEquiv>
                    <Unicode>be</Unicode>
                </TextEquiv>
            </TextLine>
            <TextLine id="tr_2_tl_15" custom="readingOrder {index:14;}">
                <Coords points="520,2537 824,2441 1214,2532 1344,2420 1466,2476 2099,2381 2294,2485 2415,2376 2736,2385 2741,2211 2415,2329 2029,2224 1496,2346 1262,2264 1123,2346 867,2268 529,2355"/>
                <Baseline points="549,2435 597,2429 686,2423 776,2423 865,2423 955,2423 1044,2412 1134,2412 1223,2406 1313,2406 1403,2400 1492,2394 1582,2394 1671,2388 1761,2388 1850,2382 1940,2382 2029,2382 2119,2382 2209,2376 2298,2370 2388,2364 2477,2358 2567,2352 2656,2352 2746,2346"/>
                <TextEquiv>
                    <Unicode>Ihr Wunsch, er wurde erfüllet</Unicode>
                </TextEquiv>
            </TextLine>
            <TextLine id="tr_2_tl_16" custom="readingOrder {index:15;}">
                <Coords points="585,2649 1526,2563 1669,2645 2272,2541 2485,2632 3035,2537 3040,2407 2741,2363 2294,2485 2185,2385 1756,2402 1218,2537 833,2437 590,2515"/>
                <Baseline points="608,2591 632,2591 722,2585 811,2579 901,2573 991,2573 1080,2567 1170,2567 1259,2567 1349,2561 1438,2561 1528,2555 1617,2549 1707,2555 1797,2549 1886,2543 1976,2537 2065,2537 2155,2537 2244,2537 2334,2525 2423,2519 2513,2513 2603,2513 2692,2507 2782,2507 2871,2507 2961,2507 3050,2501"/>
                <TextEquiv>
                    <Unicode>das Andere die Zukunft verhüllet.</Unicode>
                </TextEquiv>
            </TextLine>
            <TextLine id="tr_2_tl_17" custom="readingOrder {index:16;}">
                <Coords points="2823,2662 2996,2662 3035,2697 3079,2667 3196,2680 3291,2654 3356,2688 3395,2667 3473,2714 3577,2714 3577,2498 3452,2498 3400,2528 3196,2506 3057,2554 2983,2528 2949,2563 2823,2571"/>
                <Baseline points="2847,2662 2937,2656 3026,2656 3116,2650 3206,2650 3295,2650 3385,2656 3474,2656 3564,2662 3582,2662"/>
                <TextEquiv>
                    <Unicode>das Geschick,</Unicode>
                </TextEquiv>
            </TextLine>
            <TextLine id="tr_2_tl_18" custom="readingOrder {index:17;}">
                <Coords points="590,2767 2636,2671 2814,2788 3231,2793 3417,2749 3421,2662 3031,2697 2628,2576 2329,2636 2086,2545 1721,2662 1331,2589 594,2645"/>
                <Baseline points="614,2740 650,2740 740,2740 829,2734 919,2728 1008,2728 1098,2728 1188,2716 1277,2716 1367,2710 1456,2710 1546,2704 1635,2704 1725,2704 1814,2704 1904,2698 1994,2698 2083,2692 2173,2680 2262,2680 2352,2674 2441,2668 2531,2668 2620,2668 2710,2680 2800,2698 2889,2710 2979,2722 3068,2728 3158,2734 3247,2734 3337,2728 3426,2734"/>
                <TextEquiv>
                    <Unicode>Wohl manche wißen nicht zukunft</Unicode>
                </TextEquiv>
            </TextLine>
            <TextLine id="tr_2_tl_19" custom="readingOrder {index:18;}">
                <Coords points="1075,2827 2636,2801 2684,2680 1080,2736"/>
                <Baseline points="1098,2800 1170,2817 1259,2817 1349,2776 1438,2776 1528,2776 1617,2776 1707,2782 1797,2788 1886,2782 1976,2758 2065,2746 2155,2746 2244,2740 2334,2740 2423,2740 2513,2740 2603,2746 2692,2752"/>
                <TextEquiv>
                    <Unicode>die gekunst, nächste zogst</Unicode>
                </TextEquiv>
            </TextLine>
            <TextLine id="tr_2_tl_20" custom="readingOrder {index:19;}">
                <Coords points="555,2940 2897,2832 3304,2905 3309,2788 2732,2710 2428,2806 1162,2853 880,2741 555,2853"/>
                <Baseline points="579,2913 626,2907 716,2907 805,2901 895,2889 985,2889 1074,2883 1164,2883 1253,2871 1343,2877 1432,2871 1522,2871 1611,2871 1701,2871 1791,2865 1880,2859 1970,2859 2059,2853 2149,2853 2238,2847 2328,2841 2417,2835 2507,2835 2597,2829 2686,2823 2776,2823 2865,2823 2955,2823 3044,2823 3134,2817 3223,2817 3313,2829"/>
                <TextEquiv>
                    <Unicode>Was die Nächste ihnen wird bringen,</Unicode>
                </TextEquiv>
            </TextLine>
            <TextLine id="tr_2_tl_21" custom="readingOrder {index:20;}">
                <Coords points="854,3005 954,3009 984,2983 1032,3018 1197,2992 1240,3014 1275,2988 1344,2988 1392,3035 1422,3035 1431,2884 1266,2884 1223,2905 1184,2884 1136,2914 1097,2897 1058,2918 1032,2901 859,2905"/>
                <Baseline points="877,2961 901,2955 991,2961 1080,2955 1170,2943 1259,2937 1349,2943 1438,2937"/>
                <TextEquiv>
                    <Unicode>nicht kann</Unicode>
                </TextEquiv>
            </TextLine>
            <TextLine id="tr_2_tl_22" custom="readingOrder {index:21;}">
                <Coords points="598,3096 1587,3148 1804,3040 2532,3018 2697,3113 2910,3001 3747,3001 3751,2858 603,2970"/>
                <Baseline points="626,3074 710,3068 800,3062 889,3062 979,3068 1068,3068 1158,3062 1247,3056 1337,3050 1426,3050 1516,3044 1606,3038 1695,3038 1785,3026 1874,3026 1964,3032 2053,3026 2143,3020 2232,3020 2322,3020 2412,3020 2501,3015 2591,3003 2680,3003 2770,2997 2859,2991 2949,2991 3038,2985 3128,2979 3217,2979 3307,2973 3397,2973 3486,2973 3576,2973 3665,2973 3755,2967"/>
                <TextEquiv>
                    <Unicode>deme der Habsucht'gen Menschen kurzsichtge¬</Unicode>
                </TextEquiv>
            </TextLine>
            <TextLine id="tr_2_tl_23" custom="readingOrder {index:22;}">
                <Coords points="525,3244 2203,3183 2381,3287 2593,3170 3157,3148 3374,3235 3482,3174 3491,2975 2693,3113 2268,3031 1583,3148 1492,3066 1327,3157 533,3100"/>
                <Baseline points="555,3229 626,3229 716,3223 805,3217 895,3217 985,3212 1074,3212 1164,3206 1253,3206 1343,3206 1432,3200 1522,3194 1611,3194 1701,3188 1791,3182 1880,3182 1970,3176 2059,3176 2149,3170 2238,3170 2328,3170 2417,3164 2507,3158 2597,3158 2686,3152 2776,3152 2865,3146 2955,3140 3044,3110 3134,3104 3223,3098 3313,3092 3403,3092 3492,3110"/>
                <TextEquiv>
                    <Unicode>des Kommenden Dunkel durchbringen. Elick</Unicode>
                </TextEquiv>
            </TextLine>
            <TextLine id="tr_2_tl_24" custom="readingOrder {index:23;}">
                <Coords points="481,3408 828,3491 1140,3387 1249,3486 1448,3378 3625,3352 3634,3139 2975,3274 2741,3161 2368,3291 486,3278"/>
                <Baseline points="507,3397 591,3391 680,3391 770,3391 859,3391 949,3385 1038,3385 1128,3379 1217,3379 1307,3373 1397,3367 1486,3361 1576,3361 1665,3355 1755,3355 1844,3349 1934,3349 2023,3343 2113,3343 2203,3337 2292,3337 2382,3337 2471,3325 2561,3325 2650,3319 2740,3313 2829,3319 2919,3319 3009,3319 3098,3307 3188,3301 3277,3301 3367,3295 3456,3295 3546,3295 3635,3295"/>
                <TextEquiv>
                    <Unicode>Sie wissen nichts von den nächsten Stund¬</Unicode>
                </TextEquiv>
            </TextLine>
            <TextLine id="tr_2_tl_25" custom="readingOrder {index:24;}">
                <Coords points="147,3430 204,3430 217,3413 252,3413 269,3426 286,3408 304,3408 321,3426 343,3421 325,3187 291,3178 265,3191 252,3178 238,3191 217,3191 191,3170 165,3178 152,3165 130,3170"/>
                <Baseline points="167,3385 256,3391 346,3397 352,3397"/>
                <TextEquiv>
                    <Unicode>1</Unicode>
                </TextEquiv>
            </TextLine>
            <TextLine id="tr_2_tl_26" custom="readingOrder {index:25;}">
                <Coords points="1869,3417 1886,3417 1895,3426 1930,3426 1947,3413 1977,3426 1995,3426 2012,3413 2042,3417 2042,3361 2029,3356 2008,3352 1964,3369 1938,3369 1925,3356 1908,3356 1899,3365 1886,3356 1869,3356"/>
                <Baseline points="1892,3420 1964,3409 2053,3409"/>
                <TextEquiv>
                    <Unicode>er</Unicode>
                </TextEquiv>
            </TextLine>
            <TextLine id="tr_2_tl_27" custom="readingOrder {index:26;}">
                <Coords points="451,3582 1223,3560 1357,3655 2316,3504 3677,3504 3712,3309 2532,3439 2068,3361 455,3447"/>
                <Baseline points="477,3564 489,3564 579,3558 668,3558 758,3558 847,3552 937,3546 1026,3546 1116,3540 1206,3540 1295,3540 1385,3534 1474,3522 1564,3522 1653,3516 1743,3516 1832,3516 1922,3516 2011,3516 2101,3504 2191,3498 2280,3498 2370,3498 2459,3492 2549,3492 2638,3486 2728,3486 2817,3480 2907,3480 2997,3480 3086,3474 3176,3474 3265,3468 3355,3462 3444,3462 3534,3462 3623,3462 3713,3468"/>
                <TextEquiv>
                    <Unicode>Doch unser Geist thut es uns kund,</Unicode>
                </TextEquiv>
            </TextLine>
            <TextLine id="tr_2_tl_28" custom="readingOrder {index:27;}">
                <Coords points="160,3582 199,3590 217,3573 243,3590 282,3564 304,3569 312,3560 334,3560 325,3413 278,3413 265,3426 234,3408 221,3426 212,3421 195,3439 182,3430 156,3430"/>
                <Baseline points="179,3534 268,3540 346,3540"/>
                <TextEquiv>
                    <Unicode>A</Unicode>
                </TextEquiv>
            </TextLine>
            <TextLine id="tr_2_tl_29" custom="readingOrder {index:28;}">
                <Coords points="525,3755 1960,3668 2402,3751 2649,3638 3191,3742 3716,3673 3721,3499 2311,3508 1284,3660 529,3590"/>
                <Baseline points="555,3707 597,3707 686,3707 776,3701 865,3701 955,3701 1044,3695 1134,3689 1223,3689 1313,3683 1403,3683 1492,3677 1582,3671 1671,3671 1761,3665 1850,3665 1940,3665 2029,3653 2119,3647 2209,3653 2298,3653 2388,3647 2477,3641 2567,3641 2656,3635 2746,3635 2835,3635 2925,3635 3015,3629 3104,3629 3194,3623 3283,3623 3373,3618 3462,3618 3552,3618 3641,3618 3731,3635"/>
                <TextEquiv>
                    <Unicode>Wer dem Teuhel der Habsicht sein Ohr geliehen,</Unicode>
                </TextEquiv>
            </TextLine>
            <TextLine id="tr_2_tl_30" custom="readingOrder {index:29;}">
                <Coords points="147,3751 191,3747 208,3755 247,3716 265,3721 291,3699 338,3699 338,3560 308,3560 299,3569 278,3564 238,3599 186,3586 169,3599 147,3599"/>
                <Baseline points="173,3689 262,3683 346,3689"/>
                <TextEquiv>
                    <Unicode>C</Unicode>
                </TextEquiv>
            </TextLine>
            <TextLine id="tr_2_tl_31" custom="readingOrder {index:30;}">
                <Coords points="473,3929 1071,3972 1418,3859 2142,3972 2467,3820 2745,3924 3586,3907 3668,3642 3174,3747 2658,3638 2363,3768 1674,3664 477,3799"/>
                <Baseline points="501,3880 543,3880 632,3874 722,3874 811,3868 901,3862 991,3862 1080,3856 1170,3856 1259,3850 1349,3844 1438,3844 1528,3838 1617,3832 1707,3832 1797,3838 1886,3838 1976,3838 2065,3832 2155,3820 2244,3820 2334,3820 2423,3815 2513,3809 2603,3803 2692,3803 2782,3803 2871,3803 2961,3803 3050,3797 3140,3797 3229,3791 3319,3785 3409,3785 3498,3785 3588,3785 3677,3791"/>
                <TextEquiv>
                    <Unicode>der muß hier xxx, welken, verblühen</Unicode>
                </TextEquiv>
            </TextLine>
            <TextLine id="tr_2_tl_32" custom="readingOrder {index:31;}">
                <Coords points="160,3972 195,3981 252,3937 299,3885 330,3885 321,3699 282,3703 252,3738 247,3734 217,3760 195,3747 156,3751"/>
                <Baseline points="179,3862 268,3862 340,3868"/>
                <TextEquiv>
                    <Unicode>Hi</Unicode>
                </TextEquiv>
            </TextLine>
            <TextLine id="tr_2_tl_33" custom="readingOrder {index:32;}">
                <Coords points="464,4258 3738,4167 3742,3955 1713,4076 473,3924"/>
                <Baseline points="489,4197 519,4197 608,4191 698,4191 788,4185 877,4179 967,4179 1056,4173 1146,4173 1235,4167 1325,4161 1414,4161 1504,4155 1594,4149 1683,4149 1773,4143 1862,4143 1952,4149 2041,4143 2131,4137 2220,4137 2310,4131 2400,4131 2489,4131 2579,4131 2668,4125 2758,4119 2847,4119 2937,4119 3026,4113 3116,4107 3206,4113 3295,4107 3385,4101 3474,4101 3564,4107 3653,4113 3743,4119"/>
                <TextEquiv>
                    <Unicode>Goldachia. Wahr ist es Zwerg, was ihr dagefangen,</Unicode>
                </TextEquiv>
            </TextLine>
            <TextLine id="tr_2_tl_34" custom="readingOrder {index:33;}">
                <Coords points="494,4367 655,4471 1010,4362 1292,4471 1860,4375 2342,4445 2537,4328 3725,4323 3729,4197 494,4276"/>
                <Baseline points="519,4352 603,4352 692,4352 782,4352 871,4346 961,4340 1050,4340 1140,4340 1229,4334 1319,4328 1408,4322 1498,4322 1588,4316 1677,4316 1767,4310 1856,4310 1946,4310 2035,4310 2125,4304 2214,4304 2304,4304 2394,4298 2483,4298 2573,4292 2662,4292 2752,4286 2841,4280 2931,4280 3020,4274 3110,4274 3200,4280 3289,4274 3379,4274 3468,4268 3558,4268 3647,4274 3737,4286"/>
                <TextEquiv>
                    <Unicode>Denn würden hier die Menschen sterben können,</Unicode>
                </TextEquiv>
            </TextLine>
        </TextRegion>
        <TextRegion id="tr_1" custom="readingOrder {index:1;}">
            <Coords points="3779,272 7331,272 7331,4254 3779,4254"/>
            <TextLine id="tr_1_tl_1" custom="readingOrder {index:0;}">
                <Coords points="4991,304 5026,299 5108,364 5199,364 5190,221 5160,221 5138,243 5082,243 5069,260 5047,247 4987,252"/>
                <Baseline points="5015,322 5104,328 5194,334 5212,334"/>
                <TextEquiv>
                    <Unicode>27</Unicode>
                </TextEquiv>
            </TextLine>
            <TextLine id="tr_1_tl_2" custom="readingOrder {index:1;}">
                <Coords points="3751,594 4354,533 4570,629 4822,520 5299,620 5832,494 5988,620 6253,490 6726,473 6730,295 6318,260 5099,425 4974,325 4453,412 3764,269"/>
                <Baseline points="3779,531 3868,531 3958,531 4047,525 4137,525 4226,525 4316,525 4406,519 4495,513 4585,513 4674,513 4764,513 4853,507 4943,507 5032,507 5122,507 5212,501 5301,495 5391,495 5480,495 5570,489 5659,483 5749,483 5838,477 5928,477 6018,471 6107,471 6197,465 6286,465 6376,465 6465,459 6555,459 6644,453 6734,459"/>
                <TextEquiv>
                    <Unicode>Sie legten Hand an sich vor Langeweile.</Unicode>
                </TextEquiv>
            </TextLine>
            <TextLine id="tr_1_tl_3" custom="readingOrder {index:2;}">
                <Coords points="3773,737 4475,802 5598,655 6036,746 6253,637 7085,720 7090,546 6730,464 5993,611 5850,494 5312,616 3777,559"/>
                <Baseline points="3797,698 3874,692 3964,692 4053,692 4143,692 4232,692 4322,692 4412,686 4501,680 4591,686 4680,674 4770,674 4859,674 4949,674 5038,674 5128,668 5218,662 5307,662 5397,656 5486,656 5576,650 5665,650 5755,644 5844,638 5934,638 6024,638 6113,632 6203,626 6292,632 6382,626 6471,626 6561,626 6650,620 6740,620 6830,620 6919,620 7009,620 7098,626"/>
                <TextEquiv>
                    <Unicode>Kräsö. Mir scheint es ebenfalls, geehrte Herrin.</Unicode>
                </TextEquiv>
            </TextLine>
            <TextLine id="tr_1_tl_4" custom="readingOrder {index:3;}">
                <Coords points="3768,928 4930,867 5034,941 5615,820 6379,924 6704,820 6708,637 6513,728 6188,646 6075,746 5780,659 4696,702 4523,802 3773,733"/>
                <Baseline points="3791,865 3850,865 3940,865 4029,871 4119,865 4209,859 4298,853 4388,853 4477,853 4567,847 4656,847 4746,841 4835,841 4925,841 5015,835 5104,829 5194,829 5283,823 5373,817 5462,817 5552,817 5641,811 5731,805 5821,805 5910,800 6000,805 6089,800 6179,800 6268,794 6358,794 6447,788 6537,788 6627,788 6716,782"/>
                <TextEquiv>
                    <Unicode>Golit. Wie geht es Alfred, lieber Palago?</Unicode>
                </TextEquiv>
            </TextLine>
            <TextLine id="tr_1_tl_5" custom="readingOrder {index:4;}">
                <Coords points="3764,1145 4271,1032 4883,1127 5824,976 7224,993 7229,785 6543,802 6409,919 5854,820 4627,980 3773,932"/>
                <Baseline points="3791,1038 3832,1026 3922,1026 4012,1026 4101,1020 4191,1026 4280,1020 4370,1014 4459,1020 4549,1014 4638,1014 4728,1008 4818,1008 4907,1003 4997,1003 5086,991 5176,991 5265,991 5355,991 5444,985 5534,979 5624,985 5713,979 5803,973 5892,967 5982,961 6071,961 6161,955 6250,955 6340,955 6430,949 6519,949 6609,943 6698,943 6788,943 6877,937 6967,937 7056,931 7146,931 7236,931"/>
                <TextEquiv>
                    <Unicode>Palag. Dem geht's jetzt gut, - 5 wird sich schon ändern</Unicode>
                </TextEquiv>
            </TextLine>
            <TextLine id="tr_1_tl_6" custom="readingOrder {index:5;}">
                <Coords points="3786,1201 4440,1284 4900,1171 5481,1275 6032,1136 6231,1245 6491,1114 6951,1119 6951,989 6643,941 6144,1075 5728,976 5260,1123 4271,1032 3786,1145"/>
                <Baseline points="3809,1176 3826,1176 3916,1182 4006,1176 4095,1176 4185,1176 4274,1176 4364,1170 4453,1170 4543,1164 4632,1164 4722,1164 4812,1158 4901,1158 4991,1158 5080,1152 5170,1152 5259,1152 5349,1146 5438,1140 5528,1140 5618,1134 5707,1134 5797,1128 5886,1128 5976,1122 6065,1128 6155,1122 6244,1116 6334,1116 6424,1110 6513,1110 6603,1110 6692,1110 6782,1110 6871,1104 6961,1104"/>
                <TextEquiv>
                    <Unicode>Bala. Geruhen auch zu glauben, Majestät?</Unicode>
                </TextEquiv>
            </TextLine>
            <TextLine id="tr_1_tl_7" custom="readingOrder {index:6;}">
                <Coords points="3803,1349 4783,1422 5034,1323 5429,1427 6210,1288 6591,1392 6782,1284 7194,1383 7255,1145 6236,1240 5893,1145 5477,1275 4683,1175 4232,1310 3807,1210"/>
                <Baseline points="3826,1337 3862,1337 3952,1337 4041,1337 4131,1337 4221,1337 4310,1331 4400,1325 4489,1325 4579,1319 4668,1319 4758,1313 4847,1313 4937,1313 5026,1307 5116,1307 5206,1307 5295,1307 5385,1307 5474,1301 5564,1295 5653,1295 5743,1289 5832,1283 5922,1283 6012,1283 6101,1277 6191,1277 6280,1277 6370,1271 6459,1271 6549,1271 6638,1271 6728,1271 6818,1271 6907,1271 6997,1265 7086,1271 7176,1271 7265,1277"/>
                <TextEquiv>
                    <Unicode>Mara: 6 wird ihm schon schrecklich werden, sehr bald schon</Unicode>
                </TextEquiv>
            </TextLine>
            <TextLine id="tr_1_tl_8" custom="readingOrder {index:7;}">
                <Coords points="3790,1604 7129,1466 7129,1353 6786,1284 6608,1388 5429,1422 3794,1362"/>
                <Baseline points="3815,1492 3826,1498 3916,1492 4006,1492 4095,1498 4185,1498 4274,1492 4364,1486 4453,1486 4543,1480 4632,1480 4722,1474 4812,1474 4901,1468 4991,1468 5080,1462 5170,1462 5259,1456 5349,1456 5438,1450 5528,1450 5618,1456 5707,1450 5797,1450 5886,1444 5976,1444 6065,1438 6155,1438 6244,1438 6334,1438 6424,1432 6513,1432 6603,1432 6692,1426 6782,1426 6871,1426 6961,1432 7050,1438 7140,1444"/>
                <TextEquiv>
                    <Unicode>Told. Zehn Wochen ist er da, wenn ich nicht irre¬</Unicode>
                </TextEquiv>
            </TextLine>
            <TextLine id="tr_1_tl_9" custom="readingOrder {index:8;}">
                <Coords points="3790,1695 4310,1674 4427,1765 4622,1652 5932,1617 6105,1713 6236,1613 6912,1609 6912,1518 6327,1448 6071,1570 5542,1500 4948,1613 4440,1513 3790,1596"/>
                <Baseline points="3815,1665 3874,1665 3964,1671 4053,1677 4143,1677 4232,1671 4322,1659 4412,1647 4501,1647 4591,1647 4680,1647 4770,1647 4859,1647 4949,1641 5038,1635 5128,1635 5218,1629 5307,1629 5397,1623 5486,1623 5576,1617 5665,1617 5755,1611 5844,1611 5934,1611 6024,1606 6113,1611 6203,1600 6292,1594 6382,1594 6471,1594 6561,1594 6650,1588 6740,1588 6830,1588 6919,1594"/>
                <TextEquiv>
                    <Unicode>Sal. O. Majestät, geruhen nie zu irren.</Unicode>
                </TextEquiv>
            </TextLine>
            <TextLine id="tr_1_tl_10" custom="readingOrder {index:9;}">
                <Coords points="3790,1856 5117,1908 5615,1791 6131,1895 6357,1761 7259,1756 7263,1578 6656,1700 5624,1626 5303,1756 3794,1700"/>
                <Baseline points="3815,1814 3868,1820 3958,1826 4047,1838 4137,1820 4226,1814 4316,1814 4406,1809 4495,1803 4585,1803 4674,1797 4764,1797 4853,1809 4943,1809 5032,1791 5122,1791 5212,1785 5301,1785 5391,1779 5480,1779 5570,1773 5659,1773 5749,1773 5838,1767 5928,1767 6018,1761 6107,1761 6197,1755 6286,1755 6376,1755 6465,1755 6555,1749 6644,1749 6734,1743 6824,1743 6913,1737 7003,1737 7092,1737 7182,1731 7271,1731"/>
                <TextEquiv>
                    <Unicode>Told. Ihr kennt! Auch aus im Königlimerte machen</Unicode>
                </TextEquiv>
            </TextLine>
            <TextLine id="tr_1_tl_11" custom="readingOrder {index:10;}">
                <Coords points="3786,2055 6700,1917 6977,2047 7263,1995 7272,1774 3790,1917"/>
                <Baseline points="3809,1982 3874,1982 3964,1982 4053,1994 4143,1988 4232,1988 4322,1982 4412,1982 4501,1976 4591,1970 4680,1970 4770,1964 4859,1964 4949,1970 5038,1964 5128,1958 5218,1952 5307,1952 5397,1952 5486,1952 5576,1946 5665,1940 5755,1940 5844,1934 5934,1928 6024,1928 6113,1928 6203,1928 6292,1922 6382,1916 6471,1916 6561,1916 6650,1916 6740,1916 6830,1916 6919,1910 7009,1904 7098,1910 7188,1910 7277,1916"/>
                <TextEquiv>
                    <Unicode>Kröw/Richt schwer, wenn man das Wort vom Wunde steht.</Unicode>
                </TextEquiv>
            </TextLine>
            <TextLine id="tr_1_tl_12" custom="readingOrder {index:11;}">
                <Coords points="3825,2185 6999,2125 7003,1960 3829,2047"/>
                <Baseline points="3850,2155 3874,2149 3964,2143 4053,2143 4143,2143 4232,2137 4322,2131 4412,2131 4501,2131 4591,2137 4680,2125 4770,2125 4859,2119 4949,2125 5038,2119 5128,2119 5218,2119 5307,2113 5397,2113 5486,2107 5576,2101 5665,2101 5755,2095 5844,2089 5934,2095 6024,2089 6113,2089 6203,2089 6292,2089 6382,2083 6471,2077 6561,2071 6650,2071 6740,2071 6830,2071 6919,2071 7009,2089"/>
                <TextEquiv>
                    <Unicode>Gald. Herr Palago, bringt mir den Alfred her¬</Unicode>
                </TextEquiv>
            </TextLine>
            <TextLine id="tr_1_tl_13" custom="readingOrder {index:12;}">
                <Coords points="3898,2337 4748,2298 5034,2402 5221,2303 5871,2368 6613,2233 6882,2316 6929,2155 6708,2068 5498,2120 5360,2220 4926,2125 4549,2242 4462,2155 3903,2185"/>
                <Baseline points="3922,2310 3982,2310 4071,2304 4161,2304 4250,2304 4340,2298 4429,2292 4519,2292 4609,2298 4698,2292 4788,2292 4877,2286 4967,2280 5056,2280 5146,2280 5235,2274 5325,2274 5415,2268 5504,2262 5594,2262 5683,2262 5773,2250 5862,2250 5952,2244 6041,2244 6131,2250 6221,2250 6310,2244 6400,2238 6489,2238 6579,2232 6668,2232 6758,2232 6847,2238 6937,2232"/>
                <TextEquiv>
                    <Unicode>Krösö. Nein, Königin, laßt mich! (Er eilt fort)</Unicode>
                </TextEquiv>
            </TextLine>
            <TextLine id="tr_1_tl_14" custom="readingOrder {index:13;}">
                <Coords points="5386,2524 6175,2415 6335,2528 7068,2420 7229,2485 7281,2224 6977,2233 6856,2329 6452,2246 6084,2363 5542,2277 5390,2368"/>
                <Baseline points="5409,2429 5498,2423 5588,2417 5677,2417 5767,2412 5856,2412 5946,2412 6035,2412 6125,2412 6215,2412 6304,2406 6394,2406 6483,2400 6573,2400 6662,2400 6752,2394 6841,2394 6931,2388 7021,2388 7110,2382 7200,2382 7289,2376"/>
                <TextEquiv>
                    <Unicode>Verdammter Schlingel Eillal</Unicode>
                </TextEquiv>
            </TextLine>
            <TextLine id="tr_1_tl_15" custom="readingOrder {index:14;}">
                <Coords points="3907,2563 3929,2563 3976,2506 4037,2545 4093,2541 4119,2515 4154,2541 4241,2511 4297,2532 4332,2519 4332,2329 4271,2303 4228,2320 4202,2307 3994,2311 3903,2363"/>
                <Baseline points="3928,2459 4018,2465 4107,2465 4197,2465 4286,2465 4340,2465"/>
                <TextEquiv>
                    <Unicode>Palago.</Unicode>
                </TextEquiv>
            </TextLine>
            <TextLine id="tr_1_tl_16" custom="readingOrder {index:15;}">
                <Coords points="3903,2662 4002,2632 4310,2714 4544,2619 4809,2615 4978,2706 5186,2589 5412,2610 5416,2467 4727,2459 4570,2528 4436,2441 4345,2524 4145,2545 3907,2476"/>
                <Baseline points="3928,2626 3988,2620 4077,2620 4167,2620 4256,2620 4346,2620 4435,2614 4525,2614 4615,2609 4704,2603 4794,2597 4883,2597 4973,2591 5062,2591 5152,2585 5241,2585 5331,2579 5421,2585"/>
                <TextEquiv>
                    <Unicode>Aula. Hn, Bräutigam!</Unicode>
                </TextEquiv>
            </TextLine>
            <TextLine id="tr_1_tl_17" custom="readingOrder {index:16;}">
                <Coords points="4974,2853 5199,2862 5355,2758 5711,2814 5915,2736 5984,2784 6543,2736 6686,2819 6795,2793 6804,2576 6210,2667 5893,2576 5641,2658 5572,2593 5173,2593 4978,2680"/>
                <Baseline points="5003,2758 5021,2758 5110,2752 5200,2746 5289,2740 5379,2740 5468,2740 5558,2734 5647,2734 5737,2734 5827,2728 5916,2728 6006,2728 6095,2728 6185,2722 6274,2716 6364,2716 6453,2710 6543,2704 6633,2704 6722,2704 6812,2710"/>
                <TextEquiv>
                    <Unicode>Er ist der Eure, wirklich.</Unicode>
                </TextEquiv>
            </TextLine>
            <TextLine id="tr_1_tl_18" custom="readingOrder {index:17;}">
                <Coords points="3872,2806 3894,2801 3955,2840 4015,2819 4080,2858 4102,2836 4154,2853 4202,2840 4193,2662 4132,2675 4111,2658 4085,2675 4046,2667 4020,2641 3998,2654 3976,2641 3937,2675 3911,2654 3864,2671"/>
                <Baseline points="3892,2782 3982,2782 4071,2782 4161,2794 4209,2788"/>
                <TextEquiv>
                    <Unicode>Gold.</Unicode>
                </TextEquiv>
            </TextLine>
            <TextLine id="tr_1_tl_19" custom="readingOrder {index:18;}">
                <Coords points="3903,3022 6496,2888 6626,2992 7046,2927 7051,2797 3907,2814"/>
                <Baseline points="3928,2949 4012,2943 4101,2943 4191,2949 4280,2943 4370,2943 4459,2937 4549,2931 4638,2931 4728,2925 4818,2925 4907,2925 4997,2925 5086,2919 5176,2913 5265,2913 5355,2913 5444,2907 5534,2907 5624,2907 5713,2901 5803,2901 5892,2895 5982,2895 6071,2889 6161,2889 6250,2889 6340,2889 6430,2883 6519,2877 6609,2877 6698,2883 6788,2877 6877,2877 6967,2883 7056,2895"/>
                <TextEquiv>
                    <Unicode>Aura. (f.) Ich habe mich verraten. (laut.) Königin,</Unicode>
                </TextEquiv>
            </TextLine>
            <TextLine id="tr_1_tl_20" custom="readingOrder {index:19;}">
                <Coords points="3903,3213 6014,3048 6262,3152 6591,3053 6595,2910 6157,2979 5733,2910 5563,3001 5204,2918 4579,3061 3907,3022"/>
                <Baseline points="3928,3104 4006,3110 4095,3104 4185,3104 4274,3104 4364,3104 4453,3098 4543,3092 4632,3092 4722,3086 4812,3086 4901,3086 4991,3080 5080,3074 5170,3074 5259,3074 5349,3068 5438,3074 5528,3068 5618,3062 5707,3056 5797,3056 5886,3056 5976,3044 6065,3044 6155,3044 6244,3044 6334,3044 6424,3038 6513,3038 6603,3038"/>
                <TextEquiv>
                    <Unicode>Geruhen anzuhören, daß es so ist</Unicode>
                </TextEquiv>
            </TextLine>
            <TextLine id="tr_1_tl_21" custom="readingOrder {index:20;}">
                <Coords points="4831,3287 5390,3270 5498,3352 5659,3257 6804,3204 7025,3296 7298,3217 7302,3079 7163,3022 6752,3148 6591,3044 6257,3152 6019,3048 5659,3144 5351,3083 4835,3144"/>
                <Baseline points="4853,3253 4895,3253 4985,3247 5074,3247 5164,3247 5253,3241 5343,3235 5432,3229 5522,3229 5612,3229 5701,3223 5791,3223 5880,3217 5970,3217 6059,3217 6149,3212 6238,3206 6328,3206 6418,3206 6507,3200 6597,3194 6686,3194 6776,3188 6865,3194 6955,3188 7044,3188 7134,3188 7224,3188 7313,3200"/>
                <TextEquiv>
                    <Unicode>Vorige. Salago. Kröso mit Alfred</Unicode>
                </TextEquiv>
            </TextLine>
            <TextLine id="tr_1_tl_22" custom="readingOrder {index:21;}">
                <Coords points="3942,3486 7085,3382 7081,3283 6686,3222 5273,3374 3946,3274"/>
                <Baseline points="3964,3432 4053,3432 4143,3438 4232,3438 4322,3432 4412,3432 4501,3432 4591,3420 4680,3420 4770,3420 4859,3415 4949,3415 5038,3409 5128,3409 5218,3403 5307,3403 5397,3397 5486,3397 5576,3391 5665,3385 5755,3391 5844,3385 5934,3385 6024,3379 6113,3373 6203,3373 6292,3373 6382,3367 6471,3367 6561,3367 6650,3361 6740,3361 6830,3367 6919,3367 7009,3361 7098,3349"/>
                <TextEquiv>
                    <Unicode>fled. Oh Königin! wie soll ich euch nur</Unicode>
                </TextEquiv>
            </TextLine>
            <TextLine id="tr_1_tl_23" custom="readingOrder {index:22;}">
                <Coords points="6626,3465 6678,3473 6799,3452 6851,3478 6873,3456 6903,3465 6921,3447 6951,3473 6981,3465 6986,3378 6942,3365 6869,3391 6851,3382 6799,3413 6752,3387 6721,3395 6682,3369 6630,3378"/>
                <Baseline points="6650,3450 6728,3450 6818,3450 6907,3450 6997,3438"/>
                <TextEquiv>
                    <Unicode>Könnte</Unicode>
                </TextEquiv>
            </TextLine>
            <TextLine id="tr_1_tl_24" custom="readingOrder {index:23;}">
                <Coords points="3946,3690 4740,3569 5425,3664 5546,3547 6743,3534 6856,3625 7133,3573 7142,3374 6903,3465 6470,3374 5698,3495 5572,3395 3955,3508"/>
                <Baseline points="3976,3594 4012,3594 4101,3588 4191,3582 4280,3582 4370,3582 4459,3582 4549,3570 4638,3570 4728,3570 4818,3564 4907,3564 4997,3558 5086,3558 5176,3558 5265,3552 5355,3552 5444,3546 5534,3546 5624,3546 5713,3546 5803,3540 5892,3540 5982,3534 6071,3534 6161,3528 6250,3522 6340,3522 6430,3516 6519,3516 6609,3516 6698,3510 6788,3510 6877,3504 6967,3504 7056,3504 7146,3534"/>
                <TextEquiv>
                    <Unicode>daß ihr mich in das himmelreich versetzt.</Unicode>
                </TextEquiv>
            </TextLine>
            <TextLine id="tr_1_tl_25" custom="readingOrder {index:24;}">
                <Coords points="3950,3768 5355,3812 6236,3690 6695,3794 6912,3673 7163,3790 7315,3734 7324,3508 6856,3625 6387,3517 6157,3616 5559,3547 5416,3668 4748,3569 3950,3686"/>
                <Baseline points="3976,3749 4018,3755 4107,3755 4197,3749 4286,3749 4376,3743 4465,3743 4555,3737 4644,3737 4734,3737 4824,3731 4913,3731 5003,3725 5092,3725 5182,3719 5271,3713 5361,3719 5450,3713 5540,3707 5629,3707 5719,3707 5809,3707 5898,3707 5988,3701 6077,3695 6167,3689 6256,3689 6346,3689 6435,3683 6525,3689 6615,3683 6704,3677 6794,3677 6883,3671 6973,3671 7062,3671 7152,3671 7241,3677 7331,3677"/>
                <TextEquiv>
                    <Unicode>Told (f.) Ein kößlich Himmelreich. (laut.) Es freut nicht ge¬</Unicode>
                </TextEquiv>
            </TextLine>
            <TextLine id="tr_1_tl_26" custom="readingOrder {index:25;}">
                <Coords points="3968,3924 4154,4028 4414,3911 4792,3998 5034,3894 6565,3851 7055,4098 7281,4033 7289,3742 5624,3716 4583,3864 3972,3768"/>
                <Baseline points="3994,3922 4071,3922 4161,3916 4250,3916 4340,3910 4429,3904 4519,3910 4609,3904 4698,3898 4788,3892 4877,3892 4967,3886 5056,3886 5146,3886 5235,3892 5325,3886 5415,3886 5504,3874 5594,3874 5683,3874 5773,3868 5862,3862 5952,3862 6041,3862 6131,3862 6221,3856 6310,3856 6400,3856 6489,3850 6579,3844 6668,3838 6758,3838 6847,3838 6937,3838 7027,3838 7116,3838 7206,3838 7295,3838"/>
                <TextEquiv>
                    <Unicode>Dir Glanz, die Pracht, es blendet meine Augen¬</Unicode>
                </TextEquiv>
            </TextLine>
            <TextLine id="tr_1_tl_27" custom="readingOrder {index:26;}">
                <Coords points="3963,4115 4371,4154 4592,4067 4917,4176 5134,4171 5325,4059 5464,4067 5468,3903 5260,3942 4987,3898 4835,4002 4709,3929 4588,3963 4419,3911 4154,4033 3968,3933"/>
                <Baseline points="3988,4065 4041,4071 4131,4077 4221,4077 4310,4077 4400,4071 4489,4059 4579,4059 4668,4059 4758,4059 4847,4053 4937,4047 5026,4047 5116,4047 5206,4047 5295,4041 5385,4041 5474,4047"/>
                <TextEquiv>
                    <Unicode>la. Es freut mich sehr.</Unicode>
                </TextEquiv>
            </TextLine>
            <TextLine id="tr_1_tl_28" custom="readingOrder {index:27;}">
                <Coords points="5455,4237 5902,4197 6275,4310 6522,4202 6856,4250 7142,4197 7142,4089 6851,3998 6500,4063 6374,4011 5954,4020 5884,4072 5663,3946 5455,3985"/>
                <Baseline points="5480,4185 5570,4185 5659,4185 5749,4185 5838,4179 5928,4185 6018,4179 6107,4179 6197,4173 6286,4173 6376,4173 6465,4167 6555,4167 6644,4167 6734,4167 6824,4167 6913,4167 7003,4179 7092,4185 7152,4203"/>
                <TextEquiv>
                    <Unicode>Und alle diamanten</Unicode>
                </TextEquiv>
            </TextLine>
            <TextLine id="tr_1_tl_29" custom="readingOrder {index:28;}">
                <Coords points="3955,4332 4020,4315 4033,4323 4080,4280 4098,4289 4119,4267 4184,4276 4184,4132 4150,4141 4119,4115 4054,4115 4046,4124 4033,4111 4020,4119 4007,4111 3959,4115"/>
                <Baseline points="3982,4244 4071,4238 4161,4238 4197,4244"/>
                <TextEquiv>
                    <Unicode>llf.</Unicode>
                </TextEquiv>
            </TextLine>
        </TextRegion>
    </Page>
</PcGts>
