7480 4792
5102 200 5352 348 33
3824 269 7220 655 Sehr nützlich sind und immer warm. Sicht
1821 339 2082 548 32
3838 418 6960 846 Da haben beide sich um meine Hand
400 423 3657 729 Sie bringen schon mein neues Kleid, Madame?
358 599 3689 841 Neuest. Ich bin es nicht im Stande, hohet aber
3745 641 7113 971 Beworben. Doch ich heirat sie nicht gern
3805 734 6718 1129 b' ist wahr, sie haben viel Verdienste sich
376 799 3355 1036 Ich bitte noch um fünfundzwanzig Ellen
3810 915 7220 1292 Erworben um den großen Zwergenstaat
400 980 660 1110 21/14
423 971 2569 1241 Für dero Majestätstünigen.
3810 1097 6983 1450 Lakaio. Da hätt' ich eine List schon gegen sie
348 1138 2174 1385 Gold. So kommt. (Beide ab.)
3810 1264 7127 1580 Sold. Die wäre? Laß sie hören, ob sie nutzt:
139 1222 3661 1543 Pechmschu(allein zurückbleibend.) Gott sei mir gnädig! 25 Eltern!
3815 1389 7276 1742 Sakaio. Sprecht jeden einzeln, jedem gebt die Hand
451 1394 3461 1719 das hat ja nicht im Jahre zweiundsiebzig
906 1608 1208 1752 noch
3847 1566 6997 1877 die linke aber; und versprecht ihm, daß
437 1603 2746 1900 Als ich auf der Erde wandelte
3829 1747 7099 2091 Er der sein sollte, der an eurer Seite
469 1756 3048 1979 Die dichste Börsianerin gebraucht
3852 1854 6988 2212 Die Zügel der Regierung führen sollte.
474 1877 3568 2174 Und wohlgemerkt! wir sind im Zwergesand.
3875 2021 7220 2397 das andre wird sich dann von selber finden.
446 2072 3271 2384 der Kön' gin kleine Fuße lobet man!
135 2044 339 2360 P.
3852 2202 6853 2565 Told. Vortrefflich. außerordentlicher Rat.
469 2249 3080 2532 Natürlich durch die großen Schuhe, die
455 2360 3708 2630 Sie braucht, bemerkte mans nicht. Daß ich als Schuster
3870 2397 6156 2746 Doch sich. Da kommt schon Palago
5538 2523 6895 2802 Seid schlan! (Ab.)
827 2579 1097 2699 konk
437 2569 2862 2867 Ich weiß ihre klasserten Füße.
437 2667 4182 2983 Toldes zurückk.) Herr Pechenschwarz, was ist denn ihr Bege. Zak.
4958 2690 7313 2964 Jolduckia. Galagomit näysel
3861 2816 7090 3197 Pal. (A.) Ich muß betrügen! (Viel) Ausgezeichnet stehts!
465 2885 3122 3192 Jechenwo, Ich bringe die Stafletten, Majestät:
3894 3067 7030 3359 Die Tafel zeigt das Bild der goldnen Sonne.
437 3006 3680 3290 Soldt. Gebt sie ins nächste Zimmer Rechenschwarz!
3903 3169 7155 3499 Gold. Das ist ein großes Glück für mich.
1570 3169 3313 3461 XVII. Soldachia Lakario
5961 3294 7318 3601 das freut mich!
404 3355 3703 3578 Gold. Lakario, du kannst recht, ich will dir etwas
167 3443 339 3624 4.
3935 3461 7295 3819 Pal. (f. s.) der Kerl von Krösoschaft auch so betragen,
427 3573 966 3829 Sagen.
3954 3657 6863 3977 Gold. Ich hab die Sache reiflich überlegt
446 3657 2360 3982 Sakaio. Ich bin ganz Gr.
3926 3833 7336 4154 Ich will mich, Patago, mit euch vermählen
1798 3731 3183 4107 So höre, Freund,
483 3894 836 4117 Told.
3917 3949 6955 4354 Sal. Erzücken! Ich bin König! Königl Königs!
465 3973 3675 4251 Du kennst ja Palago und Kräses, nicht wahr!
465 4177 3652 4488 Sicht läßt 5 sich läugnen, daß die beiden mir
