7512 4936
5148 231 5396 461 -47—
1862 338 2076 585 40
4687 371 6252 824 III. Auszug. I Altt.
362 494 3221 873 Ist des höllischen Wers Schimmern,
3781 511 7142 1013 Im Hintergrunde ein Bürg, an diesem ein Dorf.
371 692 3320 1013 Wohl manche wißen nicht das Geschick,
3740 783 7183 1161 Licks. „Baueschaftstein felsigen Burg, der sich öffnet
461 840 3295 1236 Das ihnen die Zukunft wird bringen
3896 939 6450 1376 und heraustreten im I. Auftritt.
478 980 3625 1326 denn nicht kann der Menschen kurzjähliger
4564 1087 7265 1442 Pechenschwarz. Theuerkenne. (d. Fälser schleskt)
494 1145 3690 1507 des Kommenden Dunkel durchdringen. Glick
3773 1211 3987 1466 25/12
3789 1244 7241 1606 N. da wären wir nun auf der Erde droben,
560 1310 3740 1689 Sie wißen nichts von der nächsten Stund.
3880 1425 7290 1771 Die wir seit langer Zeit nicht wiederfahren
527 1507 3213 1862 Das unser Geiß, er thut es uns kund
634 1590 7265 2249 der muß hier ewig welsten verblöhen, sich dort ist das Dorf, wo ich die ersten Stiefel
593 1557 3806 1969 Wer dem Teufel der Halsucht sein Ohr geliehen
3863 1796 6565 2158 Aus lackirten Beder fabrizirte.
3880 1928 6878 2323 da tauchen viel Erinnerungen mir auf.
3921 2101 7233 2496 dort ist der Berg wo ich im Hinabstürzen
3921 2257 6293 2611 Die Nase bald gebrochen hätte.
5750 2447 6079 2628 Ach.
1318 2331 3056 2817 Dorhang fallt
3863 2554 6936 2949 In diesem Dorf hab' ich Mackau gespielt!
3872 2562 4102 2735 th.
3905 2702 7389 3106 Hier hab ich auch fünf Gulden baar verspielte
3863 2883 7364 3287 Sech. Wir wollen diesen wie es steht befragt
4802 3081 6236 3377 II. Vorige Hüberle.
3954 3180 7373 3542 Sech. Nun Wanderer, was gielß dem wurde
3954 3427 6145 3756 Hüberl. Viel Unglück giebt es
5050 3493 7076 3839 Was? was ist passiert.
4003 3657 7438 4086 Hüb Ihr wißet nicht, daß Abraham gestorben
3954 3690 4160 3896 Th.
3962 3814 7265 4242 Ih. Der Scheider aus dem nächsten Dorf.
6499 3962 7331 4251 mein schifte
