7304 4776
1504 309 1687 493 6
179 405 3117 737 Zehn Briefe sollt ich eigentlich schon haben,
179 623 3239 898 Weiß theder, der multiplizieren kann.
205 750 3478 1077 Von dem Haludrian hab ich noch keinen
161 859 3426 1168 Ich könnte närrisch werden; niemand dürfte
266 1059 3526 1329 Mir nur einzig kleines Wörtchen sagen;
1046 1107 1395 1242 ein
227 1173 3522 1530 Ich muß gestehe, ich hab den Burschen gem
262 1347 3452 1743 Er bleibt mein Sohn trotz aller Sumgern.
270 1504 3439 1909 Am End ist ihm ein Unglück zugestoßen.
288 1652 3531 1966 Die lieber Gott! Kann das nicht möglich sie
240 1848 3443 2232 Es war doch eine hundsverdammte Gschichte
262 1992 3504 2376 (K.a. kl. P.) Herrgott! ich hab' ja meine Senf. vergessen!
1277 2232 1621 2498 Ab.
846 2349 2445 2615 W. Schnitter (allim.)
279 2467 3500 2842 Versteht sich! ja, ich hab mir’s gleich gedacht.
244 2654 3539 2977 Der Bruno daßt kein Wörtchen von sich hier
227 2794 3487 3134 kein Sterbenswörtchen, keine einzigequylbe¬
292 2947 3539 3273 Wär er vor mir, ich würd ihm mor lehren!
309 3151 3574 3413 in Bursche dos! läßt mich vergeblich warten.
353 3304 3609 3644 Vielleicht läßt er mich noch drei Jahre sitzen
366 3470 3596 3814 Wahrhastig, jetzt wird mir es schon zu toll.
362 3600 3600 3953 Ein Kerl das, wie es keinen zweiten giebt.
366 3805 3605 4089 Das ward noch nie in der Geschicht gelesen,
388 3919 3696 4298 Ein Sohn hätt' seinem Vater nicht gesch
405 4093 3622 4472 6 ist unerhört, 5 ist noch nicht vorgekommt
5570 174 5941 344 alte
5148 183 5322 384 7
4407 257 6830 597 V. Schnitter, und der Seppel, eine Korn¬
3701 458 7201 706 tur, stechende Augen; er steht in den mittlern Jahren
3731 667 7183 924 Sepperl. Was wird hier lamentirt; ist das gestattet?
3796 841 7052 1120 A jegert, hab gemeint, es ist ein Fremder.
3749 955 6686 1264 Den besten Tag, Herr Schnitter, guten Tag.
3744 1142 6416 1438 Schnitter. Hn Sepp, was willst du da?
5714 1268 7175 1530 den Tag genießen
3753 1356 4128 1595 Sepp.
3722 1434 6734 1757 Ich bin Wahrsager, he, das wißt ihr daß
3801 1604 6752 1900 Ihr habt auch einen liederlichen Sohn,
3783 1778 6617 2057 Ich bin darin gut unterrichtet, he?
3757 1940 7109 2227 Schnitter. Was geht das dich an, alte Eule, he?
3849 2101 6185 2406 Sag noch ein paarmalsche."
5496 2232 7179 2528 Wollt Ihr nichts wissen
3805 2288 4167 2515 Sepp
3805 2402 6913 2685 Von Euren Sohn? Ich hab’ die Karten, he?
3792 2563 7157 2929 Am. Es wird mir übel schon in seiner Nähe!
3888 2707 6957 3016 untherne dich von hier, verdammte Eule!
3914 2894 7188 3252 6. Seht Ihr mich grad nicht gerne, geht ihr selbst
3923 3038 6791 3369 ich habe Last zu bleiben, zustament!
3901 3212 7000 3443 ich bin in dorf geboren, Ihr seids nicht
3905 3365 7222 3661 sin. (f. s.) Spiell eine Menge unnützes Gesindels
3897 3544 7209 3853 app. Ich bin nicht zudringlich, man kanns nicht so
3879 3705 7079 4019 hoch läßt man mich nicht zu, so bin ich es doch.
3905 3879 5435 4176 ist hin, wer kommt!
5104 3901 7140 4333 Der Aerndter ist’s für wahr.
3910 4080 4132 4311 hm.
