<?xml version="1.0" encoding="UTF-8" standalone="yes"?>
<PcGts xmlns="http://schema.primaresearch.org/PAGE/gts/pagecontent/2013-07-15" xmlns:xsi="http://www.w3.org/2001/XMLSchema-instance" xsi:schemaLocation="http://schema.primaresearch.org/PAGE/gts/pagecontent/2013-07-15 http://schema.primaresearch.org/PAGE/gts/pagecontent/2013-07-15/pagecontent.xsd">
    <Metadata>
        <Creator>prov=READ-COOP:name=TrHtr:version=2.1.0:model_id=51170:date=15_08_2023_05:28</Creator>
        <Created>2023-05-10T15:22:39.271+02:00</Created>
        <LastChange>2023-08-15T05:28:41.870+02:00</LastChange>
        <TranskribusMetadata docId="1428904" pageId="55433455" pageNr="13" tsid="132839382" status="IN_PROGRESS" userId="64420" imgUrl="https://files.transkribus.eu/Get?id=CYNGQMHCSXLNLKKHYQRLXJZC&amp;fileType=view" xmlUrl="https://files.transkribus.eu/Get?id=IJKUEMZJLBJBXJSBHQYTZILS" imageId="44707491"/>
    </Metadata>
    <Page imageFilename="1428904_0013.jpg" imageWidth="7416" imageHeight="4808">
        <ReadingOrder>
            <OrderedGroup id="ro_1711802212895" caption="Regions reading order">
                <RegionRefIndexed index="0" regionRef="tr_1"/>
            </OrderedGroup>
        </ReadingOrder>
        <TextRegion id="tr_1" custom="readingOrder {index:0;}">
            <Coords points="137,278 7253,278 7253,4340 137,4340"/>
            <TextLine id="tr_1_tl_1" custom="readingOrder {index:0;}">
                <Coords points="5009,365 5031,365 5052,343 5074,347 5086,339 5108,356 5129,352 5142,369 5168,369 5172,214 5142,214 5129,206 5091,240 5074,227 5044,249 5014,244"/>
                <Baseline points="5034,334 5088,328 5177,328"/>
                <TextEquiv>
                    <Unicode>P.</Unicode>
                </TextEquiv>
            </TextLine>
            <TextLine id="tr_1_tl_2" custom="readingOrder {index:1;}">
                <Coords points="1836,467 1866,472 1904,446 1951,455 1981,437 1990,446 1999,437 2016,450 2054,446 2059,326 2037,326 2016,309 1981,313 1964,305 1934,317 1917,300 1883,326 1840,313"/>
                <Baseline points="1861,399 1950,399 2040,393 2069,399"/>
                <TextEquiv>
                    <Unicode>16</Unicode>
                </TextEquiv>
            </TextLine>
            <TextLine id="tr_1_tl_3" custom="readingOrder {index:2;}">
                <Coords points="3693,618 5811,467 7089,528 7141,317 4405,356 4121,459 3705,330"/>
                <Baseline points="3716,572 3746,572 3835,578 3925,572 4014,566 4104,566 4193,560 4283,554 4372,548 4462,542 4551,530 4640,536 4730,530 4819,524 4909,524 4998,518 5088,518 5177,507 5267,507 5356,501 5446,489 5535,483 5625,483 5714,477 5804,471 5893,465 5983,459 6072,459 6162,459 6251,453 6341,453 6430,447 6520,435 6609,435 6698,423 6788,417 6877,411 6967,417 7056,423 7146,429"/>
                <TextEquiv>
                    <Unicode>Felder. Mein Vater hatte außerdem zwei Brüder</Unicode>
                </TextEquiv>
            </TextLine>
            <TextLine id="tr_1_tl_4" custom="readingOrder {index:3;}">
                <Coords points="1051,622 1239,669 1351,618 1450,721 1604,605 2183,635 2183,416 1831,472 1638,356 1480,459 1051,382"/>
                <Baseline points="1073,590 1115,596 1204,596 1294,602 1383,590 1473,590 1562,590 1652,590 1741,590 1831,590 1920,590 2010,590 2099,590 2189,584"/>
                <TextEquiv>
                    <Unicode>X. Spp allein</Unicode>
                </TextEquiv>
            </TextLine>
            <TextLine id="tr_1_tl_5" custom="readingOrder {index:4;}">
                <Coords points="3748,755 4267,836 4426,729 5121,793 5871,656 6214,755 6425,618 6652,635 6660,455 5584,609 5447,528 3757,639"/>
                <Baseline points="3776,751 3805,751 3895,745 3984,739 4074,733 4163,727 4253,721 4342,721 4432,715 4521,709 4611,703 4700,697 4790,697 4879,691 4969,686 5058,680 5148,680 5237,674 5326,674 5416,662 5505,656 5595,650 5684,644 5774,644 5863,632 5953,626 6042,620 6132,620 6221,614 6311,614 6400,602 6490,596 6579,590 6669,590"/>
                <TextEquiv>
                    <Unicode>die giengen also auf die Wanderschaft</Unicode>
                </TextEquiv>
            </TextLine>
            <TextLine id="tr_1_tl_6" custom="readingOrder {index:5;}">
                <Coords points="112,823 1866,776 2132,883 2406,751 3195,746 3204,553 2492,665 1600,605 1454,716 1308,622 116,695"/>
                <Baseline points="137,793 167,793 256,787 345,787 435,787 524,787 614,787 703,787 793,781 882,781 972,781 1061,781 1151,781 1240,775 1330,775 1419,769 1509,769 1598,763 1688,763 1777,763 1867,763 1956,763 2046,757 2135,751 2225,745 2314,739 2404,739 2493,739 2582,733 2672,727 2761,721 2851,721 2940,715 3030,715 3119,715 3209,715"/>
                <TextEquiv>
                    <Unicode>Ich werde, wunderlicher Kanz“ genannt.</Unicode>
                </TextEquiv>
            </TextLine>
            <TextLine id="tr_1_tl_7" custom="readingOrder {index:6;}">
                <Coords points="3718,952 6497,802 7059,875 7128,622 5417,682 5116,798 4452,725 4224,845 3731,776"/>
                <Baseline points="3746,912 3817,906 3907,900 3996,900 4086,894 4175,894 4265,888 4354,882 4444,876 4533,864 4623,864 4712,858 4802,853 4891,853 4980,847 5070,847 5159,841 5249,835 5338,829 5428,829 5517,817 5607,811 5696,805 5786,805 5875,799 5965,793 6054,787 6144,781 6233,775 6323,775 6412,769 6502,763 6591,757 6681,757 6770,751 6860,751 6949,745 7039,745 7128,727"/>
                <TextEquiv>
                    <Unicode>Mein Vater nur; er blieb im Haus zurück</Unicode>
                </TextEquiv>
            </TextLine>
            <TextLine id="tr_1_tl_8" custom="readingOrder {index:7;}">
                <Coords points="227,974 2149,922 2325,1042 2680,896 3422,944 3427,763 2509,746 2316,871 1891,888 1484,785 232,845"/>
                <Baseline points="250,942 298,948 387,954 477,954 566,948 656,948 745,948 835,948 924,948 1014,948 1103,948 1193,948 1282,942 1372,942 1461,936 1550,930 1640,930 1729,924 1819,924 1908,924 1998,918 2087,912 2177,912 2266,912 2356,906 2445,906 2535,900 2624,894 2714,888 2803,882 2893,876 2982,870 3072,864 3161,870 3251,870 3340,876 3430,876"/>
                <TextEquiv>
                    <Unicode>Es soll das Wort an mir sich auch bewähren</Unicode>
                </TextEquiv>
            </TextLine>
            <TextLine id="tr_1_tl_9" custom="readingOrder {index:8;}">
                <Coords points="3731,1106 5275,1004 5610,1094 5777,978 6365,952 6618,1029 6690,853 3740,926"/>
                <Baseline points="3758,1061 3835,1061 3925,1061 4014,1055 4104,1055 4193,1049 4283,1043 4372,1043 4462,1031 4551,1031 4640,1026 4730,1020 4819,1020 4909,1014 4998,1008 5088,1008 5177,1008 5267,996 5356,996 5446,984 5535,978 5625,966 5714,966 5804,960 5893,960 5983,960 6072,948 6162,942 6251,942 6341,942 6430,936 6520,936 6609,930 6698,930"/>
                <TextEquiv>
                    <Unicode>Die beiden Andern aber giengen weiter¬</Unicode>
                </TextEquiv>
            </TextLine>
            <TextLine id="tr_1_tl_10" custom="readingOrder {index:9;}">
                <Coords points="227,1141 862,1222 986,1115 1368,1184 2020,1072 2307,1201 2548,1064 3465,1055 3470,956 2680,896 2342,1034 2153,926 1415,1051 1175,948 232,969"/>
                <Baseline points="250,1115 340,1115 429,1109 518,1109 608,1109 697,1103 787,1109 876,1109 966,1109 1055,1103 1145,1103 1234,1103 1324,1097 1413,1097 1503,1097 1592,1091 1682,1091 1771,1091 1861,1085 1950,1079 2040,1073 2129,1073 2219,1067 2308,1061 2398,1061 2487,1055 2576,1055 2666,1049 2755,1049 2845,1043 2934,1037 3024,1031 3113,1031 3203,1031 3292,1031 3382,1031 3471,1031"/>
                <TextEquiv>
                    <Unicode>Die Menschen wurden schon gelehrt, und mein¬</Unicode>
                </TextEquiv>
            </TextLine>
            <TextLine id="tr_1_tl_11" custom="readingOrder {index:10;}">
                <Coords points="3731,1317 3881,1227 4761,1192 4859,1282 5262,1162 6223,1119 6322,1222 6566,1188 6575,1016 6369,952 5545,1094 5275,1004 3744,1098"/>
                <Baseline points="3758,1228 3805,1222 3895,1228 3984,1222 4074,1216 4163,1210 4253,1204 4342,1204 4432,1199 4521,1193 4611,1187 4700,1181 4790,1181 4879,1175 4969,1169 5058,1163 5148,1163 5237,1157 5326,1151 5416,1151 5505,1139 5595,1133 5684,1127 5774,1121 5863,1115 5953,1115 6042,1109 6132,1109 6221,1103 6311,1097 6400,1091 6490,1085 6579,1079"/>
                <TextEquiv>
                    <Unicode>Es wollten beide Waffenschmiede werden.</Unicode>
                </TextEquiv>
            </TextLine>
            <TextLine id="tr_1_tl_12" custom="readingOrder {index:11;}">
                <Coords points="202,1325 2389,1231 2586,1338 3088,1201 3431,1334 3500,1046 2522,1068 2303,1201 1818,1094 1368,1201 206,1158"/>
                <Baseline points="226,1276 286,1276 375,1276 465,1270 554,1270 644,1270 733,1264 823,1264 912,1264 1002,1258 1091,1258 1181,1258 1270,1258 1360,1258 1449,1252 1539,1252 1628,1246 1717,1246 1807,1240 1896,1240 1986,1234 2075,1234 2165,1234 2254,1234 2344,1222 2433,1222 2523,1216 2612,1216 2702,1210 2791,1204 2881,1204 2970,1199 3060,1193 3149,1187 3239,1187 3328,1187 3418,1175 3507,1175"/>
                <TextEquiv>
                    <Unicode>Wahrsagen unterhält mich nicht mehr jetzt</Unicode>
                </TextEquiv>
            </TextLine>
            <TextLine id="tr_1_tl_13" custom="readingOrder {index:12;}">
                <Coords points="3693,1467 4357,1385 4520,1475 5155,1342 5309,1441 5563,1330 5768,1390 6317,1295 6326,1115 6116,1205 5567,1149 5425,1244 5262,1162 4859,1282 4761,1192 3976,1291 3894,1222 3701,1312"/>
                <Baseline points="3722,1383 3734,1383 3823,1389 3913,1383 4002,1377 4092,1377 4181,1372 4271,1366 4360,1360 4450,1354 4539,1348 4629,1348 4718,1342 4808,1336 4897,1330 4986,1330 5076,1318 5165,1312 5255,1312 5344,1300 5434,1300 5523,1294 5613,1288 5702,1282 5792,1282 5881,1282 5971,1276 6060,1276 6150,1270 6239,1252 6329,1246"/>
                <TextEquiv>
                    <Unicode>Sepp (f.) Was hör ich, — Wochen schmiede.</Unicode>
                </TextEquiv>
            </TextLine>
            <TextLine id="tr_1_tl_14" custom="readingOrder {index:13;}">
                <Coords points="6240,1360 6472,1364 6540,1334 6600,1351 6716,1317 6819,1342 6832,1171 6768,1179 6746,1149 6626,1205 6489,1154 6313,1287 6244,1304"/>
                <Baseline points="6269,1342 6287,1336 6376,1336 6466,1324 6555,1318 6645,1312 6734,1306 6824,1312"/>
                <TextEquiv>
                    <Unicode>kamen</Unicode>
                </TextEquiv>
            </TextLine>
            <TextLine id="tr_1_tl_15" custom="readingOrder {index:14;}">
                <Coords points="176,1505 1244,1428 1497,1523 1694,1398 2758,1475 2873,1381 3341,1407 3345,1197 2586,1334 2359,1231 184,1321"/>
                <Baseline points="202,1449 220,1443 310,1443 399,1437 489,1437 578,1431 668,1431 757,1431 847,1425 936,1425 1026,1425 1115,1419 1204,1419 1294,1413 1383,1413 1473,1407 1562,1407 1652,1401 1741,1395 1831,1395 1920,1395 2010,1395 2099,1389 2189,1389 2278,1383 2368,1383 2457,1377 2547,1372 2636,1372 2726,1366 2815,1360 2905,1360 2994,1354 3084,1348 3173,1342 3262,1336 3352,1342"/>
                <TextEquiv>
                    <Unicode>And tausend Gulden hätt' ich mir erspart¬</Unicode>
                </TextEquiv>
            </TextLine>
            <TextLine id="tr_1_tl_16" custom="readingOrder {index:15;}">
                <Coords points="5460,1544 5906,1523 6030,1595 6232,1480 6459,1544 6618,1450 6922,1445 6931,1342 6334,1368 6051,1295 5983,1338 5863,1312 5777,1390 5468,1347"/>
                <Baseline points="5488,1449 5505,1449 5595,1449 5684,1443 5774,1443 5863,1437 5953,1431 6042,1419 6132,1419 6221,1413 6311,1413 6400,1407 6490,1407 6579,1401 6669,1395 6758,1389 6848,1383 6937,1389"/>
                <TextEquiv>
                    <Unicode>Und sie gingen</Unicode>
                </TextEquiv>
            </TextLine>
            <TextLine id="tr_1_tl_17" custom="readingOrder {index:16;}">
                <Coords points="154,1621 901,1591 1059,1690 1806,1574 1930,1694 2505,1553 2650,1643 3384,1540 3388,1385 2372,1501 2192,1398 1698,1398 1505,1523 1261,1428 159,1484"/>
                <Baseline points="178,1598 262,1598 351,1592 441,1592 530,1586 620,1592 709,1586 799,1586 888,1580 978,1580 1067,1580 1157,1574 1246,1574 1336,1574 1425,1574 1515,1568 1604,1568 1694,1562 1783,1556 1873,1556 1962,1550 2052,1545 2141,1545 2231,1545 2320,1545 2409,1545 2499,1539 2588,1533 2678,1533 2767,1527 2857,1521 2946,1521 3036,1515 3125,1515 3215,1509 3304,1515 3394,1521"/>
                <TextEquiv>
                    <Unicode>Ich will den Beiden folgen, das giebt Geton¬</Unicode>
                </TextEquiv>
            </TextLine>
            <TextLine id="tr_1_tl_18" custom="readingOrder {index:17;}">
                <Coords points="3753,1570 3826,1548 3868,1583 3898,1570 4040,1583 4091,1630 4164,1617 4169,1381 4134,1372 4066,1415 4044,1394 3963,1402 3868,1484 3753,1492"/>
                <Baseline points="3776,1527 3823,1527 3913,1533 4002,1527 4092,1527 4181,1521"/>
                <TextEquiv>
                    <Unicode>Felder</Unicode>
                </TextEquiv>
            </TextLine>
            <TextLine id="tr_1_tl_19" custom="readingOrder {index:18;}">
                <Coords points="3748,1763 3941,1703 4087,1750 4645,1703 4778,1793 4996,1668 5597,1664 5605,1570 4902,1505 4688,1625 4383,1570 4173,1651 3757,1561"/>
                <Baseline points="3770,1700 3823,1706 3913,1700 4002,1700 4092,1700 4181,1694 4271,1688 4360,1688 4450,1682 4539,1676 4629,1676 4718,1664 4808,1658 4897,1652 4986,1646 5076,1640 5165,1640 5255,1634 5344,1628 5434,1628 5523,1622 5613,1616"/>
                <TextEquiv>
                    <Unicode>An einen Scheidweg</Unicode>
                </TextEquiv>
            </TextLine>
            <TextLine id="tr_1_tl_20" custom="readingOrder {index:19;}">
                <Coords points="154,1870 515,1763 1767,1844 2453,1707 2822,1801 3500,1681 3504,1540 2492,1673 2153,1591 1994,1694 1806,1578 1038,1698 879,1591 686,1703 159,1630"/>
                <Baseline points="178,1759 196,1759 286,1765 375,1759 465,1759 554,1759 644,1753 733,1753 823,1753 912,1753 1002,1747 1091,1747 1181,1741 1270,1741 1360,1741 1449,1735 1539,1735 1628,1729 1717,1729 1807,1723 1896,1723 1986,1717 2075,1712 2165,1712 2254,1712 2344,1706 2433,1706 2523,1706 2612,1700 2702,1694 2791,1688 2881,1688 2970,1682 3060,1682 3149,1676 3239,1676 3328,1670 3418,1664 3507,1664"/>
                <TextEquiv>
                    <Unicode>Ganz heimlich will ich sehen, was sie treiben</Unicode>
                </TextEquiv>
            </TextLine>
            <TextLine id="tr_1_tl_21" custom="readingOrder {index:20;}">
                <Coords points="5065,1823 5202,1853 5472,1784 5627,1891 5811,1788 6069,1763 6146,1810 6382,1733 6579,1784 6652,1750 6660,1591 6472,1664 6270,1600 5069,1685"/>
                <Baseline points="5088,1789 5142,1795 5231,1789 5321,1783 5410,1777 5499,1777 5589,1765 5678,1765 5768,1759 5857,1753 5947,1753 6036,1747 6126,1741 6215,1735 6305,1729 6394,1723 6484,1723 6573,1717 6663,1700"/>
                <TextEquiv>
                    <Unicode>Was!-Schei deweg!</Unicode>
                </TextEquiv>
            </TextLine>
            <TextLine id="tr_1_tl_22" custom="readingOrder {index:21;}">
                <Coords points="202,1943 742,1917 914,2016 1836,1887 2196,2003 2367,1870 3251,1926 3427,1878 3431,1733 1956,1733 1806,1848 1394,1771 1124,1870 991,1763 502,1763 202,1866"/>
                <Baseline points="226,1914 310,1914 399,1908 489,1908 578,1908 668,1908 757,1902 847,1902 936,1902 1026,1896 1115,1896 1204,1896 1294,1896 1383,1890 1473,1885 1562,1879 1652,1879 1741,1879 1831,1879 1920,1879 2010,1873 2099,1873 2189,1867 2278,1867 2368,1867 2457,1861 2547,1855 2636,1855 2726,1849 2815,1849 2905,1849 2994,1843 3084,1843 3173,1837 3262,1831 3352,1825 3441,1819"/>
                <TextEquiv>
                    <Unicode>Sie werden meinen, bin daheim im Dorf</Unicode>
                </TextEquiv>
            </TextLine>
            <TextLine id="tr_1_tl_23" custom="readingOrder {index:22;}">
                <Coords points="3770,1870 3868,1951 3933,1930 3976,1969 4087,1874 4233,1956 4323,1870 4486,1861 4495,1694 4392,1737 4349,1716 4263,1733 4160,1793 4070,1733 3989,1733 3963,1698 3774,1733"/>
                <Baseline points="3793,1855 3877,1855 3966,1855 4056,1855 4145,1855 4235,1849 4324,1843 4414,1837 4503,1831"/>
                <TextEquiv>
                    <Unicode>Sepp. (1/2)</Unicode>
                </TextEquiv>
            </TextLine>
            <TextLine id="tr_1_tl_24" custom="readingOrder {index:23;}">
                <Coords points="3753,2076 4846,1994 4975,2114 5854,1930 6377,2029 6566,1900 7179,1934 7192,1690 5991,1771 5786,1887 5455,1793 3976,1964 3766,1866"/>
                <Baseline points="3781,2034 3793,2034 3883,2034 3972,2028 4062,2016 4151,2010 4241,2010 4330,2004 4420,1998 4509,1992 4599,1992 4688,1986 4778,1980 4867,1974 4957,1968 5046,1962 5136,1956 5225,1956 5315,1950 5404,1944 5494,1944 5583,1938 5672,1938 5762,1932 5851,1926 5941,1920 6030,1920 6120,1914 6209,1908 6299,1902 6388,1896 6478,1902 6567,1896 6657,1890 6746,1885 6836,1873 6925,1873 7015,1861 7104,1861 7194,1843"/>
                <TextEquiv>
                    <Unicode>Selder. Dort trennten sie sich. —. Gott, wo sie jetzt seid</Unicode>
                </TextEquiv>
            </TextLine>
            <TextLine id="tr_1_tl_25" custom="readingOrder {index:24;}">
                <Coords points="167,2204 412,2093 849,2213 1145,2071 2801,2063 3019,2033 3024,1896 2886,1969 2376,1870 2200,2003 1836,1887 914,2016 176,1951"/>
                <Baseline points="196,2081 262,2093 351,2087 441,2087 530,2087 620,2081 709,2081 799,2075 888,2075 978,2069 1067,2069 1157,2069 1246,2069 1336,2063 1425,2058 1515,2052 1604,2052 1694,2052 1783,2046 1873,2046 1962,2040 2052,2040 2141,2040 2231,2034 2320,2028 2409,2028 2499,2028 2588,2022 2678,2016 2767,2010 2857,2010 2946,1998 3036,1998"/>
                <TextEquiv>
                    <Unicode>G. eine Hetze will ich mir bereiten!</Unicode>
                </TextEquiv>
            </TextLine>
            <TextLine id="tr_1_tl_26" custom="readingOrder {index:25;}">
                <Coords points="3804,2209 7094,2089 7192,1921 6566,1900 6382,2029 5301,1960 4966,2106 4748,2003 3808,2076"/>
                <Baseline points="3829,2183 3889,2183 3978,2183 4068,2183 4157,2177 4247,2177 4336,2165 4426,2159 4515,2159 4605,2153 4694,2147 4784,2141 4873,2135 4963,2135 5052,2129 5142,2123 5231,2117 5321,2111 5410,2105 5499,2105 5589,2105 5678,2093 5768,2087 5857,2081 5947,2081 6036,2075 6126,2069 6215,2069 6305,2063 6394,2058 6484,2052 6573,2052 6663,2040 6752,2034 6842,2028 6931,2022 7021,2016 7110,2016 7200,2016"/>
                <TextEquiv>
                    <Unicode>Sär. Und sagt, was ist mit einem Vater dems.</Unicode>
                </TextEquiv>
            </TextLine>
            <TextLine id="tr_1_tl_27" custom="readingOrder {index:26;}">
                <Coords points="240,2286 905,2337 1360,2222 2007,2286 2835,2187 3114,2290 3350,2179 3354,2020 240,2170"/>
                <Baseline points="262,2254 316,2254 405,2254 495,2248 584,2242 674,2242 763,2242 853,2236 942,2231 1031,2231 1121,2225 1210,2225 1300,2219 1389,2219 1479,2219 1568,2213 1658,2213 1747,2213 1837,2207 1926,2201 2016,2201 2105,2201 2195,2195 2284,2189 2374,2189 2463,2189 2553,2183 2642,2183 2732,2177 2821,2177 2911,2171 3000,2171 3090,2165 3179,2165 3268,2159 3358,2165"/>
                <TextEquiv>
                    <Unicode>O Adolf Berthold! Freut auch nur darauf:</Unicode>
                </TextEquiv>
            </TextLine>
            <TextLine id="tr_1_tl_28" custom="readingOrder {index:27;}">
                <Coords points="3804,2402 5014,2307 5404,2402 5631,2269 6287,2234 6793,2325 7175,2243 7184,2114 3813,2200"/>
                <Baseline points="3829,2332 3877,2338 3966,2338 4056,2338 4145,2332 4235,2326 4324,2320 4414,2320 4503,2314 4593,2308 4682,2302 4772,2296 4861,2290 4951,2284 5040,2284 5130,2278 5219,2272 5309,2266 5398,2260 5488,2260 5577,2254 5666,2254 5756,2248 5845,2242 5935,2236 6024,2236 6114,2231 6203,2225 6293,2219 6382,2213 6472,2207 6561,2201 6651,2195 6740,2195 6830,2189 6919,2183 7009,2183 7098,2183 7188,2195"/>
                <TextEquiv>
                    <Unicode>Felder. Auch den deckt jetzt die kühle Erde schon</Unicode>
                </TextEquiv>
            </TextLine>
            <TextLine id="tr_1_tl_29" custom="readingOrder {index:28;}">
                <Coords points="189,2436 1973,2359 2668,2457 3062,2342 3272,2432 3281,2196 3101,2294 2839,2192 2393,2299 2247,2200 193,2312"/>
                <Baseline points="214,2415 244,2409 334,2409 423,2404 513,2398 602,2398 691,2398 781,2392 870,2392 960,2380 1049,2380 1139,2380 1228,2380 1318,2380 1407,2380 1497,2374 1586,2368 1676,2368 1765,2362 1855,2362 1944,2356 2034,2356 2123,2356 2213,2350 2302,2350 2392,2350 2481,2344 2571,2344 2660,2338 2749,2338 2839,2338 2928,2332 3018,2332 3107,2326 3197,2326 3286,2314"/>
                <TextEquiv>
                    <Unicode>Sch werd mich königlich da amüsiren</Unicode>
                </TextEquiv>
            </TextLine>
            <TextLine id="tr_1_tl_30" custom="readingOrder {index:29;}">
                <Coords points="3817,2522 4096,2603 4996,2445 6922,2402 7106,2355 7111,2247 6416,2329 5884,2234 5430,2397 5022,2303 3826,2376"/>
                <Baseline points="3841,2499 3895,2499 3984,2499 4074,2493 4163,2487 4253,2487 4342,2481 4432,2475 4521,2469 4611,2463 4700,2463 4790,2457 4879,2451 4969,2439 5058,2439 5148,2433 5237,2433 5326,2427 5416,2427 5505,2427 5595,2421 5684,2415 5774,2409 5863,2404 5953,2398 6042,2392 6132,2386 6221,2380 6311,2380 6400,2374 6490,2368 6579,2362 6669,2356 6758,2356 6848,2350 6937,2344 7027,2332 7116,2332"/>
                <TextEquiv>
                    <Unicode>Ihn rasste hin der Gram und Kummer, der</Unicode>
                </TextEquiv>
            </TextLine>
            <TextLine id="tr_1_tl_31" custom="readingOrder {index:30;}">
                <Coords points="3796,2732 6905,2590 7106,2530 7115,2346 5884,2513 5134,2445 4936,2548 3804,2565"/>
                <Baseline points="3823,2654 3901,2660 3990,2654 4080,2648 4169,2648 4259,2636 4348,2630 4438,2630 4527,2624 4617,2618 4706,2618 4796,2612 4885,2606 4975,2600 5064,2594 5153,2588 5243,2582 5332,2582 5422,2582 5511,2576 5601,2571 5690,2565 5780,2559 5869,2559 5959,2553 6048,2553 6138,2541 6227,2541 6317,2535 6406,2529 6496,2523 6585,2523 6675,2517 6764,2511 6854,2511 6943,2499 7033,2493 7122,2475"/>
                <TextEquiv>
                    <Unicode>Ihm unaufhörlich an dem alten und</Unicode>
                </TextEquiv>
            </TextLine>
            <TextLine id="tr_1_tl_32" custom="readingOrder {index:31;}">
                <Coords points="227,2629 3032,2560 3525,2522 3530,2410 605,2393 227,2543"/>
                <Baseline points="250,2582 316,2576 405,2565 495,2559 584,2559 674,2559 763,2553 853,2553 942,2547 1031,2547 1121,2541 1210,2541 1300,2541 1389,2535 1479,2541 1568,2535 1658,2535 1747,2523 1837,2523 1926,2517 2016,2511 2105,2511 2195,2511 2284,2511 2374,2511 2463,2505 2553,2505 2642,2499 2732,2499 2821,2499 2911,2493 3000,2493 3090,2487 3179,2493 3268,2487 3358,2487 3447,2493 3537,2499"/>
                <TextEquiv>
                    <Unicode>Ich hab' viel Geld; das kann mich nicht genommt</Unicode>
                </TextEquiv>
            </TextLine>
            <TextLine id="tr_1_tl_33" custom="readingOrder {index:32;}">
                <Coords points="262,2771 1154,2710 1651,2822 2200,2676 2650,2766 2852,2659 3401,2702 3448,2552 266,2616"/>
                <Baseline points="286,2702 328,2708 417,2708 507,2714 596,2720 686,2714 775,2714 864,2708 954,2702 1043,2702 1133,2702 1222,2696 1312,2690 1401,2690 1491,2690 1580,2684 1670,2684 1759,2678 1849,2678 1938,2678 2028,2678 2117,2672 2207,2672 2296,2672 2386,2672 2475,2666 2565,2660 2654,2660 2744,2654 2833,2648 2922,2648 3012,2648 3101,2642 3191,2636 3280,2636 3370,2636 3459,2642"/>
                <TextEquiv>
                    <Unicode>denn das Wahrsagen bringt erschrecklich die</Unicode>
                </TextEquiv>
            </TextLine>
            <TextLine id="tr_1_tl_34" custom="readingOrder {index:33;}">
                <Coords points="3847,2938 4229,2805 4782,2792 4996,2908 5245,2771 7119,2762 7231,2741 7239,2517 4610,2749 4413,2642 3851,2783"/>
                <Baseline points="3877,2821 3937,2815 4026,2815 4116,2809 4205,2809 4294,2803 4384,2797 4473,2797 4563,2791 4652,2785 4742,2779 4831,2773 4921,2767 5010,2767 5100,2761 5189,2761 5279,2755 5368,2749 5458,2744 5547,2738 5637,2732 5726,2732 5816,2720 5905,2720 5995,2720 6084,2714 6174,2714 6263,2708 6353,2708 6442,2696 6531,2690 6621,2684 6710,2684 6800,2678 6889,2672 6979,2672 7068,2666 7158,2660 7247,2666"/>
                <TextEquiv>
                    <Unicode>Gebrochnen Herzen nagte; denn die Brüder</Unicode>
                </TextEquiv>
            </TextLine>
            <TextLine id="tr_1_tl_35" custom="readingOrder {index:34;}">
                <Coords points="3041,2805 3058,2805 3114,2758 3152,2771 3169,2753 3204,2745 3238,2775 3259,2753 3298,2749 3298,2676 3247,2693 3199,2659 3144,2693 3105,2659 3075,2685 3036,2693"/>
                <Baseline points="3060,2738 3149,2738 3239,2744 3310,2744"/>
                <TextEquiv>
                    <Unicode>nir.</Unicode>
                </TextEquiv>
            </TextLine>
            <TextLine id="tr_1_tl_36" custom="readingOrder {index:35;}">
                <Coords points="249,2968 1660,2852 1943,2981 2350,2839 2788,2951 3075,2848 3482,2899 3512,2706 3015,2775 2839,2663 2603,2775 2196,2680 1655,2818 429,2723 249,2835"/>
                <Baseline points="274,2887 298,2887 387,2881 477,2875 566,2881 656,2875 745,2875 835,2869 924,2869 1014,2863 1103,2863 1193,2857 1282,2857 1372,2857 1461,2851 1550,2851 1640,2845 1729,2845 1819,2845 1908,2845 1998,2839 2087,2839 2177,2833 2266,2833 2356,2827 2445,2827 2535,2827 2624,2821 2714,2815 2803,2815 2893,2815 2982,2815 3072,2815 3161,2821 3251,2821 3340,2827 3430,2845 3519,2857"/>
                <TextEquiv>
                    <Unicode>doch müßen die Bewohner aber, an bissum</Unicode>
                </TextEquiv>
            </TextLine>
            <TextLine id="tr_1_tl_37" custom="readingOrder {index:36;}">
                <Coords points="3868,2998 4503,3071 5177,2942 5301,3049 5683,2916 5914,2998 6322,2865 6712,2886 6720,2728 6141,2728 5876,2852 5670,2745 5335,2775 4996,2908 4345,2809 4147,2934 4057,2843 3873,2929"/>
                <Baseline points="3895,2982 3949,2982 4038,2976 4127,2970 4217,2964 4306,2964 4396,2964 4485,2958 4575,2952 4664,2946 4754,2940 4843,2940 4933,2934 5022,2940 5112,2928 5201,2928 5291,2917 5380,2911 5470,2905 5559,2899 5649,2893 5738,2887 5828,2887 5917,2881 6007,2875 6096,2875 6185,2869 6275,2857 6364,2851 6454,2851 6543,2845 6633,2845 6722,2833"/>
                <TextEquiv>
                    <Unicode>Das Theuerste auf Erden hatte er</Unicode>
                </TextEquiv>
            </TextLine>
            <TextLine id="tr_1_tl_38" custom="readingOrder {index:37;}">
                <Coords points="305,3075 588,3148 789,3045 2226,3011 2432,3126 2741,2994 3380,3054 3512,2895 305,2942"/>
                <Baseline points="328,3042 387,3042 477,3036 566,3036 656,3036 745,3030 835,3030 924,3030 1014,3024 1103,3024 1193,3024 1282,3024 1372,3018 1461,3018 1550,3012 1640,3012 1729,3006 1819,3006 1908,3006 1998,3006 2087,3006 2177,3000 2266,3000 2356,2994 2445,2994 2535,2988 2624,2988 2714,2982 2803,2982 2893,2982 2982,2982 3072,2982 3161,2970 3251,2970 3340,2976 3430,2976 3519,2976"/>
                <TextEquiv>
                    <Unicode>doch speh! Da kommen Felder her und wir</Unicode>
                </TextEquiv>
            </TextLine>
            <TextLine id="tr_1_tl_39" custom="readingOrder {index:38;}">
                <Coords points="3886,3212 5768,3054 6257,3148 6450,3024 6789,3045 6798,2899 5914,3002 5700,2925 5331,3049 5129,2942 4477,3075 3898,2998"/>
                <Baseline points="3913,3137 3937,3137 4026,3131 4116,3131 4205,3131 4294,3125 4384,3119 4473,3113 4563,3113 4652,3107 4742,3101 4831,3095 4921,3095 5010,3090 5100,3090 5189,3078 5279,3078 5368,3072 5458,3066 5547,3066 5637,3054 5726,3054 5816,3048 5905,3048 5995,3048 6084,3042 6174,3036 6263,3030 6353,3018 6442,3012 6531,3006 6621,3000 6710,2988 6800,2994"/>
                <TextEquiv>
                    <Unicode>Verloren. Ja, das Geuerste auf Erden</Unicode>
                </TextEquiv>
            </TextLine>
            <TextLine id="tr_1_tl_40" custom="readingOrder {index:39;}">
                <Coords points="3903,3332 7214,3229 7248,3041 3911,3234"/>
                <Baseline points="3931,3310 3943,3310 4032,3310 4121,3304 4211,3298 4300,3292 4390,3286 4479,3280 4569,3280 4658,3274 4748,3274 4837,3262 4927,3262 5016,3251 5106,3251 5195,3245 5285,3239 5374,3233 5464,3233 5553,3227 5643,3221 5732,3215 5822,3209 5911,3209 6001,3203 6090,3197 6180,3197 6269,3191 6358,3185 6448,3179 6537,3173 6627,3167 6716,3161 6806,3155 6895,3149 6985,3149 7074,3143 7164,3137 7253,3137"/>
                <TextEquiv>
                    <Unicode>Lässe Ein traurig Schicksal ward euch früh bescheiden</Unicode>
                </TextEquiv>
            </TextLine>
            <TextLine id="tr_1_tl_41" custom="readingOrder {index:40;}">
                <Coords points="240,3285 721,3332 1638,3174 2050,3277 2492,3157 2886,3255 3079,3139 3302,3268 3555,3178 3555,3036 3298,3006 2393,3126 1788,3011 583,3148 244,3075"/>
                <Baseline points="262,3197 345,3209 435,3209 524,3209 614,3203 703,3203 793,3197 882,3197 972,3191 1061,3191 1151,3185 1240,3185 1330,3179 1419,3179 1509,3173 1598,3167 1688,3161 1777,3161 1867,3161 1956,3155 2046,3161 2135,3161 2225,3155 2314,3155 2404,3155 2493,3149 2582,3149 2672,3143 2761,3143 2851,3143 2940,3143 3030,3137 3119,3137 3209,3137 3298,3137 3388,3137 3477,3143 3567,3161"/>
                <TextEquiv>
                    <Unicode>Per Hetz will ich belauschen, was sie sprechen</Unicode>
                </TextEquiv>
            </TextLine>
            <TextLine id="tr_1_tl_42" custom="readingOrder {index:41;}">
                <Coords points="1098,3362 1411,3375 1540,3470 2114,3350 2209,3435 2329,3358 3242,3337 3285,3212 3161,3139 2895,3255 2719,3165 2312,3277 2170,3212 1771,3251 1690,3174 1102,3204"/>
                <Baseline points="1121,3346 1139,3346 1228,3346 1318,3340 1407,3340 1497,3334 1586,3328 1676,3328 1765,3322 1855,3322 1944,3322 2034,3322 2123,3322 2213,3322 2302,3322 2392,3322 2481,3316 2571,3316 2660,3310 2749,3304 2839,3304 2928,3298 3018,3298 3107,3298 3197,3292 3286,3298"/>
                <TextEquiv>
                    <Unicode>A. Sepp. (im Hintergr) Selder Säes</Unicode>
                </TextEquiv>
            </TextLine>
            <TextLine id="tr_1_tl_43" custom="readingOrder {index:42;}">
                <Coords points="3903,3491 4743,3543 5751,3384 5940,3478 6202,3371 7231,3367 7239,3221 3907,3397"/>
                <Baseline points="3925,3453 3931,3453 4020,3465 4110,3465 4199,3459 4289,3453 4378,3453 4467,3447 4557,3447 4646,3447 4736,3435 4825,3430 4915,3424 5004,3418 5094,3412 5183,3412 5273,3406 5362,3400 5452,3394 5541,3388 5631,3388 5720,3382 5810,3376 5899,3376 5989,3370 6078,3364 6168,3358 6257,3352 6347,3346 6436,3340 6525,3340 6615,3334 6704,3328 6794,3322 6883,3316 6973,3310 7062,3310 7152,3304 7241,3310"/>
                <TextEquiv>
                    <Unicode>Ich kommt Herr Nachbar, zu der Arbeits um</Unicode>
                </TextEquiv>
            </TextLine>
            <TextLine id="tr_1_tl_44" custom="readingOrder {index:43;}">
                <Coords points="3911,3628 6476,3637 7244,3491 7248,3350 6202,3371 5940,3478 5502,3397 4623,3551 4520,3461 3920,3491"/>
                <Baseline points="3937,3614 3943,3614 4032,3614 4121,3614 4211,3608 4300,3608 4390,3603 4479,3597 4569,3585 4658,3585 4748,3585 4837,3579 4927,3579 5016,3573 5106,3561 5195,3555 5285,3555 5374,3549 5464,3543 5553,3543 5643,3531 5732,3531 5822,3525 5911,3519 6001,3519 6090,3513 6180,3501 6269,3495 6358,3483 6448,3489 6537,3489 6627,3489 6716,3483 6806,3477 6895,3471 6985,3465 7074,3453 7164,3453 7253,3453"/>
                <TextEquiv>
                    <Unicode>das Schlimme alles was euch schon betroffen</Unicode>
                </TextEquiv>
            </TextLine>
            <TextLine id="tr_1_tl_45" custom="readingOrder {index:44;}">
                <Coords points="227,3581 2680,3564 3448,3504 3568,3354 1540,3465 1102,3358 232,3397"/>
                <Baseline points="256,3531 262,3537 351,3537 441,3525 530,3525 620,3525 709,3525 799,3525 888,3519 978,3513 1067,3507 1157,3507 1246,3507 1336,3507 1425,3507 1515,3501 1604,3495 1694,3489 1783,3489 1873,3489 1962,3489 2052,3483 2141,3483 2231,3483 2320,3483 2409,3483 2499,3477 2588,3477 2678,3477 2767,3477 2857,3471 2946,3471 3036,3471 3125,3471 3215,3471 3304,3465 3394,3465 3483,3459 3573,3459"/>
                <TextEquiv>
                    <Unicode>Felder. Ihr könnte mir glauben, auf mein Wort Herr</Unicode>
                </TextEquiv>
            </TextLine>
            <TextLine id="tr_1_tl_46" custom="readingOrder {index:45;}">
                <Coords points="257,3727 1119,3774 1604,3658 1866,3778 2192,3637 2779,3740 3538,3650 3547,3474 262,3590"/>
                <Baseline points="280,3686 340,3686 429,3680 518,3680 608,3674 697,3674 787,3674 876,3668 966,3662 1055,3662 1145,3662 1234,3656 1324,3656 1413,3656 1503,3656 1592,3656 1682,3650 1771,3644 1861,3638 1950,3632 2040,3632 2129,3632 2219,3632 2308,3626 2398,3626 2487,3626 2576,3626 2666,3626 2755,3620 2845,3620 2934,3614 3024,3614 3113,3603 3149,3567 3197,3567 3286,3561 3376,3561 3465,3549 3555,3549"/>
                <TextEquiv>
                    <Unicode>Steht auch geschrieben auf Papieren; ja Wehre</Unicode>
                </TextEquiv>
            </TextLine>
            <TextLine id="tr_1_tl_47" custom="readingOrder {index:46;}">
                <Coords points="3924,3791 4700,3946 5125,3736 5674,3718 5798,3817 6356,3671 7038,3770 7085,3508 5031,3710 3933,3633"/>
                <Baseline points="3949,3787 3960,3781 4050,3787 4139,3787 4229,3781 4318,3781 4408,3776 4497,3770 4587,3770 4676,3764 4766,3758 4855,3752 4945,3752 5034,3752 5124,3734 5165,3728 5207,3734 5297,3722 5386,3722 5476,3710 5565,3710 5655,3698 5744,3698 5834,3692 5923,3686 6012,3680 6102,3680 6191,3674 6281,3662 6370,3644 6460,3644 6549,3650 6639,3650 6728,3650 6818,3644 6907,3644 6997,3638 7086,3632"/>
                <TextEquiv>
                    <Unicode>Einstelde- weiter, - zu vergessen. Pommt.</Unicode>
                </TextEquiv>
            </TextLine>
            <TextLine id="tr_1_tl_48" custom="readingOrder {index:47;}">
                <Coords points="4379,3705 4593,3688 4636,3718 4722,3680 4812,3710 4936,3663 5026,3710 5086,3667 5370,3654 5370,3581 5258,3615 5172,3577 4906,3611 4859,3577 4658,3615 4563,3590 4383,3633"/>
                <Baseline points="4408,3680 4485,3668 4575,3668 4664,3674 4754,3668 4843,3656 4933,3650 5022,3650 5112,3650 5201,3650 5291,3650 5380,3644"/>
                <TextEquiv>
                    <Unicode>dort drüben.</Unicode>
                </TextEquiv>
            </TextLine>
            <TextLine id="tr_1_tl_49" custom="readingOrder {index:48;}">
                <Coords points="292,3907 2530,3796 2908,3916 3504,3826 3508,3654 2762,3736 2192,3637 1866,3778 1458,3671 1124,3774 853,3680 296,3731"/>
                <Baseline points="316,3835 381,3835 471,3829 560,3835 650,3829 739,3829 829,3829 918,3829 1008,3829 1097,3823 1187,3823 1276,3817 1366,3817 1455,3817 1545,3817 1634,3811 1723,3811 1813,3811 1902,3805 1992,3805 2081,3805 2171,3799 2260,3799 2350,3799 2439,3799 2529,3793 2618,3793 2708,3793 2797,3793 2887,3787 2976,3781 3066,3787 3155,3781 3245,3781 3334,3781 3424,3781 3513,3793"/>
                <TextEquiv>
                    <Unicode>Auf diese Entsmein Vater hinge schrieben</Unicode>
                </TextEquiv>
            </TextLine>
            <TextLine id="tr_1_tl_50" custom="readingOrder {index:49;}">
                <Coords points="4765,3920 4881,3963 5039,3920 5314,3941 5451,3881 5644,3928 5824,3868 5936,3903 6030,3864 6039,3731 5970,3718 5798,3821 5678,3718 5550,3714 5425,3783 5121,3736 4769,3856"/>
                <Baseline points="4790,3895 4879,3901 4969,3895 5058,3889 5148,3883 5237,3883 5326,3877 5416,3877 5505,3877 5595,3871 5684,3865 5774,3865 5863,3853 5953,3841 6042,3829"/>
                <TextEquiv>
                    <Unicode>(Saer u. Selder isl.)</Unicode>
                </TextEquiv>
            </TextLine>
            <TextLine id="tr_1_tl_51" custom="readingOrder {index:50;}">
                <Coords points="3933,4177 7248,3980 7257,3804 6322,3933 3950,3898"/>
                <Baseline points="3960,4121 4032,4116 4121,4110 4211,4104 4300,4098 4390,4092 4479,4086 4569,4080 4658,4080 4748,4068 4837,4062 4927,4062 5016,4056 5106,4050 5195,4038 5285,4038 5374,4032 5464,4026 5553,4026 5643,4026 5732,4020 5822,4014 5911,4008 6001,3996 6090,3996 6180,3990 6269,3990 6358,3984 6448,3978 6537,3972 6627,3966 6716,3966 6806,3966 6895,3960 6985,3949 7074,3949 7164,3949 7253,3949"/>
                <TextEquiv>
                    <Unicode>Lapp (allein)Welch wunderbare Übereinstimmungs¬</Unicode>
                </TextEquiv>
            </TextLine>
            <TextLine id="tr_1_tl_52" custom="readingOrder {index:51;}">
                <Coords points="257,4130 407,4031 609,4134 768,4010 1501,3997 2149,4143 2578,3967 3272,4066 3543,3984 3547,3821 262,3911"/>
                <Baseline points="286,4014 334,4020 423,4008 513,4008 602,4002 691,4002 781,4002 870,4002 960,3996 1049,3996 1139,3990 1228,3984 1318,3984 1407,3978 1497,3978 1586,3972 1676,3972 1765,3972 1855,3972 1944,3972 2034,3972 2123,3966 2213,3966 2302,3966 2392,3966 2481,3960 2571,3960 2660,3960 2749,3960 2839,3954 2928,3949 3018,3949 3107,3954 3197,3949 3286,3954 3376,3954 3465,3960 3555,3966"/>
                <TextEquiv>
                    <Unicode>Hört zu ich wills euch noch einmal erzählen.</Unicode>
                </TextEquiv>
            </TextLine>
            <TextLine id="tr_1_tl_53" custom="readingOrder {index:52;}">
                <Coords points="3989,4383 4739,4263 5155,4340 5803,4177 5944,4293 6386,4199 6626,4323 6901,4121 7231,4134 7244,3976 4001,4186"/>
                <Baseline points="4020,4271 4026,4265 4116,4265 4205,4265 4294,4259 4384,4253 4473,4247 4563,4241 4652,4235 4742,4229 4831,4229 4921,4223 5010,4211 5100,4211 5189,4199 5279,4193 5368,4187 5458,4181 5547,4181 5637,4181 5726,4175 5816,4169 5905,4163 5995,4163 6084,4157 6174,4157 6263,4157 6353,4145 6442,4139 6531,4133 6621,4127 6710,4121 6800,4116 6889,4110 6979,4104 7068,4098 7158,4098 7247,4098"/>
                <TextEquiv>
                    <Unicode>daß sich. Da kommen kundter her und Schnitter.</Unicode>
                </TextEquiv>
            </TextLine>
            <TextLine id="tr_1_tl_54" custom="readingOrder {index:53;}">
                <Coords points="270,4190 742,4152 1111,4259 1209,4169 1377,4143 1475,4242 1583,4169 1793,4156 1797,4036 1565,4010 1317,4079 1239,4023 763,4010 622,4126 497,4049 270,4134"/>
                <Baseline points="292,4163 375,4163 465,4163 554,4163 644,4157 733,4151 823,4151 912,4145 1002,4145 1091,4139 1181,4139 1270,4133 1360,4133 1449,4127 1539,4121 1628,4121 1717,4121 1807,4121"/>
                <TextEquiv>
                    <Unicode>säär. Ich bin ganz Ohr.</Unicode>
                </TextEquiv>
            </TextLine>
            <TextLine id="tr_1_tl_55" custom="readingOrder {index:54;}">
                <Coords points="6712,4276 6759,4259 6823,4293 6871,4259 6948,4293 6978,4276 7025,4293 7089,4284 7136,4246 7201,4272 7209,4139 7171,4134 7072,4190 6905,4121 6716,4224"/>
                <Baseline points="6734,4253 6764,4259 6854,4247 6943,4241 7033,4241 7122,4235 7212,4223"/>
                <TextEquiv>
                    <Unicode>Korner</Unicode>
                </TextEquiv>
            </TextLine>
            <TextLine id="tr_1_tl_56" custom="readingOrder {index:55;}">
                <Coords points="1591,4362 1990,4422 2132,4349 2372,4422 2535,4327 2942,4422 3199,4366 3422,4417 3422,4126 2839,4207 2595,4113 2243,4199 2132,4130 1591,4194"/>
                <Baseline points="1616,4283 1706,4289 1795,4289 1885,4283 1974,4289 2063,4289 2153,4289 2242,4289 2332,4289 2421,4289 2511,4283 2600,4283 2690,4277 2779,4271 2869,4271 2958,4271 3048,4277 3137,4283 3227,4283 3316,4289 3406,4312 3435,4312"/>
                <TextEquiv>
                    <Unicode>Was die sich da erzählen</Unicode>
                </TextEquiv>
            </TextLine>
            <TextLine id="tr_1_tl_57" custom="readingOrder {index:56;}">
                <Coords points="270,4387 433,4447 588,4345 665,4345 871,4443 1394,4430 1398,4147 1209,4169 1115,4259 793,4207 738,4156 566,4254 442,4229 274,4267"/>
                <Baseline points="292,4324 334,4324 423,4318 513,4330 602,4324 691,4312 781,4312 870,4306 960,4306 1049,4306 1139,4300 1228,4300 1318,4306 1407,4312"/>
                <TextEquiv>
                    <Unicode>Depp (tritt näher) sie</Unicode>
                </TextEquiv>
            </TextLine>
            <TextLine id="tr_1_tl_58" custom="readingOrder {index:57;}">
                <Coords points="5481,4340 5515,4340 5605,4400 5674,4375 5764,4426 5807,4396 5854,4405 5858,4203 5807,4182 5768,4199 5751,4182 5683,4237 5614,4190 5481,4267"/>
                <Baseline points="5505,4318 5595,4312 5684,4312 5774,4312 5863,4306"/>
                <TextEquiv>
                    <Unicode>Rübler</Unicode>
                </TextEquiv>
            </TextLine>
        </TextRegion>
    </Page>
</PcGts>
