7464 4712
6192 158 6371 324 &a
5110 179 5349 353 25
6622 153 6980 311 1
1755 209 2010 371 24—
5008 268 7227 562 W. Goldachia (allein.) Hierauf Zwey
285 290 2964 639 Umgaben nur von kahlen Felsgeschein
3812 251 7146 796 Ein Mensch, er kann es wagen, und zu suchen!
400 507 3590 805 Von Felsen nur, der fühllohn mich unvringet
6299 600 6793 767 zu wonung.
4212 664 6788 950 (Die Zwerge kommen, hierauf Namen
392 681 3628 967 Hier weht kein sonstes Lästchen, das mich kühlt
3773 775 7197 1120 Goldachur steigt auf den Thorn.  Palago, Kreso-Aura, Ball¬
375 843 3663 1133 Hier seh' ich nicht den Himmel ober meinem
4881 937 7014 1239 Chor. (Allmaußer Gold.)
3071 997 3560 1244 Haupt
3892 1065 4297 1222 17/12
873 1043 1465 1307 Liebend
3905 1137 6793 1401 Wer grüßen der Gebieterin
345 1094 3539 1444 Rein fühlend Menschenherz, das mit mir füßet;
3871 1286 5541 1614 Die Zwingerin der Erde
388 1346 3394 1606 denn Goldachia, sie hat alles mir geraubt!
3841 1444 6137 1810 Wir grüßen unsre Königin
447 1495 3586 1750 Denn nur ein alles kummer volles Herz
3888 1618 5438 1895 Mit fröhlicher Geberde.
434 1661 3616 1933 Hat sie gelassen nur und Gram und Schmerz¬
3858 1784 5613 2074 Die Erde ist ihr Königreich
422 1818 1073 2036 Ja ius
1303 1814 2824 2095 ihre Gnade, schon Huld
3854 1933 6435 2219 das Herz der Menschen ihr Bereich;
839 1840 1278 2100 alles of
1320 1989 3301 2236 ist's meine eig'ne Schuld.
413 2002 1248 2257 doch eigentlich
3884 2125 6571 2381 Das Weltall kann sie zwingen
1129 2134 2934 2347 Michel Goldachia
3863 2274 6239 2555 den Rechtlichsten bezwegen.
341 2261 3531 2581 Goldachia (præs) Ihr sagtet ja, es werde sich gefallen.
3905 2389 6997 2696 Viel welken hier nun bei uns drunten allhie
358 2462 3599 2730 Gefällts euch nicht, ihr wollt gewiß ausserst
3884 2551 6350 2862 Vom Teufel der Habsucht geblendet
447 2619 2176 2887 Was mangelt euch?
3863 2726 6644 3028 Denn wer diesem willig das Herze lich
1491 2781 3296 3062 Ein fühlend Herz und Luft
371 2785 805 3002 Michel
3875 2866 6597 3190 Wird zu uns hinunter gesendet
383 2883 3599 3220 Pold. Das wird auch tausendsach ersetzt dürfte.
3892 3036 7287 3364 Wir stehn mit dem Teufel im engsten Bundes¬
405 3122 3628 3335 Mich. O Königin, meint ihr, ein Pählendherz
3892 3186 7070 3513 Unsre Gänge, das ist der Höllenschland
413 3275 3441 3450 das wär durch alle Schätze zu ersetzen?
3871 3369 7133 3684 Und des Goldes eitliches Zelle Glimmern
358 3450 3590 3709 Gold. (so) Gewiß, ihr hält es mir ja selbst gesrof.
3901 3548 7240 3782 Also des höllischen Feuers Schimmern
324 3637 3628 3858 Mich. Ja wohl, ich Königin, vor vierzig Jahren!
3892 3680 6989 4007 Das Glitzern von Silber und Edelgestern
362 3752 2338 4025 Gold. (tg.) Wor vierzig Jahren.
3897 3892 6690 4157 das das Herze der Menschen bethöret
1814 3918 3352 4169 Ha, de falsches Weib.
341 3939 1154 4144 Mich. (zornig.)
3901 4016 6933 4352 Ist des höllischen Feuers Wiederschein
336 4071 3105 4369 du Königin des Goldes, sei verflucht!
2074 4229 2696 4429 (vib.)
