7368 4888
5153 234 5374 394 95
1439 334 1864 520 -14-
3697 360 7159 650 Süer. Ich hab' dem Drechstermeister schon geschrieben
139 390 3580 797 Felder. Seht! Dieses Lied haben mir wachgeruße,
3710 533 7151 845 Du wollst doch drechster wurden, Berthold, nicht we¬
82 611 3190 893 Erinnerungen aus vergangnen Zeiten
3692 698 7172 936 Berth. Gewiß (f.) zu Höhrem kann ichs doch nicht bänger
165 758 3259 1105 Vor langen Zeiten - das entsum ich mich.
3710 841 6990 1157 Felder. So war die Angelegenheit geordnet,
134 949 3406 1261 Ich war noch Knabe - hatt' ich einen Geim¬
3762 966 7177 1300 Säer. Schon morgen könnt ihr gehen, wenn ihr welc¬
169 1057 3289 1460 Er war noch jung, ein lustiger Gesell.
3766 1179 5929 1530 Edolf. Wohl! einverstanden:
169 1226 3450 1573 Der gieng mit seinem Bruder auf das Wande,
5240 1274 7164 1603 Wir sind einverstanden,
186 1473 3393 1768 Sie sind zu einem Scheideweg gekommen
3718 1417 4069 1629 Berth
3753 1482 7164 1755 Gelder. Kommt, Leute, weiter auf ein andres Fuld.
204 1573 2648 1942 Da sagten sich die Beiden Lebewohl;
4390 1651 6423 1950 (Alle außer Ad u. Berth. ab.)
169 1764 3489 2037 Ich hab' von Beiden gar nichts mehr vernommen,
3181 1846 3493 1989 wirkigt
4572 1807 6553 2085 Adolfs. Berthold. Sepp.
260 1894 3454 2223 Saa (zrällen) der Verndter ist schon wieder ganz
3744 1946 7198 2280 Adolf. Nun laß uns fröhlich sein. Was sagst durch
251 2098 3441 2353 Femelter. Du tödtest mich: oh Übermaß der Wone.
3757 2141 6999 2457 Beth. Es ist doch wenigstens die Möglichkeit
251 2223 3484 2527 schen. Aus welchen Klassiker hat er denn das Geschä
3840 2258 7177 2609 Vorhanden, reich zu werden, möglich ist es
221 2362 3333 2765 Geschöpft? Aus Schiller, Göthe oder lessing.
3770 2414 7211 2804 Sepp. Ihr Herren, geht ihr auf die Wanderschaft?
204 2518 3359 2834 Mit scheint, ich hab 5 in Öhland einst gelesen.
3783 2657 4815 2891 Adol. Ja, Alter!
3142 2683 3515 2856 urig
221 2696 3497 3081 (mehr) Oh Knabenzeit, du kehrst nicht mehr es könte
4394 2778 7151 3077 Wirklich? O ist ein lustig Leben
3783 2843 4303 3016 Seppt
299 2904 3315 3172 terndler. Doch weh — wie lang wird 6 wahren¬
3831 2925 7138 3237 Ich hab's einmal erprobt als junger Bursch¬
373 3008 3528 3402 Schm. Er wird verständig, ja- es war schon zu
3883 3068 7207 3441 Adolph. Ich freu mich schon darauf, ich wird Geselle
251 3164 3632 3510 Felder. Er hört schon auf mit den verrückten Stadt
3883 3285 5643 3636 ei Meister Schmiedegut.
264 3320 3402 3653 Fälz. dem lieben Gott sei Lob und Dank dafür
5526 3398 6990 3688 Bei dem war ich
312 3515 3506 3866 Felder. Hört Saar meint ihr nicht, daß unsere
3913 3497 4134 3688 pp
3892 3580 6579 3905 geselle, an die gehen Jahre wohl
334 3701 3549 4026 Schon alt genug wäre, auf die Wanderschaft
3909 3658 7194 3991 Der Alte ist schon todt sein Sohn ist Meister.
264 3831 3029 4165 Sich zu begeben? Sie sind reif dazu
3905 3861 7229 4225 dolf. Komm Berthold endlich zu der Arbeit kom¬
282 3961 3571 4325 Stiez. Darüber hab ich auch schon nachgedacht
4468 4069 5716 4386 (Ad. u. Berth. ab.)
316 4147 3558 4546 Adolph. ich will der Schmiedekunst nach widmer,
2886 4290 3350 4507 Vater.
