7496 4840
1838 348 2062 586 38
378 429 3675 734 Pal. So komme, kura! und laß dich umarmen.
390 637 3548 951 Krös. Laß dich u marmen, Bala, an mein Herz!
1197 789 3323 1112 (Gegenseitige Umarmung, alle ab.)
1549 955 3531 1248 XXX. Theuerherne. Rechenschw.
399 1129 3675 1443 Th. Ja morgen geht's hinauf, ihr könnte nicht schreiten.
463 1299 3348 1587 Am 12. Mai sind wir hinunter kommen
526 1481 3446 1731 Vor einem Jahr, und morgen ist der 12.
441 1647 3565 1931 Pech. Asna! ich hab' mich nur geirrt: Es ist so,
484 1753 3577 2050 Wie ihrs gesagt hat, morgen gehts hinauf.
471 1897 3790 2236 Ich bin schon neugierig, wie stehts da droben!?
446 2079 3675 2406 Th. Wir können geh u ins nächste Dorf hinein
509 2219 3280 2555 Was werd ich oben sehen fürgetten
526 2415 3590 2699 Was trägt man lieber: dunkel oderhell?
480 2542 3603 2882 Sech. Trägt man jetzt Stiefele oder Stiefelleten,
560 2729 3586 2962 Vmb von Kalbsleder, oder von Brünell!
424 2907 3739 3179 Jh. Was trägt man jetzt für Ortenwohl von Wieder
518 3047 3471 3370 Sind sie wohl lose, oder zugescheurt!
441 3251 3819 3467 Fech. Wie sind die Stiefeln jetzt? Hoch oder nieder!
543 3412 3751 3637 Und werden sie mit Stieselwig geschriert?
187 3505 361 3696 to
934 3586 2894 3841 (Beide gehen nachdenklich ab)
1579 3713 1990 3930 XVX
1358 3866 2610 4125 Goldachic (allein:)
530 3938 3650 4346 Letzt hab' mein eigen Schicksal ich erforscht,
556 4167 3701 4528 Ein großes Ungluck stehe nur bevor.
5126 216 5449 420 39-
3866 246 7240 624 Was könnte mir geschehen. Doch nah immer
3879 441 7023 806 Ost alles eingetroffen, was die Tafel
3892 675 6871 959 In räthselhaft verschiedenen Gestalten
3900 802 6765 1133 Mir deutete, dass traf noch alles ein
3904 955 6752 1273 So einen finsteren Orakelspruch
5165 1082 6357 1248 aber im noch
3908 1163 7087 1447 Den hab' ich nie noch je vernommen.
3887 1239 6841 1625 Doch könnte ich dem Schicksal vorbeugen
3985 1362 7287 1731 Wie mir die Stäbe auf der Tafel deuten.
3925 1549 7282 1867 Kein Mittel will ich unversuchet lassen.
3925 1727 7206 2067 Es sei mein Reich dem Untergange nah¬
3892 1846 7312 2287 Hat sich der stumme Mund vernehmen lasse.
3947 2016 7053 2440 der in der Zukunft dunkle Ferner sah,
3959 2169 7346 2525 Doch mich soll nicht des Unglückshand erfassen,
3968 2423 6989 2767 Nicht soll ers bis in alle Ewigkeiten.
3934 2534 7142 2924 Ich will dem Schicksalswillen widerstreiten
4303 2712 7363 3068 Elektrisches Licht xx. Gold. (nachdenklich) Alle Zwerge¬
5029 2890 6255 3170 Chor der Zwerge.
3947 3030 7006 3395 Viel welken bei uns drunten allhie,
3993 3217 6782 3539 Vom Teufel der Habsucht geblendet;
3968 3306 7320 3658 denn wer diesem willig sein Herr lief.
3989 3488 7346 3849 Wird zu uns hinunter gesendet und
4040 3662 7333 4002 Wir stehn mit dem Teufel im engstag
4112 3781 7282 4125 Unsre Gänge, das ist der Höllenschlund,
4087 4002 7130 4405 Und des Goldes rötliches Glimmern
