7512 4872
4967 217 5304 388 45.
4831 179 7240 571 V. Theaarh. verbenschw. Huberfe, Herren
785 371 2059 644 versteht sich -44-
3880 478 7180 866 Theuerl. Herr Rechenschwarz, was sagen Sie dazu¬
324 507 3253 785 Nun ja, das unten lernte man nichts.
345 661 3147 964 Es ist leicht begreiflich, ohne Bibliothek!
3854 648 6818 1066 Sach. Madame. ich habe schon genug davon.
3854 814 6732 1185 Wir ist fürmehr schon ungeheuer übel
388 844 2878 1126 Der Christidts bankwitt! Hagohar
3850 985 6792 1335 Die Paradeissoß dort war miserabel.
333 955 3411 1288 # der ist - es ist zum Sachen - so Cousin
3850 989 7219 1518 Th. b' ist unerhört, - und dieses Schritzel! was
397 1130 3240 1458 Themistokles war einstens Langenpulzer!
3863 1249 7295 1650 ich. Mit Rührung werd ich nicht zurück deren darum
328 1296 3095 1616 Ferobeam ist in die Schweiz gereist!
5799 1462 6059 1590 wurf
3863 1450 7248 1787 den Kellner hätt’ ich derwischen sollen.
401 1492 2729 1774 Entschluss - - das die Smal 99.
3876 1599 6703 1983 das ordentliche Bier aus Giesing ist
439 1654 3496 1923 Millionen hätten sie mit diesen den
3889 1757 7304 2123 Verdrängt und stilherr hat den Platz genommen.
465 1804 3586 2128 Professor bestochen, da! - ich könnte wetten¬
3901 1961 7304 2332 Oh Menschheik, kannst du Gar so schnell vergessen
503 1931 3590 2217 Sie da – das wären sie nicht durchgefallen,
3987 2085 7210 2435 Was gutes Bier dir wohl erwiesen! xxx wch!
503 2204 3556 2418 Und hätten sie behauptet im Exercinau &
3914 2230 7270 2584 Th. Man nimmt bei Hause, — und wir nach sein Essen
431 2319 3518 2554 Die Eva war die Gattin des Rausanias,
3957 2396 6609 2733 den alten Wirthen sagte man Ade¬
435 2426 3599 2716 Und jene wäre Obstlerin, und dieser
3918 2554 7295 2904 Pech. Man geht mit Zöpfen, auf französisch, tressen"
443 2575 3680 2895 Der Inhaber einwir Talerk=Trafik gerecht
3935 2746 7052 3095 Van Alten findet sich nichts mehr. Ich ne¬
473 2788 3654 3104 Und hätte die besten Havannah von Beylen,
3266 2882 3616 3113 F.Tr
2951 2891 3198 3014 Latt
3965 2882 7329 3236 beide. Das ist es, was wir als eide schon erfahren
460 2925 3198 3223 Der Herr Professor hätte so gesagt
3974 3057 7351 3432 Letzt laß uns munter zu der Königin fahren.
469 3070 3671 3398 Sehte junge Leute nehmetz auf ein Beispiel
4601 3181 7385 3547 (der Felsen öffnet sich Th. u. stech gehen hinein)
495 3240 3646 3564 Die wissens, wie ichs lange nicht gehört
3982 3390 7351 3680 Häberle ist aus dem Hiedgrunde gekommen, aber
478 3377 3326 3658 doch hin. Da fällt mir etwas um! Hei Jn¬
166 3526 337 3701 4
4029 3501 7338 3893 er kommt zu spät, und bleibt vor dem ge¬
503 3547 3624 3825 das ist ein Plan, das wären Abenteuer.
465 3744 3466 4051 das wurde köstlich sein! ich für d es aus.
4029 3761 5799 4046 schlossenen Felsen stehen.)
4034 3761 7300 4213 Hüberle. (allein.) Nun muß ich das zu Thetter Gelder gegen
426 3871 3633 4187 So! Wenn die Wandrer dann zurück a kommen,
4038 4016 6894 4434 Und werfe bleiben dort ein ganzes Jahr
495 4089 3586 4375 Die schleiche ich — doch sieht da kommen sie.
1369 4217 2823 4528 Erzust sich zurück)
