<?xml version="1.0" encoding="UTF-8" standalone="yes"?>
<PcGts xmlns="http://schema.primaresearch.org/PAGE/gts/pagecontent/2013-07-15" xmlns:xsi="http://www.w3.org/2001/XMLSchema-instance" xsi:schemaLocation="http://schema.primaresearch.org/PAGE/gts/pagecontent/2013-07-15 http://schema.primaresearch.org/PAGE/gts/pagecontent/2013-07-15/pagecontent.xsd">
    <Metadata>
        <Creator>prov=READ-COOP:name=TrHtr:version=2.1.0:model_id=51170:date=15_08_2023_05:28</Creator>
        <Created>2023-05-10T15:22:42.311+02:00</Created>
        <LastChange>2023-08-15T05:28:48.781+02:00</LastChange>
        <TranskribusMetadata docId="1428904" pageId="55433584" pageNr="31" tsid="132839400" status="IN_PROGRESS" userId="64420" imgUrl="https://files.transkribus.eu/Get?id=JWXXTKMXECRFQVQAOHNHEJMJ&amp;fileType=view" xmlUrl="https://files.transkribus.eu/Get?id=HPOEUOCBARTYRHAHNDNPNMUQ" imageId="44707621"/>
    </Metadata>
    <Page imageFilename="1428904_0031.jpg" imageWidth="7384" imageHeight="4728">
        <ReadingOrder>
            <OrderedGroup id="ro_1711802287515" caption="Regions reading order">
                <RegionRefIndexed index="0" regionRef="tr_2"/>
                <RegionRefIndexed index="1" regionRef="tr_1"/>
            </OrderedGroup>
        </ReadingOrder>
        <TextRegion id="tr_2" custom="readingOrder {index:0;}">
            <Coords points="149,320 3725,320 3725,4158 149,4158"/>
            <TextLine id="tr_2_tl_1" custom="readingOrder {index:0;}">
                <Coords points="2009,403 2029,403 2063,433 2084,428 2121,449 2154,433 2192,453 2225,424 2246,428 2258,237 2233,229 2196,262 2146,254 2084,304 2054,283 2046,291 2017,283"/>
                <Baseline points="2035,382 2083,382 2172,370 2262,370"/>
                <TextEquiv>
                    <Unicode>52</Unicode>
                </TextEquiv>
            </TextLine>
            <TextLine id="tr_2_tl_2" custom="readingOrder {index:1;}">
                <Coords points="1614,462 1668,449 1688,466 1718,445 1738,462 1776,457 1776,308 1730,312 1722,320 1701,299 1680,295 1668,308 1614,316"/>
                <Baseline points="1635,423 1725,423 1784,423"/>
                <TextEquiv>
                    <Unicode>J</Unicode>
                </TextEquiv>
            </TextLine>
            <TextLine id="tr_2_tl_3" custom="readingOrder {index:2;}">
                <Coords points="304,636 1738,570 1975,703 2329,553 3260,570 3344,399 2820,445 2587,333 2183,457 719,362 308,433"/>
                <Baseline points="328,596 394,591 483,585 573,585 662,585 752,579 841,573 931,573 1020,567 1110,573 1199,573 1289,573 1379,567 1468,573 1558,567 1647,573 1737,567 1826,561 1916,561 2005,555 2095,549 2184,549 2274,543 2364,537 2453,531 2543,531 2632,525 2722,531 2811,525 2901,519 2990,513 3080,513 3169,507 3259,507 3349,507"/>
                <TextEquiv>
                    <Unicode>Bald aber euch ein glücklich Leben winkt¬</Unicode>
                </TextEquiv>
            </TextLine>
            <TextLine id="tr_2_tl_4" custom="readingOrder {index:3;}">
                <Coords points="2791,649 2828,653 2870,632 2882,649 2899,645 2919,665 2957,645 2978,653 3015,645 3023,557 2998,553 2986,566 2961,553 2928,557 2911,536 2890,536 2865,557 2799,557"/>
                <Baseline points="2817,620 2847,620 2937,614 3026,608"/>
                <TextEquiv>
                    <Unicode>G.S.</Unicode>
                </TextEquiv>
            </TextLine>
            <TextLine id="tr_2_tl_5" custom="readingOrder {index:4;}">
                <Coords points="329,765 2487,823 2753,707 3269,765 3418,595 2158,599 1950,699 1738,574 333,628"/>
                <Baseline points="352,734 382,728 471,734 561,740 650,740 740,740 829,746 919,746 1008,740 1098,734 1187,728 1277,734 1367,734 1456,740 1546,740 1635,740 1725,734 1814,728 1904,728 1993,722 2083,722 2172,716 2262,710 2352,704 2441,710 2531,704 2620,698 2710,698 2799,692 2889,692 2978,686 3068,686 3157,680 3247,680 3337,680 3426,674"/>
                <TextEquiv>
                    <Unicode>Berth. Ich schließt mich auch an, Jose Goldachia</Unicode>
                </TextEquiv>
            </TextLine>
            <TextLine id="tr_2_tl_6" custom="readingOrder {index:5;}">
                <Coords points="370,940 1131,994 1834,898 2163,1002 2691,873 2799,965 3177,882 3181,765 2811,703 2570,823 2491,757 1784,861 1131,732 932,844 374,757"/>
                <Baseline points="394,907 411,907 501,907 591,913 680,919 770,919 859,913 949,907 1038,907 1128,901 1217,901 1307,901 1396,901 1486,901 1576,901 1665,895 1755,895 1844,889 1934,889 2023,889 2113,883 2202,883 2292,883 2381,877 2471,871 2561,865 2650,865 2740,859 2829,859 2919,859 3008,859 3098,853 3187,859"/>
                <TextEquiv>
                    <Unicode>Mich zichts hinab in euer golden Reich¬</Unicode>
                </TextEquiv>
            </TextLine>
            <TextLine id="tr_2_tl_7" custom="readingOrder {index:6;}">
                <Coords points="466,1106 765,1177 2208,1044 2757,1127 3111,1069 3115,923 2375,898 2129,1006 1397,915 1052,990 932,915 466,1040"/>
                <Baseline points="489,1074 525,1074 614,1074 704,1074 793,1074 883,1068 973,1068 1062,1068 1152,1062 1241,1062 1331,1062 1420,1062 1510,1062 1599,1062 1689,1056 1778,1050 1868,1050 1958,1050 2047,1050 2137,1050 2226,1044 2316,1038 2405,1038 2495,1038 2584,1038 2674,1026 2763,1020 2853,1020 2943,1020 3032,1014 3122,1020"/>
                <TextEquiv>
                    <Unicode>Adolf. Ich bin der nurge, hohe Ehrachia,</Unicode>
                </TextEquiv>
            </TextLine>
            <TextLine id="tr_2_tl_8" custom="readingOrder {index:7;}">
                <Coords points="403,1347 1131,1277 1248,1352 1896,1347 2113,1210 2508,1277 2957,1210 3032,1077 2553,1139 2246,1044 1634,1060 769,1181 412,1119"/>
                <Baseline points="429,1271 441,1265 531,1247 620,1241 710,1241 799,1235 889,1235 979,1235 1068,1235 1158,1229 1247,1223 1337,1223 1426,1229 1516,1223 1605,1223 1695,1223 1784,1217 1874,1211 1964,1205 2053,1199 2143,1199 2232,1199 2322,1193 2411,1193 2501,1187 2590,1187 2680,1182 2769,1182 2859,1176 2949,1182 3038,1176"/>
                <TextEquiv>
                    <Unicode>Es zieht mich die zur Ehrlichkeit, zu euch¬</Unicode>
                </TextEquiv>
            </TextLine>
            <TextLine id="tr_2_tl_9" custom="readingOrder {index:8;}">
                <Coords points="1901,1431 2799,1352 2936,1426 3327,1331 3622,1410 3660,1231 3281,1177 3086,1231 2682,1206 2537,1273 2208,1202 1905,1264"/>
                <Baseline points="1922,1379 1964,1373 2053,1367 2143,1355 2232,1355 2322,1349 2411,1349 2501,1349 2590,1349 2680,1343 2769,1343 2859,1343 2949,1337 3038,1337 3128,1337 3217,1331 3307,1325 3396,1325 3486,1325 3575,1331 3665,1337"/>
                <TextEquiv>
                    <Unicode>Gold. in Berth. sind verswinde</Unicode>
                </TextEquiv>
            </TextLine>
            <TextLine id="tr_2_tl_10" custom="readingOrder {index:9;}">
                <Coords points="1809,1564 1992,1626 2129,1526 2466,1618 2691,1518 2803,1560 3173,1501 3315,1572 3668,1505 3672,1389 3423,1327 2961,1464 2870,1377 2682,1418 2466,1364 1813,1435"/>
                <Baseline points="1838,1522 1886,1522 1975,1522 2065,1522 2155,1516 2244,1516 2334,1510 2423,1504 2513,1510 2602,1504 2692,1498 2781,1498 2871,1492 2960,1492 3050,1492 3140,1492 3229,1486 3319,1486 3408,1486 3498,1480 3587,1480 3677,1480"/>
                <TextEquiv>
                    <Unicode>auch die Nebelgestalten und des Gemel¬</Unicode>
                </TextEquiv>
            </TextLine>
            <TextLine id="tr_2_tl_11" custom="readingOrder {index:10;}">
                <Coords points="1813,1713 2005,1697 2079,1738 2695,1680 2791,1747 3028,1672 3127,1709 3177,1693 3181,1530 2974,1510 2408,1626 2146,1535 2013,1618 1817,1618"/>
                <Baseline points="1838,1689 1844,1689 1934,1689 2023,1689 2113,1689 2202,1683 2292,1677 2381,1677 2471,1677 2561,1671 2650,1671 2740,1665 2829,1665 2919,1659 3008,1659 3098,1659 3187,1653"/>
                <TextEquiv>
                    <Unicode>lacht über der Erde.)</Unicode>
                </TextEquiv>
            </TextLine>
            <TextLine id="tr_2_tl_12" custom="readingOrder {index:11;}">
                <Coords points="428,1913 1210,1876 1310,1963 1535,1867 1776,1942 1888,1859 3211,1826 3377,1896 3381,1755 2504,1684 1905,1822 1747,1726 433,1697"/>
                <Baseline points="453,1874 525,1868 614,1868 704,1874 793,1868 883,1874 973,1868 1062,1862 1152,1868 1241,1862 1331,1856 1420,1856 1510,1856 1599,1856 1689,1856 1778,1850 1868,1850 1958,1850 2047,1844 2137,1844 2226,1838 2316,1838 2405,1832 2495,1826 2584,1826 2674,1820 2763,1826 2853,1820 2943,1820 3032,1820 3122,1814 3211,1814 3301,1808 3390,1808"/>
                <TextEquiv>
                    <Unicode>Ehr. So lebe wohl! auf allen deinen Wegen</Unicode>
                </TextEquiv>
            </TextLine>
            <TextLine id="tr_2_tl_13" custom="readingOrder {index:12;}">
                <Coords points="399,2071 549,2163 1106,2054 1314,2163 1505,2050 2275,2021 2441,2129 2599,2013 3394,2021 3319,1863 2928,1959 2707,1851 2267,1950 1950,1871 1298,1967 403,1926"/>
                <Baseline points="423,2047 447,2047 537,2047 626,2047 716,2047 805,2047 895,2047 985,2041 1074,2041 1164,2035 1253,2029 1343,2029 1432,2035 1522,2029 1611,2035 1701,2023 1790,2023 1880,2017 1970,2017 2059,2017 2149,2011 2238,2005 2328,1999 2417,1999 2507,1999 2596,1999 2686,1993 2775,1993 2865,1993 2955,1987 3044,1987 3134,1981 3223,1981 3313,1987 3402,1975"/>
                <TextEquiv>
                    <Unicode>Begleite dich mein mütterlicher Begen!</Unicode>
                </TextEquiv>
            </TextLine>
            <TextLine id="tr_2_tl_14" custom="readingOrder {index:13;}">
                <Coords points="1822,2192 2142,2188 2208,2225 2383,2167 2853,2237 2928,2171 3044,2192 3053,1984 2728,2075 2566,2042 2450,2125 2146,2021 1826,2067"/>
                <Baseline points="1844,2190 1892,2190 1981,2178 2071,2172 2161,2172 2250,2172 2340,2167 2429,2161 2519,2161 2608,2161 2698,2155 2787,2155 2877,2149 2966,2149 3056,2155"/>
                <TextEquiv>
                    <Unicode>(Sie verschwindet)</Unicode>
                </TextEquiv>
            </TextLine>
            <TextLine id="tr_2_tl_15" custom="readingOrder {index:14;}">
                <Coords points="1368,2387 1917,2358 2029,2441 2337,2333 2628,2433 3003,2321 3423,2370 3560,2325 3564,2154 3223,2258 2928,2171 2670,2267 2387,2167 1372,2250"/>
                <Baseline points="1396,2340 1420,2340 1510,2340 1599,2340 1689,2340 1778,2334 1868,2334 1958,2334 2047,2334 2137,2334 2226,2328 2316,2322 2405,2322 2495,2316 2584,2322 2674,2316 2763,2310 2853,2310 2943,2304 3032,2304 3122,2304 3211,2304 3301,2298 3390,2298 3480,2298 3569,2292"/>
                <TextEquiv>
                    <Unicode>X. Adolf (allein, ogedankenvoll.)</Unicode>
                </TextEquiv>
            </TextLine>
            <TextLine id="tr_2_tl_16" custom="readingOrder {index:15;}">
                <Coords points="362,2570 3094,2520 3098,2329 2632,2433 2271,2350 2025,2445 1335,2362 1210,2454 994,2441 732,2262 370,2337"/>
                <Baseline points="388,2543 417,2543 507,2537 596,2531 686,2519 776,2519 865,2513 955,2519 1044,2513 1134,2513 1223,2513 1313,2507 1402,2501 1492,2501 1581,2501 1671,2501 1761,2495 1850,2495 1940,2489 2029,2489 2119,2489 2208,2489 2298,2483 2387,2477 2477,2477 2566,2477 2656,2477 2746,2477 2835,2471 2925,2471 3014,2465 3104,2465"/>
                <TextEquiv>
                    <Unicode>Jetzt ist er drunten in dem düßeren Reich.</Unicode>
                </TextEquiv>
            </TextLine>
            <TextLine id="tr_2_tl_17" custom="readingOrder {index:16;}">
                <Coords points="408,2736 3527,2674 3572,2516 412,2587"/>
                <Baseline points="429,2680 447,2686 537,2680 626,2674 716,2674 805,2674 895,2674 985,2668 1074,2668 1164,2674 1253,2674 1343,2674 1432,2668 1522,2668 1611,2662 1701,2656 1790,2656 1880,2656 1970,2656 2059,2644 2149,2644 2238,2644 2328,2638 2417,2632 2507,2632 2596,2632 2686,2632 2775,2626 2865,2626 2955,2626 3044,2620 3134,2620 3223,2620 3313,2620 3402,2620 3492,2620 3581,2620"/>
                <TextEquiv>
                    <Unicode>Der Goldachin, sieht nicht mehr des Himmels</Unicode>
                </TextEquiv>
            </TextLine>
            <TextLine id="tr_2_tl_18" custom="readingOrder {index:17;}">
                <Coords points="395,2865 969,2944 1177,2840 2125,2815 2262,2907 2416,2811 3593,2803 3626,2649 399,2753"/>
                <Baseline points="417,2841 501,2841 591,2841 680,2841 770,2841 859,2841 949,2835 1038,2835 1128,2829 1217,2829 1307,2823 1396,2823 1486,2823 1576,2823 1665,2817 1755,2817 1844,2811 1934,2811 2023,2811 2113,2805 2202,2805 2292,2805 2381,2805 2471,2799 2561,2799 2650,2793 2740,2787 2829,2787 2919,2787 3008,2787 3098,2787 3187,2787 3277,2781 3366,2775 3456,2775 3546,2775 3635,2775"/>
                <TextEquiv>
                    <Unicode>Freundliche Mäue, nicht mehr Feld und Nur¬</Unicode>
                </TextEquiv>
            </TextLine>
            <TextLine id="tr_2_tl_19" custom="readingOrder {index:18;}">
                <Coords points="424,3032 2903,3044 3668,2965 3672,2799 428,2907"/>
                <Baseline points="447,3008 453,3008 543,3008 632,3008 722,3008 811,3008 901,3008 990,3002 1080,3002 1170,3002 1259,2996 1349,2990 1438,2990 1528,2990 1617,2984 1707,2984 1796,2984 1886,2978 1975,2978 2065,2972 2155,2972 2244,2972 2334,2972 2423,2972 2513,2966 2602,2960 2692,2960 2781,2955 2871,2955 2960,2960 3050,2955 3140,2949 3229,2949 3319,2943 3408,2937 3498,2943 3587,2949 3677,2949"/>
                <TextEquiv>
                    <Unicode>Und nicht den kühlen Wald, der Wiese Blumen¬</Unicode>
                </TextEquiv>
            </TextLine>
            <TextLine id="tr_2_tl_20" custom="readingOrder {index:19;}">
                <Coords points="449,3186 1501,3161 1605,3260 2121,3136 2400,3227 2637,3127 3560,3148 3402,2957 2953,3057 2628,2974 1647,3102 1389,2998 453,3073"/>
                <Baseline points="477,3163 525,3163 614,3163 704,3163 793,3163 883,3163 973,3163 1062,3163 1152,3157 1241,3152 1331,3146 1420,3146 1510,3146 1599,3146 1689,3140 1778,3140 1868,3140 1958,3134 2047,3134 2137,3134 2226,3134 2316,3128 2405,3128 2495,3128 2584,3122 2674,3116 2763,3110 2853,3110 2943,3110 3032,3116 3122,3110 3211,3110 3301,3110 3390,3104 3480,3110 3569,3116"/>
                <TextEquiv>
                    <Unicode>Und höret nicht mehr in den freien Lüften</Unicode>
                </TextEquiv>
            </TextLine>
            <TextLine id="tr_2_tl_21" custom="readingOrder {index:20;}">
                <Coords points="428,3389 1123,3448 1289,3335 1780,3319 1967,3439 2362,3315 2495,3418 2811,3298 3535,3290 3539,3148 3032,3240 2757,3127 2516,3227 2287,3144 1630,3240 433,3194"/>
                <Baseline points="453,3337 501,3337 591,3331 680,3331 770,3325 859,3325 949,3325 1038,3325 1128,3325 1217,3325 1307,3319 1396,3313 1486,3313 1576,3313 1665,3313 1755,3307 1844,3307 1934,3301 2023,3301 2113,3295 2202,3295 2292,3289 2381,3289 2471,3289 2561,3289 2650,3283 2740,3277 2829,3283 2919,3277 3008,3277 3098,3277 3187,3277 3277,3271 3366,3271 3456,3277 3546,3277"/>
                <TextEquiv>
                    <Unicode>der Leiche freien Sang und ihre Kinder,</Unicode>
                </TextEquiv>
            </TextLine>
            <TextLine id="tr_2_tl_22" custom="readingOrder {index:21;}">
                <Coords points="374,3577 2479,3456 3514,3568 3714,3514 3718,3302 2969,3290 2491,3418 2358,3315 1980,3435 1368,3323 1106,3460 611,3348 378,3456"/>
                <Baseline points="399,3534 411,3534 501,3510 591,3504 680,3498 770,3504 859,3498 949,3492 1038,3492 1128,3486 1217,3486 1307,3480 1396,3474 1486,3474 1576,3468 1665,3468 1755,3468 1844,3468 1934,3468 2023,3468 2113,3462 2202,3456 2292,3456 2381,3456 2471,3450 2561,3450 2650,3450 2740,3450 2829,3450 2919,3450 3008,3444 3098,3444 3187,3444 3277,3438 3366,3438 3456,3444 3546,3456 3635,3468 3725,3486"/>
                <TextEquiv>
                    <Unicode>Fört nie die Minch mehr künselz, wenns wieder</Unicode>
                </TextEquiv>
            </TextLine>
            <TextLine id="tr_2_tl_23" custom="readingOrder {index:22;}">
                <Coords points="125,3581 150,3581 166,3568 183,3585 254,3518 266,3527 287,3527 283,3369 241,3369 233,3377 220,3369 216,3377 200,3373 175,3381 158,3398 141,3385 121,3385"/>
                <Baseline points="149,3492 238,3498 292,3492"/>
                <TextEquiv>
                    <Unicode>4</Unicode>
                </TextEquiv>
            </TextLine>
            <TextLine id="tr_2_tl_24" custom="readingOrder {index:23;}">
                <Coords points="428,3701 3285,3631 3285,3539 2840,3460 433,3560"/>
                <Baseline points="453,3653 519,3647 608,3647 698,3641 788,3647 877,3641 967,3641 1056,3641 1146,3641 1235,3635 1325,3635 1414,3623 1504,3623 1593,3623 1683,3617 1773,3623 1862,3617 1952,3617 2041,3617 2131,3611 2220,3611 2310,3605 2399,3605 2489,3605 2578,3599 2668,3599 2758,3599 2847,3599 2937,3593 3026,3593 3116,3593 3205,3593 3295,3593"/>
                <TextEquiv>
                    <Unicode>Denn es umringt zu kahles Talbystein</Unicode>
                </TextEquiv>
            </TextLine>
            <TextLine id="tr_2_tl_25" custom="readingOrder {index:24;}">
                <Coords points="424,3863 1073,3830 1352,3930 1560,3809 1984,3888 2233,3784 2620,3876 2824,3776 3290,3801 3348,3622 3073,3714 2154,3618 1905,3718 1564,3626 1310,3714 428,3701"/>
                <Baseline points="447,3814 495,3814 585,3814 674,3808 764,3808 853,3808 943,3808 1032,3802 1122,3802 1211,3802 1301,3796 1390,3790 1480,3790 1570,3790 1659,3784 1749,3784 1838,3784 1928,3778 2017,3778 2107,3784 2196,3778 2286,3778 2375,3778 2465,3778 2555,3772 2644,3772 2734,3766 2823,3766 2913,3766 3002,3766 3092,3766 3181,3760 3271,3760 3360,3766"/>
                <TextEquiv>
                    <Unicode>Was ist des Goldes Blitzen gegen das</Unicode>
                </TextEquiv>
            </TextLine>
            <TextLine id="tr_2_tl_26" custom="readingOrder {index:25;}">
                <Coords points="457,4001 1239,4059 1481,3963 2641,3942 2861,4034 3348,3947 3352,3814 2437,3888 2192,3789 1980,3888 1560,3805 1318,3934 1073,3826 462,3880"/>
                <Baseline points="483,3981 489,3987 579,3981 668,3975 758,3975 847,3975 937,3975 1026,3969 1116,3969 1205,3963 1295,3963 1384,3963 1474,3957 1564,3951 1653,3951 1743,3951 1832,3951 1922,3951 2011,3945 2101,3940 2190,3940 2280,3940 2369,3940 2459,3940 2549,3940 2638,3934 2728,3934 2817,3934 2907,3934 2996,3928 3086,3928 3175,3928 3265,3928 3354,3922"/>
                <TextEquiv>
                    <Unicode>der same. Was des diamanten Schein</Unicode>
                </TextEquiv>
            </TextLine>
            <TextLine id="tr_2_tl_27" custom="readingOrder {index:26;}">
                <Coords points="416,4254 707,4134 1859,4246 2682,4101 3539,4155 3539,4001 3327,3942 420,4055"/>
                <Baseline points="441,4148 507,4142 596,4142 686,4137 776,4131 865,4131 955,4131 1044,4131 1134,4125 1223,4119 1313,4119 1402,4119 1492,4113 1581,4107 1671,4107 1761,4107 1850,4107 1940,4107 2029,4101 2119,4101 2208,4101 2298,4095 2387,4095 2477,4095 2566,4089 2656,4089 2746,4089 2835,4095 2925,4095 3014,4095 3104,4095 3193,4095 3283,4089 3372,4089 3462,4095 3551,4095"/>
                <TextEquiv>
                    <Unicode>Gegen des Mandes Leuchten und dero</Unicode>
                </TextEquiv>
            </TextLine>
        </TextRegion>
        <TextRegion id="tr_1" custom="readingOrder {index:1;}">
            <Coords points="3874,284 7271,284 7271,4045 3874,4045"/>
            <TextLine id="tr_1_tl_1" custom="readingOrder {index:0;}">
                <Coords points="5074,366 5115,378 5136,370 5178,395 5236,370 5269,391 5298,366 5327,370 5340,250 5302,254 5286,241 5248,254 5223,241 5211,254 5140,204 5111,225 5090,220"/>
                <Baseline points="5098,358 5163,346 5253,334 5342,334"/>
                <TextEquiv>
                    <Unicode>58</Unicode>
                </TextEquiv>
            </TextLine>
            <TextLine id="tr_1_tl_2" custom="readingOrder {index:1;}">
                <Coords points="3897,403 3938,416 3984,383 4005,395 4059,366 4076,387 4101,370 4184,366 4196,250 4146,254 4138,245 4109,270 4051,270 4022,241 4005,254 3992,245 3967,258 3913,258"/>
                <Baseline points="3922,382 3928,382 4017,370 4107,358 4196,352"/>
                <TextEquiv>
                    <Unicode>26/1</Unicode>
                </TextEquiv>
            </TextLine>
            <TextLine id="tr_1_tl_3" custom="readingOrder {index:2;}">
                <Coords points="3859,628 4932,507 6521,553 6941,462 6941,358 6733,266 6055,395 3868,424"/>
                <Baseline points="3886,537 3904,531 3993,525 4083,525 4172,525 4262,519 4351,519 4441,513 4531,513 4620,513 4710,507 4799,501 4889,501 4978,501 5068,495 5157,501 5247,495 5336,495 5426,489 5516,483 5605,483 5695,477 5784,477 5874,477 5963,477 6053,471 6142,471 6232,465 6321,465 6411,465 6501,459 6590,459 6680,453 6769,447 6859,447 6948,447"/>
                <TextEquiv>
                    <Unicode>Die Eltern aber dürfen gar nichts wissen.</Unicode>
                </TextEquiv>
            </TextLine>
            <TextLine id="tr_1_tl_4" custom="readingOrder {index:3;}">
                <Coords points="3859,728 6958,695 6962,478 3863,578"/>
                <Baseline points="3886,692 3922,692 4011,686 4101,680 4190,680 4280,680 4369,680 4459,680 4548,674 4638,668 4728,668 4817,668 4907,668 4996,662 5086,662 5175,668 5265,662 5354,662 5444,656 5533,650 5623,644 5713,644 5802,638 5892,638 5981,632 6071,626 6160,632 6250,626 6339,626 6429,620 6518,614 6608,614 6698,614 6787,608 6877,608 6966,614"/>
                <TextEquiv>
                    <Unicode>Denn besser ist gestorben als - verzauber't.</Unicode>
                </TextEquiv>
            </TextLine>
            <TextLine id="tr_1_tl_5" custom="readingOrder {index:4;}">
                <Coords points="5810,740 5856,732 5893,761 5947,732 5972,753 6022,728 6093,728 6109,744 6142,724 6172,757 6221,749 6226,665 6184,670 6122,632 6072,653 6034,640 5968,665 5897,670 5868,645 5810,661"/>
                <Baseline points="5832,734 5868,728 5957,722 6047,716 6136,710 6226,722"/>
                <TextEquiv>
                    <Unicode>grötere</Unicode>
                </TextEquiv>
            </TextLine>
            <TextLine id="tr_1_tl_6" custom="readingOrder {index:5;}">
                <Coords points="3855,940 6459,803 7166,882 7174,615 6088,761 5240,665 4841,786 3859,732"/>
                <Baseline points="3880,853 3957,853 4047,853 4137,853 4226,853 4316,847 4405,847 4495,841 4584,841 4674,835 4763,829 4853,829 4942,829 5032,823 5122,823 5211,823 5301,817 5390,817 5480,817 5569,811 5659,811 5748,805 5838,805 5927,799 6017,799 6107,799 6196,799 6286,788 6375,788 6465,782 6554,782 6644,782 6733,782 6823,782 6912,782 7002,782 7092,782 7181,788"/>
                <TextEquiv>
                    <Unicode>Nun muß ich fort zu meinem Meister Schmied</Unicode>
                </TextEquiv>
            </TextLine>
            <TextLine id="tr_1_tl_7" custom="readingOrder {index:6;}">
                <Coords points="3876,1027 4629,1006 4816,1102 4991,1011 5115,1110 6039,961 6908,1019 7087,853 5660,819 4537,969 4275,861 3876,961"/>
                <Baseline points="3898,1014 3963,1008 4053,1008 4142,1002 4232,1002 4322,1008 4411,1008 4501,1002 4590,1008 4680,996 4769,996 4859,996 4948,990 5038,985 5127,985 5217,985 5307,985 5396,979 5486,973 5575,973 5665,973 5754,967 5844,967 5933,961 6023,961 6112,961 6202,955 6292,949 6381,949 6471,949 6560,943 6650,943 6739,943 6829,937 6918,937 7008,931 7097,937"/>
                <TextEquiv>
                    <Unicode>Die Dorte ein ehrlich Handwerk zu erlernen.</Unicode>
                </TextEquiv>
            </TextLine>
            <TextLine id="tr_1_tl_8" custom="readingOrder {index:7;}">
                <Coords points="3959,1115 4013,1123 4042,1098 4084,1119 4134,1090 4234,1110 4275,1090 4308,1119 4363,1081 4379,1098 4421,1073 4466,1081 4466,1019 4442,1011 4321,1011 4300,1031 4263,1011 4142,1015 4113,1044 4080,1006 4038,1031 3963,1023"/>
                <Baseline points="3981,1092 4029,1086 4119,1080 4208,1074 4298,1074 4387,1068 4477,1068"/>
                <TextEquiv>
                    <Unicode>wälter,</Unicode>
                </TextEquiv>
            </TextLine>
            <TextLine id="tr_1_tl_9" custom="readingOrder {index:8;}">
                <Coords points="3888,1198 4466,1268 5539,1144 5710,1277 6550,1102 6854,1206 7136,1127 7141,952 5365,1115 4595,1002 3893,1139"/>
                <Baseline points="3910,1176 3922,1170 4011,1176 4101,1176 4190,1170 4280,1164 4369,1170 4459,1164 4548,1158 4638,1158 4728,1158 4817,1152 4907,1146 4996,1152 5086,1146 5175,1146 5265,1140 5354,1140 5444,1134 5533,1134 5623,1128 5713,1128 5802,1122 5892,1116 5981,1116 6071,1110 6160,1110 6250,1110 6339,1110 6429,1104 6518,1104 6608,1098 6698,1098 6787,1098 6877,1092 6966,1092 7056,1092 7145,1104"/>
                <TextEquiv>
                    <Unicode>Berthold, der vor mir jetzt nichts mehr sieht</Unicode>
                </TextEquiv>
            </TextLine>
            <TextLine id="tr_1_tl_10" custom="readingOrder {index:9;}">
                <Coords points="4001,1256 4030,1256 4046,1273 4080,1260 4125,1302 4184,1264 4238,1273 4242,1181 4221,1177 4192,1206 4167,1185 4130,1206 4101,1177 4088,1185 4067,1177 4034,1189 4005,1185"/>
                <Baseline points="4023,1253 4071,1247 4160,1247 4250,1241"/>
                <TextEquiv>
                    <Unicode>Rechts</Unicode>
                </TextEquiv>
            </TextLine>
            <TextLine id="tr_1_tl_11" custom="readingOrder {index:10;}">
                <Coords points="3859,1439 4246,1331 4546,1322 4716,1460 4936,1318 7145,1293 7149,1127 6708,1206 6226,1110 5702,1248 5539,1144 5036,1164 4795,1281 4649,1177 3863,1298"/>
                <Baseline points="3886,1325 3928,1325 4017,1325 4107,1331 4196,1331 4286,1325 4375,1319 4465,1319 4554,1313 4644,1313 4733,1307 4823,1319 4913,1313 5002,1313 5092,1307 5181,1307 5271,1301 5360,1301 5450,1295 5539,1295 5629,1289 5718,1283 5808,1283 5898,1277 5987,1277 6077,1271 6166,1271 6256,1271 6345,1271 6435,1271 6524,1265 6614,1265 6703,1259 6793,1259 6883,1259 6972,1265 7062,1271 7151,1283"/>
                <TextEquiv>
                    <Unicode>keit von dem Himmel, dann, Mandierverein</Unicode>
                </TextEquiv>
            </TextLine>
            <TextLine id="tr_1_tl_12" custom="readingOrder {index:11;}">
                <Coords points="4358,1431 4379,1431 4396,1451 4421,1447 4437,1456 4466,1431 4504,1426 4512,1439 4525,1439 4554,1418 4579,1422 4591,1310 4554,1314 4533,1335 4516,1331 4500,1343 4466,1331 4446,1347 4367,1364"/>
                <Baseline points="4387,1426 4411,1426 4501,1414 4590,1408"/>
                <TextEquiv>
                    <Unicode>beb.</Unicode>
                </TextEquiv>
            </TextLine>
            <TextLine id="tr_1_tl_13" custom="readingOrder {index:12;}">
                <Coords points="3863,1518 4704,1476 5286,1572 5577,1460 5851,1568 6084,1435 6633,1426 6637,1310 3863,1439"/>
                <Baseline points="3886,1486 3957,1492 4047,1492 4137,1486 4226,1480 4316,1480 4405,1480 4495,1474 4584,1474 4674,1474 4763,1468 4853,1468 4942,1462 5032,1462 5122,1462 5211,1456 5301,1456 5390,1456 5480,1450 5569,1444 5659,1444 5748,1444 5838,1438 5927,1432 6017,1432 6107,1432 6196,1432 6286,1432 6375,1426 6465,1408 6554,1408 6644,1414"/>
                <TextEquiv>
                    <Unicode>b wohl, in deiner schauerlichen Gericht</Unicode>
                </TextEquiv>
            </TextLine>
            <TextLine id="tr_1_tl_14" custom="readingOrder {index:13;}">
                <Coords points="6404,1526 6454,1514 6517,1543 6554,1514 6579,1539 6596,1526 6658,1535 6687,1518 6721,1522 6716,1406 6691,1406 6658,1431 6592,1418 6567,1426 6538,1410 6496,1447 6459,1418 6421,1447 6400,1447"/>
                <Baseline points="6429,1480 6518,1486 6608,1486 6698,1498 6733,1498"/>
                <TextEquiv>
                    <Unicode>Gottes</Unicode>
                </TextEquiv>
            </TextLine>
            <TextLine id="tr_1_tl_15" custom="readingOrder {index:14;}">
                <Coords points="3847,1767 4038,1697 4396,1784 4712,1655 5460,1726 5677,1622 6009,1734 6147,1643 6571,1655 6579,1489 3855,1543"/>
                <Baseline points="3874,1647 3898,1647 3987,1659 4077,1653 4166,1653 4256,1647 4345,1647 4435,1647 4525,1647 4614,1641 4704,1641 4793,1635 4883,1635 4972,1641 5062,1635 5151,1629 5241,1623 5330,1623 5420,1617 5510,1611 5599,1611 5689,1605 5778,1605 5868,1605 5957,1605 6047,1605 6136,1599 6226,1593 6315,1593 6405,1587 6495,1581 6584,1587"/>
                <TextEquiv>
                    <Unicode>Ich bin noch hier, und alhne frische Licht</Unicode>
                </TextEquiv>
            </TextLine>
            <TextLine id="tr_1_tl_16" custom="readingOrder {index:15;}">
                <Coords points="5402,1855 5456,1851 5544,1788 5577,1788 5602,1809 5652,1788 5673,1805 5739,1809 5752,1622 5710,1614 5660,1634 5589,1630 5456,1730 5411,1734"/>
                <Baseline points="5432,1767 5486,1767 5575,1761 5665,1755 5754,1749"/>
                <TextEquiv>
                    <Unicode>(Ab)</Unicode>
                </TextEquiv>
            </TextLine>
            <TextLine id="tr_1_tl_17" custom="readingOrder {index:16;}">
                <Coords points="4945,1975 5573,2013 6371,1934 6525,1996 6904,1905 7170,1996 7178,1743 7074,1776 6958,1684 6155,1846 5768,1772 4953,1817"/>
                <Baseline points="4972,1958 5032,1952 5122,1946 5211,1940 5301,1934 5390,1928 5480,1922 5569,1910 5659,1910 5748,1904 5838,1898 5927,1898 6017,1892 6107,1886 6196,1886 6286,1880 6375,1880 6465,1874 6554,1868 6644,1868 6733,1862 6823,1856 6912,1856 7002,1850 7092,1862 7181,1868"/>
                <TextEquiv>
                    <Unicode>XI.  Sepp (allein, kommt Rauchend gelerufen.)</Unicode>
                </TextEquiv>
            </TextLine>
            <TextLine id="tr_1_tl_18" custom="readingOrder {index:17;}">
                <Coords points="3888,2208 5789,2100 6047,2188 6184,2088 6812,2079 6816,1946 6700,1930 5797,1934 5323,2050 3901,1822"/>
                <Baseline points="3910,2143 3957,2143 4047,2137 4137,2137 4226,2131 4316,2131 4405,2131 4495,2125 4584,2125 4674,2119 4763,2119 4853,2119 4942,2119 5032,2119 5122,2113 5211,2113 5301,2107 5390,2101 5480,2095 5569,2095 5659,2089 5748,2083 5838,2083 5927,2077 6017,2077 6107,2083 6196,2071 6286,2071 6375,2065 6465,2065 6554,2059 6644,2059 6733,2053 6823,2059"/>
                <TextEquiv>
                    <Unicode>Da hab inschwaturlich nur mit Plagen</Unicode>
                </TextEquiv>
            </TextLine>
            <TextLine id="tr_1_tl_19" custom="readingOrder {index:18;}">
                <Coords points="3905,2316 6450,2283 6454,2100 6051,2188 5814,2100 4529,2142 4412,2225 4150,2146 3905,2258"/>
                <Baseline points="3928,2292 3951,2286 4041,2286 4131,2286 4220,2286 4310,2286 4399,2286 4489,2280 4578,2274 4668,2280 4757,2274 4847,2274 4936,2268 5026,2268 5116,2262 5205,2262 5295,2256 5384,2256 5474,2250 5563,2250 5653,2250 5742,2244 5832,2244 5921,2238 6011,2232 6101,2232 6190,2226 6280,2226 6369,2226 6459,2226"/>
                <TextEquiv>
                    <Unicode>Er hat glücklicherweise nichts bemerkt.</Unicode>
                </TextEquiv>
            </TextLine>
            <TextLine id="tr_1_tl_20" custom="readingOrder {index:19;}">
                <Coords points="3897,2529 4092,2450 4292,2570 4496,2450 4911,2574 5178,2441 5652,2529 6434,2395 6808,2495 7224,2391 7232,2158 6741,2138 6325,2304 4708,2275 3901,2395"/>
                <Baseline points="3922,2453 4011,2447 4101,2447 4190,2447 4280,2441 4369,2441 4459,2441 4548,2441 4638,2435 4728,2429 4817,2429 4907,2429 4996,2429 5086,2429 5175,2417 5265,2417 5354,2417 5444,2417 5533,2411 5623,2411 5713,2411 5802,2411 5892,2405 5981,2399 6071,2399 6160,2399 6250,2393 6339,2387 6429,2387 6518,2381 6608,2375 6698,2375 6787,2375 6877,2375 6966,2375 7056,2369 7145,2369 7235,2369"/>
                <TextEquiv>
                    <Unicode>Man hat nicht Zeit, ein Gläschen Schwags zu leiden</Unicode>
                </TextEquiv>
            </TextLine>
            <TextLine id="tr_1_tl_21" custom="readingOrder {index:20;}">
                <Coords points="3918,2616 4496,2732 4691,2599 7045,2533 7186,2620 7190,2479 6642,2395 5660,2529 5169,2445 4866,2562 4496,2450 4259,2570 4076,2445 3922,2504"/>
                <Baseline points="3940,2614 3975,2608 4065,2608 4154,2602 4244,2608 4334,2602 4423,2596 4513,2596 4602,2590 4692,2590 4781,2590 4871,2590 4960,2584 5050,2578 5139,2578 5229,2578 5319,2572 5408,2572 5498,2572 5587,2566 5677,2566 5766,2561 5856,2561 5945,2555 6035,2549 6124,2549 6214,2543 6304,2543 6393,2537 6483,2537 6572,2537 6662,2531 6751,2537 6841,2531 6930,2531 7020,2525 7109,2525 7199,2537"/>
                <TextEquiv>
                    <Unicode>das junge Volk ist immer auf den keiner</Unicode>
                </TextEquiv>
            </TextLine>
            <TextLine id="tr_1_tl_22" custom="readingOrder {index:21;}">
                <Coords points="3901,2795 4304,2774 4600,2899 4999,2757 6068,2741 6251,2840 7120,2707 7124,2595 4708,2595 4496,2736 3905,2620"/>
                <Baseline points="3922,2763 3999,2769 4089,2769 4178,2769 4268,2769 4357,2763 4447,2763 4536,2763 4626,2752 4716,2746 4805,2752 4895,2752 4984,2752 5074,2746 5163,2746 5253,2740 5342,2740 5432,2734 5521,2734 5611,2728 5701,2728 5790,2722 5880,2722 5969,2716 6059,2716 6148,2710 6238,2710 6327,2710 6417,2704 6506,2698 6596,2698 6686,2692 6775,2692 6865,2692 6954,2692 7044,2692 7133,2698"/>
                <TextEquiv>
                    <Unicode>Es nüggt höchst selten von zum Glädchen Wein</Unicode>
                </TextEquiv>
            </TextLine>
            <TextLine id="tr_1_tl_23" custom="readingOrder {index:22;}">
                <Coords points="3922,2944 5481,2924 5627,3028 6230,2890 7103,2894 7103,2791 6666,2707 6471,2832 5348,2741 4637,2890 3926,2774"/>
                <Baseline points="3945,2931 3981,2937 4071,2937 4160,2931 4250,2931 4339,2925 4429,2925 4519,2925 4608,2919 4698,2919 4787,2913 4877,2913 4966,2907 5056,2907 5145,2907 5235,2907 5324,2907 5414,2901 5504,2901 5593,2895 5683,2895 5772,2889 5862,2883 5951,2883 6041,2883 6130,2883 6220,2877 6309,2871 6399,2865 6489,2865 6578,2859 6668,2859 6757,2859 6847,2859 6936,2859 7026,2859 7115,2871"/>
                <TextEquiv>
                    <Unicode>Wir aber treiben, das nicht grad im Kleinen</Unicode>
                </TextEquiv>
            </TextLine>
            <TextLine id="tr_1_tl_24" custom="readingOrder {index:23;}">
                <Coords points="3918,3152 5951,3048 6192,3165 6483,3036 7082,3044 7087,2903 6234,2890 5627,3028 5136,2915 3922,2986"/>
                <Baseline points="3945,3098 3957,3098 4047,3092 4137,3092 4226,3086 4316,3086 4405,3080 4495,3080 4584,3080 4674,3074 4763,3068 4853,3068 4942,3068 5032,3068 5122,3062 5211,3062 5301,3062 5390,3056 5480,3056 5569,3056 5659,3056 5748,3050 5838,3044 5927,3044 6017,3044 6107,3038 6196,3032 6286,3032 6375,3026 6465,3026 6554,3020 6644,3020 6733,3026 6823,3020 6912,3020 7002,3014 7092,3014"/>
                <TextEquiv>
                    <Unicode>Wir thäus in grand. - es gielt ja Leben ein</Unicode>
                </TextEquiv>
            </TextLine>
            <TextLine id="tr_1_tl_25" custom="readingOrder {index:24;}">
                <Coords points="3930,3290 4284,3352 4442,3281 4566,3373 4803,3252 4932,3310 6197,3219 6197,3156 5922,3048 5539,3123 5373,3061 3934,3140"/>
                <Baseline points="3957,3265 3969,3265 4059,3259 4148,3259 4238,3259 4328,3253 4417,3247 4507,3247 4596,3247 4686,3241 4775,3241 4865,3241 4954,3235 5044,3235 5133,3235 5223,3229 5313,3229 5402,3223 5492,3217 5581,3217 5671,3217 5760,3211 5850,3211 5939,3211 6029,3205 6118,3205 6208,3199"/>
                <TextEquiv>
                    <Unicode>Doch sieh! ich sehe Adobh nur allein</Unicode>
                </TextEquiv>
            </TextLine>
            <TextLine id="tr_1_tl_26" custom="readingOrder {index:25;}">
                <Coords points="3942,3493 6221,3364 6671,3468 6820,3356 7145,3477 7257,3448 7265,3198 4824,3248 4570,3373 3951,3302"/>
                <Baseline points="3969,3420 4047,3426 4137,3420 4226,3420 4316,3420 4405,3414 4495,3414 4584,3414 4674,3408 4763,3408 4853,3408 4942,3408 5032,3408 5122,3402 5211,3396 5301,3390 5390,3384 5480,3384 5569,3378 5659,3378 5748,3378 5838,3372 5927,3366 6017,3366 6107,3360 6196,3360 6286,3360 6375,3354 6465,3354 6554,3354 6644,3349 6733,3349 6823,3349 6912,3343 7002,3349 7092,3349 7181,3354 7271,3354"/>
                <TextEquiv>
                    <Unicode>Wo ist deren Berthold? Gott! Ich muß schnell nach</Unicode>
                </TextEquiv>
            </TextLine>
            <TextLine id="tr_1_tl_27" custom="readingOrder {index:26;}">
                <Coords points="5332,3589 5577,3552 5689,3626 5810,3539 5939,3610 6034,3535 6155,3518 6205,3552 6342,3514 6384,3556 6434,3543 6438,3389 6176,3369 6022,3414 5880,3373 5710,3406 5548,3381 5336,3456"/>
                <Baseline points="5354,3557 5366,3557 5456,3546 5545,3540 5635,3528 5724,3522 5814,3522 5904,3516 5993,3516 6083,3510 6172,3504 6262,3510 6351,3510 6441,3516"/>
                <TextEquiv>
                    <Unicode>(Läuft fort.)</Unicode>
                </TextEquiv>
            </TextLine>
            <TextLine id="tr_1_tl_28" custom="readingOrder {index:27;}">
                <Coords points="5872,3726 6180,3905 6234,3859 6575,3872 6679,3768 6858,3747 7220,3905 7186,3531 6958,3502 6858,3601 6683,3510 6388,3560 6072,3522 5939,3606 5856,3577"/>
                <Baseline points="5892,3695 5981,3695 6071,3689 6160,3689 6250,3689 6339,3689 6429,3695 6518,3701 6608,3713 6698,3725 6787,3731 6877,3743 6966,3760 7056,3784 7145,3808 7217,3814"/>
                <TextEquiv>
                    <Unicode>O sich kann kwenne.</Unicode>
                </TextEquiv>
            </TextLine>
            <TextLine id="tr_1_tl_29" custom="readingOrder {index:28;}">
                <Coords points="4753,4071 4887,4055 5053,4125 5128,4063 5465,4113 5693,4051 5914,4167 6213,4125 6217,3905 6014,3776 5893,3818 5760,3764 5643,3801 5327,3760 5211,3839 5169,3809 4753,3930"/>
                <Baseline points="4775,4023 4793,4029 4883,4035 4972,4029 5062,4029 5151,4023 5241,4023 5330,4029 5420,4023 5510,4023 5599,4023 5689,4017 5778,4017 5868,4011 5957,4011 6047,4011 6136,4005 6226,4011"/>
                <TextEquiv>
                    <Unicode>Verwandlung</Unicode>
                </TextEquiv>
            </TextLine>
        </TextRegion>
    </Page>
</PcGts>
