7352 4852
4980 174 5313 382 63
3186 332 3601 490 J Rev.
1757 370 1994 532 62
3817 336 5454 644 Sie hat die Welt bezwungen
1612 444 3659 748 XVX Joldachia (aufgeregt) Adolf
3809 548 5437 814 ad Cammer Sieg errungen
636 577 1230 814 am Thon
299 598 3398 1014 Sold. Ein welchem Tage wollt ihr auf die Oberwell.
5018 652 6405 926 (Indem sie abgehen)
270 798 3601 1134 Berth. die Welt erwähnt in den ersten Frühlingstagen,
3809 789 6397 1155 Wohl manche wissen nicht das Geschick
3851 968 6571 1263 das ihnen die Zukunft wird bringen;
353 1026 2280 1338 Da ist sie auch am schönsten.
3838 1068 7153 1387 Denn nicht kann der Menschen Kursichtiger Blick
1902 1159 2268 1275 plätzt
357 1126 3319 1483 Da singt die Lerche. die Nachtigall
3892 1242 6638 1558 des kommenden dunkel durchdringen.
349 1267 3672 1620 Und jedes Menschenherz schlägt in Entzücken
3851 1441 6978 1736 Sie wissen nichts von der nächten Stund,
382 1433 3065 1736 durchalte Wälder tönt der suße Schall.
390 1620 3726 1919 Da kann die Welt den Menschen verstorben
3867 1637 6476 1869 Das unser Geisterthät es uns kund
3988 1711 7178 2056 Wer dem Teufel der Habsucht sein Ohrglichen
370 1799 3045 2064 Da werden wieder als Bäume grün
3975 1890 7049 2268 Der muß hier ewig welken verblühen.
357 1977 3045 2322 Da scheint den Wind die Bkiman lau zu küssen;
390 2118 3315 2459 Um diese Zeit mäht ich hinauf nun ziehen.
424 2243 3539 2613 Am ersten Mai will ich die Welt begriffen. (Ab)
390 2438 2845 2804 Gold (zurücksiecken) Schön verloren
4739 2438 6480 2974 Vorhangfällt.
910 2633 3398 3086 Die Zwey kommen und singen
436 2920 2438 3261 Wir begrüßen unsere Gebieterin,
428 3107 2044 3439 Die Zwingerin der Erde
403 3286 2388 3564 Wir grüßen unsre Königin
494 3468 2372 3763 Mit Fr fröhlicher Gerde
548 3572 2442 3888 Die Erde ist ihr Königreich
6571 3655 6995 3925 any
548 3713 2903 4075 Das Herz der Menschen, ihr Bereich.
4494 3705 6052 4158 Langner
474 3917 2102 4249 Gold. Nein nicht mehr
432 4195 939 4432 Zwege
