7416 4728
2054 241 2300 416 48.—
395 345 3701 640 Hob. Wenns dich grad g'freut, - ich habe nichts dagegen.
1547 528 2657 765 (Sie umarmen sich.)
2029 678 2383 803 auch
383 724 3373 965 Berth. Ah - Hüberte, - hab durch schon mal gesehen.
466 844 3456 1127 Kibub. Oja, vor einem Jahr hab ich die Ehre
516 1006 3477 1306 Gehabt, auch Wertester, keinen zu lernen.
528 1164 3427 1443 Adolf. Ich laß so wohlfeile Kaufes sich nicht fort¬
545 1327 2770 1614 Erzächte, Huberle, erzähl, er zähle.
445 1493 3302 1767 Pag. Haß du dein Examen gut bestanden.
561 1659 2499 1896 Hüberl. Ich war der Beste!
1543 1801 2961 2100 Gratulire herzlichst
420 1838 873 2079 Adolf
449 1984 3635 2262 Hiberl. Hör zu mal, was mir jetzt erst ist begegnet.
437 2146 2782 2420 Ein Herr und eine Dame bitten mich,
408 2304 3098 2562 Ich solle sie ins nächste Dorf geleiten.
449 2458 3402 2687 Sie fragen mich, wies auf der Erde steht
482 2657 3477 2849 Und hört! Sie glauben mir, daß Aristides¬
549 2778 3531 3061 Gott sei mir gnändig- Bankerott geworden,
420 2998 3514 3215 Und denkt auch Bonaparte, er it ihr Vetter.
424 3098 3456 3348 Und zur Belohnung geben sie mir. - Hart¬
408 3269 2329 3477 - 8 Diamanten jeder 009
108 3369 291 3577 à
2362 3348 3418 3689 ich verliee sie:
387 3398 2212 3651 Millianen wert und
374 3581 3539 3863 Ich fand sie wieder, aber einer Fehlt mir
383 3739 3685 4042 Adolf (ihm d. Dirmanten geb.) den habe ich gefunden Hüller.
437 3938 1626 4150 Heil. Du? Freund. -
1738 3909 3710 4192 Er ist's, die hast Durchnicht geführt
437 4063 3510 4350 Der diamant! Wie dank ich dir, ohbreund!
5244 183 5589 437 49
3897 291 6712 628 doch jetzt muß ich zu deinem Vaterl gehen.
3888 474 7161 815 Leb wohl, wird werden uns bald wiedersehen
6321 611 6829 857 Arb.
4824 811 6230 1106 VIII. Adolf Beshold.
3863 994 6833 1235 Berk. Ein Kerl das, dieses geinige Student
3897 1098 7236 1414 Adolf. Was spricht du, Berthold! bist du tott geworden?
6043 1273 6325 1472 12
3947 1277 5968 1572 der Huberle ist geizig!? -
5398 1410 6691 1639 Nun natürlich!
3934 1514 4379 1755 Berth.
3930 1609 7078 1913 Ums keinen einzigen der Diamanten
3942 1822 4770 2092 zu schenken.
4508 1917 6392 2246 Du gehörst ins Irrenhaus.
3934 2038 4288 2242 Ad.
3976 2075 6454 2420 Der Huberle - der ist der beste Mensch:
3972 2258 5976 2524 Demeinst, o 99 Millionen.
3930 2329 7278 2670 Die wirft man- mir nichts - dir nichs leichthin dar¬
4013 2558 7328 2799 Und wir — was sollten wir damit anfangen?
3938 2728 7257 3015 Berk. Ich wußte es schon zu verwenden. Wolf
4030 2894 7249 3186 Nd. Du strebst nach Gold was könnte es dir
3972 3098 4537 3377 nützen?
3963 3111 6787 3439 Freund! sei zufrieden damit, was du hast!
3972 3360 6912 3705 Zur Ehrlichkeit bedarf es keines Goldes.
3972 3518 6995 3839 Wie manche sind doch für Reichtum glücklich.
3988 3676 6953 3942 Oft sind die Reichsten unaussprechlich elende
3988 3863 6770 4117 Trotz all der gellen Vögel, die sie haben!
4001 3972 6966 4375 denn ehrlich währt am längsten Ehrlichkeit
