7352 4808
5305 201 5598 360 4
1858 310 2134 494 -60-
301 284 3372 770 Ihr seid es — ein Geburtstagsgeschenk von Gott!
351 594 3724 937 Er tritt ins Zimmer, während des folgenden Gespräches schleicht
6769 460 6978 770 "
427 661 845 787 Alle, treten
4769 502 6443 904 Verwandlung.
418 745 3740 1113 sich Hüberke in den Garten, i/31 und trinkt und leicht
3933 669 6920 1054 Saal der Toldachio wie im Ortte
385 929 3749 1263 verstohlen) der drechsvermeister kommt ins Zimmer
4870 912 6928 1188 XVII. Goldachia (allein)
536 1113 3180 1414 Jnd Katharine mit einem Brief.
3799 1038 6719 1431 das ist das Unglück! Derweise die Verheisung
3807 1255 6451 1598 Ech hab' das Unglück selbst zu mir gerifen!
310 1247 2627 1632 Telder Herr Frechslermeister - ihr?
2058 1381 3372 1699 Wo ist mein Sohn?
3807 1280 7171 1690 In diesem Sterblehen kommt das Geschick zu ver¬
343 1498 812 1715 Sematter
3799 1590 6267 1916 darf sich jeder Sterbliche erwählen.
326 1498 2301 1916 Schätte. Wo ist der meine?
1791 1690 3138 1991 Keiner ist bei mir
3799 1740 6820 2075 An welchem Tag er schaut die Überwelt.
393 1849 946 2067 Drechslerin.
3790 1908 7104 2176 Und wenn sich Adolf nun den xxx kei erwählt
443 1916 2786 2192 Ich komme eben, auch davon zu sagen
443 2092 7171 2527 Felders hat den Brief erbrechen) dem Abend geht es wohrann nicht mein Reich sich seinem Untergang
435 2017 3372 2360 Amt. u. Säw. Ach, unsere Söhne sind verloren. Gott!
3732 2209 6083 2552 Dann sieget Gerachia über mich
2142 2343 3447 2661 so schreibter, und.
3841 2276 6769 2728 dann hebt sie stiegestrunken stolz ihr Haubt
3866 2510 6820 2870 Und triumphirend wird sie mich verderben,
452 2519 3230 2853 Der Bruno, Schnitter ist bei Schmiedegut.
2535 2661 3790 2912 Das war im Ueber¬
3874 2703 6736 2996 stößt mich in der Erde tiefen Schoss
435 2686 2535 3021 Schritdes. Bei Schmischegut.
3891 2853 6510 3205 er Habsuchtstaufel seinen Raub verlieret.
510 2837 3514 3213 Notärlich, weiß nicht mal, wo ich jetzt wohne! (ständniß.
3891 3029 6301 3347 ist der Königin Goldachie Loos:
552 3046 2393 3364 das ist einmal ein Glück!
3899 3079 7020 3556 seine Ehrasier piegend volumphiret (26.)
502 3205 2276 3523 Fäls. Ist das ein Unglück!
4928 3314 6978 3581 XIII Michl. & fred. Aussf.
502 3380 2652 3690 Felder. Wer sitzt denn dort?
5364 3498 5665 3598 nicht,
3924 3481 7137 3824 Erd. Der Anfang ist übel, meint ihr nicht
1858 3464 3255 3774 Ich bis, der Häberle
527 3590 1054 3824 Hüberl.
527 3640 3841 3991 Felder. Was, - zu berte! laß dich umarmen, Freund!
3941 3615 7238 3941 Wie prächt voll, wie entzücken schön wie fänger
3941 3883 7230 4175 tichel. Nach immer seiß ihr in dem Wihn besangen
502 3807 3715 4167 Hüberl. Ich habe auch etwas weicht ges zu verzählen.
3958 3966 7230 4334 Ihr seht ich bin schon lange da, was schon
477 3983 3640 4426 Fetzt kommt hinein, ich muß zu vörderst riehen.
5288 4125 6920 4477 Alkab Alkab Aelt xxx bhitt zurück
3958 4276 4259 4510 Alf
