7352 4712
5153 179 5341 367 9
1688 295 1876 444 8
3679 248 6926 602 Dein ungewäschens Paul, mit dem Gekündigkeit
1171 359 2670 662 VI. vorige. Aerndter.
3670 466 7097 773 betwandt. Segg, ist es wahr, daß du wahrsagen kannst
150 547 3427 859 Schnitte. Ja mir gehts ebenso wie Euch. Oh Sohn!
3721 649 7127 936 sep. Na das versteht sich ganz von selbst. Binschon
150 649 3542 1004 Ferndler, Trößen wir uns, sind Beide großerungen
6759 833 6981 1038 Sr
3679 786 6648 1000 Berühmt im ganzen Dorf dadurch. Par
192 833 3380 1201 Seppen als fehlen also zwei verlorne Söhne
3747 987 6806 1162 Sohn (Wie ist der Aberglaube doch verderblich
209 1038 1837 1359 Aus dieselbe xxx he?
3939 1098 6742 1448 Tt. Willst du für guten Sohn wahrsachen
3683 1154 3884 1376 Ao
1320 1192 2423 1483 Sei ruhig Eule!
6721 1252 7045 1521 Sir!
197 1235 833 1427 Aerndter.
197 1316 3375 1615 Schnitter. Post hominum memoriam ward das nicht
3717 1324 3901 1555 4
3982 1423 7152 1718 ritt. Weißt du vielleicht auch was von meinem
6733 1572 7037 1705 Sohn?
3687 1474 3867 1730 to
3986 1615 6661 1893 c. (f.) Betrug und Aberglaube, steht mir bei!
209 1598 812 1846 Gesehn.
291 1675 2602 1914 Hernete. Post hominum memoriam!
3986 1739 6755 2029 als sind meine treusten Helfershelfer!
252 1829 3333 2119 Was leißt das Nachbar Ihr seid so gelehrt.
5875 1923 6118 2038 wird
2551 1965 2957 2094 eint
3961 1906 6968 2205 So wendet auch sogleich nach. Isten hin¬
620 1995 2482 2200 nach dem Grafen allein Man ihre
201 1991 3576 2324 Schönwar ja kein Bauer früher, wie ihr v. s.
3991 2064 7067 2384 4. (a Sohn) Wo ist denn Osten, wenn ihr das doch
244 2123 3341 2487 Natürlich hab' ich ihm noch nicht geschrieben;
6375 2213 7015 2350 wißten.
4038 2230 6721 2517 seid ja ein so hochgelahrter Mann.
226 2294 3209 2640 Er soll es zuerst, wie sich von selbst versteht;
4008 2393 6836 2670 g. dort bei dem Weidelberge, seht ihr ihn?
239 2461 3499 2798 Ich bin auch meinem Grundsatz treu geblieben
3721 2367 3909 2649 2
4008 2564 5396 2867 Was seht ihr jetzt?
269 2606 3546 2952 Und doch - man sieht es ja, wie mirs ergeht.
4824 2704 7007 2991 Den Himmel und die Erde
3845 2777 4179 3012 Femdt.
256 2769 3499 3093 Ich kann mich aber doch nicht daraus helfen
3867 2884 5396 3174 pepp. Und außerdem:
286 2867 3563 3226 Ich hab' den Schlingel gerne, wie mich selbst.
5136 3016 7127 3311 die Sonne! weiter nichts
590 3153 1081 3315 ger. d. Zusch.
3850 3085 4234 3328 erndt.
286 3080 3486 3431 Tepp. Er hat ihn selbst so gerne wisse seinen Sohn
3875 3157 7122 3482 Epp. - Ich könnt' sast schwören, eurem Sohn gehts
329 3273 3367 3619 Wie seinen eigenen der linderlichen Sohn!
6302 3354 6759 3606 gut.
316 3478 2833 3760 Schm. Was krächzt die alte Eile da?
3875 3469 7144 3820 ternd. Ich bin der Glücklichste auf Gottes Erde¬
2730 3486 3401 3785 Die Hüle
316 3649 658 3931 Sepp
3867 3704 5413 3995 chen. (f. R) Schgratulire.
372 3773 3674 4097 Die krächzt gewöhnlich, was sie will. Mirschünt¬
5012 3828 6853 4106 Das bin ich gewohnt.
3879 3879 4337 4149 epp. C
367 3931 2363 4251 Es so, wenn ich nicht irre¬
4482 3999 6477 4319 (Sist schon ganz licht geworden.)
2367 3961 3576 4319 Halt einmal
312 4114 615 4392 Schm.
