7336 4760
1747 240 1922 441 -4-
291 415 3365 668 1. Das sind in immer deine höreverrückten
218 557 3386 865 Sei mir nicht böse- Träume! Nachtgespenster
223 741 3160 1032 Sind es, und dumme Hirngespinnste.
2243 890 3065 1100 Lachmar,
180 929 608 1182 Berth.
253 1040 3455 1370 Ich mach mir nichts daraus. Ich nehme das alles
270 1216 3416 1481 Als gültigen und zollen Ernst. Nach dich
265 1361 3232 1687 Nur lustig drüber. Meinetwegen lache
287 1558 1909 1850 So ist es dir gesällt.
1498 1691 3172 1974 Ich muß wohl lachen
240 1738 548 1969 Adl
300 1854 2783 2158 doch dich bedauret ich im Innersten
274 2042 3532 2342 des Herzens, Berthold. Ach, die willst reich werden
274 2171 3442 2457 O. sage nur, wozu nützt der denn das?
283 2333 3536 2637 Ein hrsich Handwerk wird den Meister rähren¬
291 2487 3416 2783 Es hat gethan, und thut noch immer so.
270 2667 3566 2937 Bath. Mit diesen Formeln willst du nachbeschwer¬
317 2860 3391 3078 Du hast's gethan, und thust’s noch inneer so.
291 2984 3506 3211 Jetzt ist des Lachens Zeit an mich gekommen,
133 3155 3566 3429 so du dachst, Freund Adolf, mirs nicht übel nehmen;
270 3292 3297 3592 Wenn ich mich litig mache über dich
304 3489 3601 3695 Ad. Ja, Berthold; wenn des Nachts ich in den Bln
317 3618 3532 3887 Nicht schlafen kann, denk' ich darüber nach
325 3789 3151 4059 Wie doch der Reichtum so vergänglich sei
313 3857 3583 4238 Berth. Du hast wohl Nachtgespinnste und dabei
385 4127 1845 4427 WohlHrugespenster?
4945 184 5116 300 5.
4872 270 6495 604 Seine wir dochernst.
3716 364 3977 608 Ad.
4521 437 5279 629 Es wird lichter¬
4256 501 5429 788 (die Samm geht auf.)
3712 625 7030 878 Berth. Jeder nach seiner Weise; 6 bleibt dabei,
3768 788 6448 1079 Es denke jeder wie es ihm gefällt.
4534 989 4868 1147 rindly
3793 985 6499 1216 Schmörste aus Auswandern denken
3729 1087 7167 1366 Auch in der weiten Welt möcht' ich mein Ge¬
3733 1250 6786 1610 Versuchen; es heißt so, das Sprichtwort Ubi
3729 1417 6627 1760 Bene, ibi patria, und daran halt' ich.
3733 1563 7038 1858 Nd. Ein andermal woll'n wir darüber sprechen.
3763 1725 7026 2046 Jetzt lasse uns nach Hause gehen, Berthold
3789 1922 6923 2213 Die Eltern werden schon in Sorgen sein.
3780 2059 7192 2359 Berk. Nun meinetwegen, kann nach Hause, Adolf
4465 2222 6794 2496 (Beide ab.) Es wird immer lichter.)
4517 2432 6007 2642 III. Aerndler (allim)
3750 2526 6978 2830 Kein Brief und keine Antwort! Zehen Briefe
3836 2693 7068 3078 Kind ihm schon zugeschickt; es ist gewiß!
3866 2838 7107 3168 Lehn wohlgezählte Briefe und die Antwort,
4851 3070 5266 3207 evor
3853 3074 6811 3348 Die bleibt er aber ungelmäßig schuldig.
3849 3190 7244 3566 Ich weiß mich gar nicht aus vor Angst und Sorgen
3866 3335 7068 3699 Zyn Wochen schon, - das ist in lange Zeil
3849 3571 7154 3866 Ist schon der Flegel weg, der Vagabund.
3845 3678 6619 3952 Alfred, o Alfred komme doch zurück!
3823 3849 7192 4174 Ach, wie betrübst du deinen alten Vater,
3853 3994 6936 4393 Ich sagt ihm noch: „In jeder Wah“ ein Brief:
