7240 4696
1477 141 1716 295 2 —
916 227 1823 548 (Es wird lichter.)
321 419 3317 758 wahr ists -; jetzt ist schon die Zeit gekommen,
180 569 3330 929 daß ich im Wanderns mein Glück versuche.-
223 740 3180 1087 Vielleicht ist diese die ein Traumgebild2-
214 903 3278 1250 Ich bin jetzt arnd. durch einen einzigen Schlag
163 1036 3308 1395 Kami ich reich werden —, wenn die gütige Fer¬
407 1220 963 1348 grünen
163 1198 424 1417 sich
407 1284 3471 1579 einenen Bauernburschen sich annehmt
719 1395 2482 1631 II. Berthold, Adolph
163 1541 3193 1798 V. Maß ist dir Berthold;-finster blickt dem Auge¬
133 1716 3201 1999 Nisßmutig stehst die auf. den Tag verlebt du
120 1870 3142 2131 Nißmütig; eben so legst Du doch nieder¬
98 2012 3180 2311 So sag' mir doch, was ist dir, lieber Berthold?
98 2191 3390 2457 Ich bin dein Freund, du weißt's. Du kannst dein Herz¬
111 2367 3415 2632 Vor mir ausschütten; mir dem treuen Stunde
73 2542 3231 2850 Rannst du doch offenbaren, was dein Herz
60 2628 3171 2940 Bedruckt. Verheimliche mir nichts. Ich we¬
39 2799 3142 3129 dir deinen Kummer tragen helfen, Freund,
13 2983 3201 3364 Batt. Geliebter Adolf, du hast wahr gesprochen.
73 3163 3253 3454 Ich will dir sagen, was mich traurig macht.
68 3338 3060 3655 zu weißt, ich habe wenig Hoffnungen
39 3458 2932 3775 Aufreine reiche, sorgenfrere zukunft.
13 3617 3373 4002 Ad. Auf eine reiche Zukunft! Willst du dem
56 3796 967 4002 Reichwerden?
616 3976 3347 4357 Höchstens werd' ich nicht einstenschig
3813 193 6775 565 andwerker. Wisse, das genügt mir nig
3801 432 4913 715 Ad. Was höre ich!
4434 574 6339 869 Ja Freund, ich habe nicht
3724 612 4045 852 Berth.
3779 745 6544 1031 Die vielem Büchern da umsacht gelesen
3698 920 5581 1203 Ad. Wie meinst dir ds?
4965 1040 7002 1323 Ich hab ersehen, daß
3728 1096 4066 1352 Berth.
3732 1203 6865 1511 Die etwas mit der rechten Kraft anfassen
6022 1352 6467 1489 führen
3724 1387 6698 1695 das Angefange rasch zu Ende bringen.
3728 1528 6912 1849 Und mein Wunsch ist es reich zu werden.
6262 1686 6685 1887 Aber,
3719 1733 3959 1947 Ad.
3732 1849 7036 2093 die da in großen Reichtum schwelgen, fallen
3749 2033 7152 2294 Nur leichter in des Teichels hällische Schlingen.
3732 2196 7165 2452 davon weiß mancher Mensch ein Lieb zu singen
3715 2320 6998 2632 Berth. A daß! laß mich einmal in Ruhe mit
3745 2495 6848 2808 dem allernei Geschwätz; du sprichst ja wie
3728 2654 7165 2970 gedruckt. Du hast dir andre Weisheit aus
3801 2816 6660 3112 den Büchern da geholt als ich. Fürwahr¬
3822 2966 7160 3274 Du bist der Meinung, daß man ohne Gold¬
3805 3146 7165 3360 lit. (mit) Recht glücklich sein kann. Ich beharr' darvon
3801 3313 7152 3587 Berth Hör weiter, Wolf! Was, der willst mich doch nicht.
3779 3505 5025 3779 Verraten, was?
3754 3540 7165 3852 Ad. (der empf.) Mit Nichten! ich – dein Freund
3758 3801 7165 4096 Berth. So höre! (geheimnisse) Schon seit einiger Zeit, des Nachts
3792 3950 6711 4267 Erschien nur eine reichgeschmuckte Frau.
