7432 4904
5156 245 5337 383 23
3662 301 6908 702 Dann wird euch dieses Gold als Kähler Felder
1963 409 2234 581 22 —
349 439 912 788 Höll!
3710 633 4523 934 Erscheinen.
3749 628 7118 1085 Olfred. Nimmermehr. Das Gold bleibt Gold.
349 693 1747 981 Adelh. Washör ich!
3813 805 7131 1145 das glaubet nicht, ihr habt mich sehr getäuscht
1390 835 2888 1128 Aber jetzo bin ich
374 878 878 1050 Uuchel.
3740 1020 7140 1369 Als Dienerschaft zehn Zwege und Ihr daran
340 994 3374 1304 Schon vierzig Jahre in der Unterwelt.
306 1153 3469 1455 So lang ertrag ich schon die Höllenguab.
3744 1257 5005 1558 Ein köstlich Leben?
336 1356 3602 1601 Alfred. Die Höllengaal —? Das nennt ihr Hölkenxx
3740 1338 6103 1700 Michel. Ihr seid sehr betrogen
3723 1450 7062 1885 Wie schrecklich wird euch reiß, die Neue sein!
374 1511 3495 1790 Wo alles Freiht und glänzet von demanten,
3796 1657 7200 1967 Sie kommt zu spät. So ist's auch mir ergange
387 1657 3353 1945 Edelgestein, daß es die Augen blendet
3727 1790 7192 2173 Alfred. Wir werden seh'n, - ich glaub' es aber kaum
362 1808 3551 2122 Michel. Es hat nur nicht den sämlich, sondern auch
6378 1919 7157 2212 mit wiecen
353 1963 3564 2216 dein geistig Aug geblendet, armer Thal
5281 2006 5664 2225 (Ab.)
4751 2113 6327 2414 XVI. Michel (allain)
366 2122 3581 2376 Auch strebte, auch in deinem Alter mir
3783 2281 6460 2681 So Jahre hin! Du wirst es früh bereuen!
103 2173 297 2466 me'
405 2337 3508 2595 Nach Gold und Reichtum und auch mich
3800 2376 7101 2806 Auch mir gefiel es in der ersten Zeit.
2698 2436 3477 2643 verlockte
3843 2552 7187 2987 Der Teichel war’s der Habsucht, welcher mich
374 2496 3624 2896 Die Königin; wie dich 2. Ich ließ umhaft
3843 2724 7291 3159 durchfuhr, er war es auch, der mir verbekend
417 2828 3585 3051 Verlaken durch die schönen Redensarten
5737 2931 5913 3056 No
3878 2866 7248 3236 In das ihr spüsterte das Glück des Reichtums.
435 2922 3641 3224 Und sagt mich bis von jener schönen Weg
3891 3021 6877 3486 Oh trügerische Hoffnung. - Wo ist Glück?
370 3099 3688 3361 Alfred. Und euch gefällt es nicht da drunter?
3921 3236 6417 3624 Hohe Fuftschlößer habe ich gebaut.
2638 3236 3241 3443 Nein.
473 3279 990 3465 Michel.
3895 3396 7097 3787 Habsucht, wie bethöret du die Menschen
413 3409 3564 3710 Und noch dazu, man muß, oh höllenquäl
3895 3598 7019 3947 Alfred, wie hast das dich getäuscht. Der Keim
116 3443 293 3753 4
1963 3581 3490 3805 in der monotonen
400 3598 1864 3792 Hier ewig leben
1773 3740 1975 3843 von
1958 3757 2135 3856 wch
3895 3675 7303 4046 Der Habsuch reist in deinem jungen Herzen.
439 3731 3503 4007 Einhörnigkeit, — von kahlen Felsgestein.
3908 3891 6370 4274 Ich lebe hier verlassen und allein!
2427 3895 3615 4119 das mit wir fühlte.
792 3908 2445 4145 liebend Menschenfertz
370 3934 1747 4200 u. hiermit, von zahlen
2427 4028 3370 4183 am oder
1945 4054 2324 4192 Halsgeh
3916 3998 7071 4433 Hier ist kein Vogel der mir Lieder singet
405 4067 3490 4368 Auch ihr, ir schweig in Lust und Fröhlichkeit
482 4209 3486 4540 doch bald u. Alfred, werdet ihr bewenden.
