7368 4760
5165 189 5698 373 Freynd
1593 205 1845 415 58.
3815 235 6507 629 Elder. Ich dank' dir sehr Rübber. Dat. Perese
1266 369 2079 625 Felder Wunt
3836 432 6553 734 Deck lieber in dem Garten, schnell! Therese
340 419 3635 792 Die Mann a. Hoch lebe Felder, hoch das Haupt des Festtags
3828 633 6255 948 Es ist so schöne Wetter, kommt heraus.
331 717 3639 948 Klder. Das ist ja Ich dann auch aus tiefer geehrte. Herzen:
4540 767 6666 1044 (Alle ab, der Tisch wird fortgetragen.)
335 864 3585 1153 Kuller. (histulnd) Geahrter Freund und theurer Herr Colleges,
4968 901 6905 1161 AV. Rubler. Körner. Die Mänche
348 1077 3715 1329 Wir kannen, Dir -- - mich Glück zu glück -- - Zuwuschen
3828 1119 6783 1396 Kubler. Wer eid ihr, ehrwürdige Mänche. agt!
3832 1237 7098 1576 1. Forscht nicht nach unserm Unglück, sonschet nicht!
348 1237 1082 1493 (Dhilz)stecken)
377 1400 1941 1610 krödter: Der steckt erschon.
3840 1404 6226 1698 Wir sind unglücklich, das geringe auf¬
6775 1425 6976 1610 my
386 1493 3731 1778 Kubler (nimmt das Tuchtuch) - und wünschen auch viel Güter
3870 1543 7203 1849 Korna. Erzählt uns, welcher Unglückschlag traf ich
419 1706 3165 1987 Herr Felder - ich hab' einen in Versen
3874 1757 7182 1991 2. Was wir gehabt, das haben wir nicht mehr.
1040 1861 1237 1983 zorn
5291 1908 5517 2021 bar
3870 1853 7161 2134 das wir sind selber Schuld an uns ein Unglück.
1086 1857 1736 2046 Saw ihn!
4679 1916 4956 2054 aldt
432 1882 985 2105 Schnitter
956 1962 1891 2142 (keiner Prünter)
407 2012 2767 2297 Kubler, die dem lang erschnten Tage
3895 2092 6775 2352 Ich habe den Sohn leichtsinnig verlassen.
1451 2155 1920 2318 zurück
784 2193 3471 2423 Ich zu Dir zu treten trage — - wage
3891 2205 7215 2549 Ich wollte nämlich Reichthum nur, nur Reichtsum
746 2323 3614 2587 Da mein Herz von Würsten Wünschen voll
3958 2356 7199 2671 Und dieser hier, das war mein treuer Freund¬
356 2486 3048 2754 (näusgert) der des Menschen Schicksal lautet
3937 2528 6716 2847 Er ging mit mir auf alle Abenteuer,
792 2645 3019 2939 Und ihm Glück und Frieden schenket
3937 2717 7064 3019 Und jetzt seht ihr uns aend und verlassen
6113 2822 6553 2964 armend
637 2830 3216 3069 Erich - Dich — auch noch lang erhalten soll
3920 2863 6482 3111 Körner den 2. Kübler den 1. umfaßend.
3174 2847 3526 3056 Herrn
394 2939 3530 3216 wünschert u. acht s. d. Steier, In dem traulchen Kreis der
3907 2993 6817 3346 Oh Vater endlich! ach du biß gefunden.
931 3132 1413 3270 scheinen!
348 3149 2910 3379 schritt! Das räumt sich nicht - es muß!
4239 3199 7203 3476 (die hinter Thüre öffnet sich uns mansicht den Garten, an
453 3316 3220 3551 In dem traulichen Kreis der Euern
4008 3325 6985 3622 dem Felder mit seinen Gästen schrift.
482 3484 2599 3710 Mög des Glückel Sonne scheuern
4888 3505 5308 3761 XVI
457 3610 2486 3916 Euch noch manches lange Jahr
3933 3580 7169 3920 Felda. Sein Subler, Körner, kommt doch zu dem Essen
491 3786 2444 4046 Euch begleite nur ein Stecken
3937 3840 7308 4117 halb. Wollt ihr die Kinder von den Vätern Stremens
545 3949 2650 4230 Vor des Lebens schlechten Wecken
3941 3995 7199 4322 Felder. Was ist! — Der alte Kiebter — der alter Karner
511 4096 3593 4373 Euch der Liebe Gott bewann war. - bewähr
