3544 4344
2926 398 3021 538 2
535 607 2574 865 Willy. Habe die Ehre, adieu lteber Doktor.
542 790 1755 985 Arpad: Arroganter Mensch.
542 914 2166 1106 Mauer. Warum sagen Sie ihm Willy.
551 1041 3174 1263 Arpad. Ein mensch, der zwanzig Jahre Jünger ist. Uebr
587 1197 3103 1462 gens war es sozusagen eine grossartige Leiche, fihden
607 1445 1122 1592 Ste nicht?
571 1501 3083 1713 Mauer. Warum sind Sie eigentlich da, bei dem Wetter,
587 1683 3050 1882 mit Ihrem Rheumatismus. Sind Sie dennso musthaltsch.
581 1827 3044 2033 Arpad. Sie vielleicht. Das heisst, Sie haben wahr
607 1912 3233 2209 scheinlich bei der Gelegenheit eine Recontsancevistte
623 2101 3008 2352 bei einigen Ihrer Pattenten gemacht. Wieviel haben
613 2326 1879 2496 Sie denn heraussen l tegen?
620 2388 3184 2669 Mauer. / begrüsst/ guten Tag, gnädige Frau. Guten Tag.
620 2669 1312 2845 Fräulein Erna.
626 2796 1713 2998 Arpad. Kilss dte Hand.
643 2871 3139 3116 Frau Wiegler. Was, das haben wir alle nicht gedacht
666 3021 3148 3249 vor acht Tagen., in der Wohltätigkeitsakademie. Das
672 3181 3171 3432 heisstes war keine Akademie, es nah eher ein Konzert.
662 3338 3197 3608 Arpad. Vor drei können Sie ruhig sagen. Da sind wir
692 3468 3285 3713 zusammen im Impertal gesessen, ich der Doktor Breitner,
701 3667 2988 3889 der Stanzides, der Baron Wergenthin und der arme
