3448 4168
2558 430 2689 567 10
732 553 2894 738 Radpartie heuer im Sommer, nach Heiligenkreuz,
729 712 2917 946 mit den Enderleins und der jungen Russin - wie
752 877 2980 1068 er auf dem Klimperkasten in dem schäbigen Wirts-
746 1000 2931 1202 haus die Walzer gespielt hat, eh' die Forellen
755 1185 2903 1384 gekommen sind... Und unsere schönen Morgenspa-
755 1362 2929 1513 ziergänge im Wald, auf'n Anninger hinauf, nach
766 1476 2931 1698 Giesshübl,- und die gescheiten Sachen, die wir
761 1629 2934 1860 miteinander geredet haben. Wie belesen er war;
772 1758 3065 1997 den halben Schopenhauer hat er auswendig gekannt,
855 1929 2889 2137 das kommt selten vor bei Klavierspielern...
781 2097 2911 2302 Diesen Winter hätt' er nach Spanien gehen sol-
786 2219 2946 2484 len. Wir haben ja ganz ernsthaft davon gespro-
792 2441 2909 2612 chen, dass ich in Barcelona mit ihm zusammen-
812 2558 3020 2760 treffen soll... Und noch die letzten Abende bei
809 2738 2948 2926 uns - immer heiter, immer liebenswürdig. Kein
809 2866 3037 3105 Mensch hätte ahnen können, wie's eigentlich mit
820 3034 3034 3236 ihm steht. Ich kann eigentlich nicht einmal sa-
818 3179 3068 3407 gen, dass Adele irgendwie auffallend mit ihm ko-
820 3333 3065 3541 kettiert hätte,- das kann übrigens obligate Ehe-
815 3484 3071 3701 mannseslei sein. Aber es muss doch Auseinander-
