3528 4344
2689 469 2780 602 4
488 631 2148 853 nen Sie, weil Sie etwas näher sind.
488 758 2864 1045 Frau Fillingerö. So interessant das Gespräch tst.
505 924 2838 1195 wir wollen doch nicht länger im Regen hier stehn.
501 1107 2217 1309 Wollen Sie mit uns fahren Dr. Mauer.
495 1269 2672 1465 Mauer. Ich danke sehr, ich warte auf Welsberg.
511 1367 3030 1611 Erna. Herr Welberg hält eine Stille Andacht am Grabe
534 1556 2982 1758 seines Freundes in Gesellschaft von Rose der Natter.
521 1745 1276 1930 Frau F. Kind.
531 1852 3128 2041 Herr Winkel / Pianist/ guten Abend, ja das ist ein unge
540 2073 1325 2204 heuerer Verlust.
527 2148 2978 2399 Arpad. Kennen sich die Herrschaften? Herr Winkler!
540 2295 3138 2500 Frau F. Sie brauchen Herrn Winkler nicht vorzustellen,
557 2484 3148 2728 Es ist vielleicht hier nicht der Ort davon zu sprechen,
563 2611 3174 2877 aber ich benütze die Gelegenheit Ihnen meine Bewunderny
573 2855 1247 3034 auszusprechen.
563 2900 3183 3190 Erna. Wir haben Sie heuer das Es. dur Konzert von Beet
589 3122 2532 3307 hoven sptelen gehört im Philharmontschen.
586 3216 2760 3431 Winkler. O ich habe keinen guten Tag gehabt.
576 3356 3154 3672 Arpad. Seien Sie nicht bescheiden Winkler, seit vorges
609 3548 2724 3828 tern sind Sie der erste Pianist Oesterreichs.
