3384 4232
2643 482 2739 566 2
722 649 2158 790 Er vor dem Friedhof auf und ab
719 793 2881 938 Zu kann nicht zurück zu keiner Frau.
725 952 2056 1091 Regen. Was will ich denn da?
739 1116 1733 1241 Ist's nicht anerhört?
810 1255 2951 1391 Ein Freund ist begraben worden, er hat sich um
731 1428 2209 1561 Pacht,- und ich alter Esel lebe.
748 1612 1892 1705 Ans nachlücklicher Liebe.
748 1702 3025 1855 Warum? Ich nehme' es ihr übel, bei Gott, ich nenn
1014 1915 1153 2011 el.
589 1929 691 2028 as
768 2073 1518 2167 Da verhodert er.
776 2204 2246 2314 Was wir' es nun weiter gewesen?
782 2340 2807 2476 Und wenn sehen... Darum mass Einer sterben?
782 2478 3031 2629 Hütte es ihr was geschadet?.. Was hatte ihr ge¬
572 2714 972 2799 Geradet?
799 2787 2490 2937 Ich hette's nicht zu wissen brauchen.
810 2934 2949 3093 Han ist er tot, ein ianger Namen voll Talent.
1498 3090 3119 3212 Frau hundertmal betropen mit allen
1238 3068 1394 3238 de cette
824 3161 1167 3257 Icunier
813 3306 1439 3407 cken Weicern.
838 3407 2303 3563 Es reinet. Soll der nach Hause?
884 3597 2062 3716 ir recht vormeiner Frau.
