3528 4344
2483 434 2585 595 3
463 660 1038 890 Eichenbaum.
483 841 1176 1068 Nicht mögl toh¬
480 913 3078 1255 Arpad. Wenn ich Ihnen sag, und ich beschwör es hiemit
522 1064 3134 1376 feierlich. Kein Mensch hat etne Ahnung gehabt, ich glau
526 1275 2234 1508 be der arme Eichenbaum selber nicht.
519 1390 3163 1702 Erna. Und hat er nichts hinterlassen, ich meine keine
529 1567 2812 1866 Brief wie es üblich ist. obzwar tohres recht ge
549 1830 1373 2056 schmacklos fønde.
549 1945 1491 2178 Mauer geschmacklso?
562 2010 3183 2342 Erna. Ich würde keinen schreiben., eh ich mich umbräch
578 2148 2973 2493 Ja wenn man die Gesichter sehn könnte. Aber Briefe
595 2303 3039 2661 schreiben, auf die man keine Antwort mehr bekommt...
585 2474 2996 2822 Mauer. Sie werden sich niemals umbringen Fräulein
608 2779 3012 3058 Erna. Ich glaub auch nicht, es sei denn, dass ich
608 2809 871 2911 Erna.
644 3075 1459 3209 sehr krank würde.
641 3108 2316 3344 Frau Fillinger, Gespräche sind das.
631 3190 3134 3600 Arpad. Ja die jungen Mädchen von ha te.. was wissen
657 3453 1899 3673 Sie vom Tod Fräulein Erna.
650 3538 3246 3889 Erna. So viel wie Sie mindestens Herr Hesky. Oder met
