3544 4280
2513 491 2604 622 2
906 602 3150 787 jetzt ist die Sache erledigt - scheinbar. Ob al¬
889 784 3161 914 le den Grund gewusst haben? Ob Alle finden, dass
903 951 2965 1096 ich stolz zu sein habe? - Wahnainn! Wahnsinn!
895 1105 3110 1292 Nette Gegend, in der ich da herumstiefle, immer
897 1233 3022 1392 um die Mauer. Aber wohin sollt' ich auch? Mir
906 1417 3079 1573 ist hier am wohlsten. Ich will keinen Menschen
900 1573 3025 1704 sehen, ich will nicht Wagenrasseln hören, und
914 1744 3064 1883 insbesondere will ich Adele jetzt nicht sehen.
914 1869 3047 1999 Ich weiss wahrhaftig nicht, was ich ihr sagen
912 2025 3042 2175 soll. Von dem, was ich ihr sagen könnte, wird
912 2175 2951 2337 sie ja doch nichts verstehen. Karum hat sie
906 2329 3127 2459 mir den Brief gezeigt - warum? Ich hätte darauf
917 2499 3150 2618 verzichtet. Es ist eine Privatsache. Es war ein
912 2655 3192 2792 Brief an dich, Adele, und nicht an mich. Ihr hat
923 2778 2954 2948 er mitgeteilt, warum er sich umbringen will
920 2920 3067 3096 nicht mir. Es war nicht notwendig, mir diesen
923 3121 3204 3252 Brief zu zeigen, Zum Teufel, ich möchte schwören
929 3286 2979 3439 meine teure Gemahlin, dass du schon manch n
920 3434 3064 3561 Brief bekommen hast, den du mir nicht gezeigt
932 3581 3110 3780 hast - bei aller deiner Tugend, die sich jetzt
