3512 4264
938 608 3024 784 hat -, hat die Empfindung, dass sie edel ist,
961 804 3149 933 daß ich sie nicht verdiene, dass ich ihr mein
956 907 3246 1093 Lebtag dankbar sein muss... Es ist ja alles nicht
961 1078 3141 1261 wahr! das ist doch alles reiner Zufall, Adele!
967 1284 3081 1398 Mir imponiert deine Tugend gar nicht so sehr,
970 1409 3123 1575 als du glaubst. Es ist/ja zum grossen Teil Be-
990 1557 3163 1723 quemlichkeit. Du wirst fett, mein Kind. Und im
978 1712 3121 1874 Uebrigen schwör' ich durchaus nicht, ob nicht
996 1863 3243 2008 vor zehn Jahren dieser Herr von.... Na, ich will
984 2022 3118 2171 mich an den Namen nicht erinnern. Mein latber
996 2194 3183 2339 verstorbener Ludwig, es kann sein, dass du aus-
996 2322 3218 2530 schliesslich Pech gehabt hast - oder die nötige
1015 2502 3229 2656 Geschicklichkeit vermissen liessest. Allerdings
1013 2661 3255 2795 ist es auch möglich, dass die Sache schlimm aus-
1015 2813 3081 2989 gegangen wäre, wenn du Glück gehabt hättest.
1015 2952 3280 3118 Denn dann wäre ich vielleicht draufgekommen, wir
1015 3135 3243 3272 hätten uns geschossen, und du lägst am Ende ge-
1024 3286 3297 3434 radeso unter der Erde.- Nein, ist das Leben eine
1038 3417 3329 3563 verrückte Geschichte! Armer Bursch! armer Bunsch!
1035 3568 3292 3777 so eine Dummheit!... Ja, hast du denn keine Ahn-
