3480 4232
2477 121 2973 313 28/6 oa
2505 269 2825 438 Lus I
448 444 1282 565 Tor des Friedhofs
1936 417 2336 644 (Skigje.)
427 672 878 813 Regentag.
444 827 2329 999 Viele Wagen vor dem Tor, nicht sichtbar.
441 992 1247 1106 Friedhofswächter.
431 1133 3038 1326 Eine grössere Anzahl von Leuten, alle sehr elegant ge
441 1268 3049 1447 kleidet, Herren und Damen unter Regenschirmen entfernen
434 1461 689 1554 sich.
424 1588 2711 1722 Einige steigen in Wagen ein, die eben vorfahren.
420 1733 3187 1857 Dr Mauer tritt aus der Rethe, bleibt stehn, steht sich um
431 1915 2312 2074 Willy von Diehmann kommt an ihm vorbei.
469 2064 2067 2243 Dtehlmann: Guten Tag Herr Doktor
420 2198 3045 2360 Mauer. Grüss Gott Willy Sie waren auch da, ich hab Sie
427 2384 1285 2477 gar nicht bemerkt.
417 2498 2894 2697 Willy. Natürlich, ich hab ihn auch gut gekannt. Es
424 2701 2939 2832 waren ja so ptele Menschen. Kommen Sie mit. Ich kann
417 2828 2405 2994 Sie in die Stadt hineinführen Herr Doktor,
2863 2873 2949 2949 .0
407 2990 3025 3163 Mauer. Danke. Wir sehn uns heut noch. Baden Arena, Pa
420 3156 2887 3345 tienen. Wissen Sie vielleicht, ist Welsperg noch da?
417 3297 2883 3490 Willy: Er steht noch am Grab, ich glaube er spricht
410 3476 810 3572 mit wem.
410 3603 2312 3758 Arpad. Grüss Gott Doktor, servus Willy.
