3528 4328
314 450 417 602 8.
2369 434 2463 602 4
466 650 2971 922 gewusst. Sie unterscheiden sich von mir dadurch,
469 838 2288 1113 dass Sie sich nicht revanchiert haben.
485 1010 2107 1243 Genta. Und Sie finden sich darein.
485 1126 3023 1395 Natter. Ich nehme an, dass ich vor einigen Jahren ge
511 1243 3110 1534 storben bin, dass meine Frau Witwe war, und dabei hatte
537 1366 2990 1683 Ich noch das bæne, dass ich die Zett meines Todes so
534 1492 2987 1835 angenehm verbracht habe wie mögl ich. Es erübrigt mir
544 1660 3023 1987 noch Ihnen mitzuteilen, dass ich wieder auferstanden
647 1825 3039 2146 bin, dass meine Gattin sich wahnsinnig in mich ver
570 1955 2997 2288 liebt hat, dass wir eine Art Brautzeit verleben und
586 2162 2657 2469 dass wir bald wieder Hochzeit feiern werden.
