3544 4312
439 638 2286 809 len, wirklich spielen und dann sterben.
426 790 1972 975 Dr. Mauer. Hat er das je gesagt?
436 968 3063 1176 Winkler. Nein, aber gedacht, Joh hab Ihn gehennt. Ein
433 1156 2957 1312 brennender Ehrgeiz. Wer weiss ob nicht dieses Gefühl
439 1252 1662 1450 seiner Unzulänglichkeit...
426 1444 3020 1632 Erna. Da glaub ich noch eher ein amertkantsches Duell.
429 1602 2415 1744 Friedrich Welsberg und Frau Natter kommen.
426 1774 3069 1936 Friedr Guten Tag, Ja Winkler, wtr leben, wir.und der.
420 1906 2997 2108 Winkler. Ach Gott wir haben auch eine gewisse Berech
433 2075 770 2256 tigung.
420 2197 3033 2359 Friedr. Ja sicher,. Ich habe jetzt auch weniger an sei
413 2382 2607 2554 ne Künstlerschaft gedacht, als an seine Jugend.
406 2508 3066 2636 Erna. Sagen Sie Herr Welsberg, Sie waren ja sein guter
410 2633 2177 2838 Freund, haben Sie keine Ahnung warum?
406 2808 1503 2980 Friedr. Absolut ke tne.
403 2963 2894 3188 Arpad. Winkler meint, weil er nicht gut hat Qlavier
420 3145 1143 3284 spielen können.
406 3234 2897 3419 Friedr. Uebrigens, bester Freunde nein! ich hab ihn
413 3469 2993 3651 sehr gern gehabt. Es gibt wenige Menschen, die ich so
