3512 4232
766 549 2985 772 lich in irgend einer andern Stadt, wo mich Nie-
769 726 2936 938 mand kennt, ginge in irgend ein Theater in Pa-
766 883 2919 1123 ris. Es giebt Tage, wo Einem alle Bekanten so
789 1052 2873 1272 unerhört zuwider sind... Adele wird mich wol
786 1218 2919 1415 schon zuhause erwarten. Wir werden schweigend
789 1338 2979 1521 nebeneinander sitzen, sie wird es für chik hal-
809 1492 3025 1695 ten, ernst und gefasst dreinzuschauen. Wenn ich
818 1661 3067 1867 ein etwas lautes Wort sprechen sollte, wird mich
820 1838 3025 2015 ein strafender Blick vernichten, und dabei geht
820 1961 2987 2141 ihr das ganze nicht so tief. Dabei versteht
820 2135 2996 2338 sie's ja gar nicht. Schon die Art, wie sie mir
820 2253 3090 2481 den Brief gezeigt hat.... In dem Moment, als die
815 2436 2965 2636 Nachricht kam: man hat ihn tot gefunden - zum
820 2593 3116 2816 Fenster ist sie gegangen und hat die Srirn an die
835 2727 2927 2942 Scheiben gepresst, dann ist sie in den Salon
838 2916 3067 3116 gegangen und hat das Klavier zugemacht, auf dem
846 3059 3127 3245 er noh am Abend vorher gespielt hatte. Und nachts
855 3208 3065 3382 ist sie mit offenen Augen dagelegen und hat zur
843 3385 3107 3571 Decke gestarrt. Und alles an ihr sprach: So eine
895 3542 3030 3725 Frau hast du. Ein genialer und schöner junger
852 3685 3079 3899 Mensch hat mich geliebt, ich hab' ihn nicht er-
