3320 4120
2639 482 2783 623 15
552 555 1011 790 Fünftens.
549 758 1566 973 Etsenbahn! Wartesaal?
552 960 3005 1079 Frieberg sagt zu Geter: gleichgültig sind alle diese
555 1095 3130 1229 Dinge. Solltest Dus glauben? Ich kann meine Frau nicht
565 1220 3098 1377 mehr sehn. Ich fliehe sie, weil sie nicht die Geliebte
562 1361 1833 1560 dieses Klavierspielers war.
552 1522 2443 1698 Du wirst an ihr die treueste Frau haben.
546 1653 1605 1855 Nein, ich danke schön.
555 1817 1053 2013 Hugo hier?
542 1942 2164 2138 Rose Natter soll ich hier treffen.
562 2125 2115 2298 Telegramm. Sie kann nicht kommen.
552 2269 1740 2494 Ich reise gleich mit Dir.
2953 2318 3050 2517 1e4
562 2610 2716 2745 Sechetens. Er ist glet h nach Baden gefahren.
552 2741 1644 2928 Eine späte Nachtstunde.
546 2899 2902 3069 Man könnte sich einbilden ein Rendesvous zu haben.
552 3050 1278 3252 Hier dte Villa.
542 3223 1239 3431 Ach das Leben.
539 3399 2032 3553 Er steht W wen über die Wiese.
546 3534 3127 3714 Ah Donnerwetter, das tst Feltotan. Haha, zu dumm. Nein,
565 3704 1762 3862 was für eine Komödtantin.
