3512 4264
870 668 2956 833 wir haben uns doch ganz gut vertragen, nicht
870 859 3139 1005 wahr? Obzwar du ein Musiker warst und ich nichts
870 1007 2959 1144 als ein gewöhnlicher Doktor juris, der's gar
873 1136 3093 1281 nicht notwendig hat, seine Praxis auszuüben und
879 1324 2971 1438 besser Teunis spielt als Klavier. Noch ein
879 1435 3105 1644 Leichenzug? so spät? Lassen sich die Leut' auch
879 1598 3025 1761 um fünf Uhr Nachmittag begraben? Blau - ein
896 1752 3085 1926 junges Mädchen.. O Ludwig, du bist ein vollkom-
879 1929 3056 2086 mener Idiot gewesen! Entschuldige, dass ich so
885 2089 3039 2237 grob mit dir werde, aber wenn es eine Unsterb-
888 2249 3133 2403 lichkeit giebt, so wirst du mir in diesem Augen-
890 2414 3116 2520 blick beistimmen. Ich kann mir nicht helfen: es
896 2534 3111 2691 war zum Teil doch Affektation. Ich glaub' nicht
899 2694 3190 2845 dran, dass man sich umbringt, weil EinenEine nicht
899 2888 3131 2985 erhört. Haha! Adele hat ihn nicht erhöret!.. Don-
890 3042 3122 3156 nerwetter, jetzt sitzt sie in ihrem Boudoir zu-
905 3159 3122 3313 hause, kommt sich grossartig vor, macht die ge-
947 3333 3079 3470 wissen runden Augen wie immer, wenn sie etwas
905 3464 3131 3613 Bedeutendes erlebt hat - zum Beispiel, wenn die
907 3604 3133 3815 Schneiderin ihr das Kleid vor dem Ball verpatzt
