3528 4296
2556 298 2952 502 Jul 908
505 603 1759 836 Scene aus dem zwetten Akt.
509 784 1526 1014 Natter,.Genia.
522 859 3130 1089 Gentz. Alles in Ordnung, das heisst wohl, dass die xxxet
538 1082 1614 1280 te fabrik gebaut wird.
522 1173 2922 1406 Natter. Jacobl gnädige Frau und zuweit grosser Be
548 1445 1173 1581 schleunigung.
554 1594 1238 1724 Genia. Und wo?
551 1649 2605 1863 Natter. Selbstverständlich neben der alten.
567 1844 2181 2006 Genta. Da gibts doch keinen Platz.
564 1989 3072 2168 Natter. In vierzehn Tagen wird es diesen Platz geben.
570 2100 3117 2317 Der Haus block wird zusammengerissen. Wir haben ihn um
599 2242 3204 2488 einen wahren Pappenspil gehauft. Warum sehn Sie mich so
596 2505 1338 2670 erschrocken an?
612 2550 3146 2777 Genta. Ich wundre mich nur, ich bin nicht erschrocken.
606 2738 3094 3023 Natter. Ich will Ihnen auf den Kopf zu sagen was Sie
629 2929 3091 3182 vermuten, gnädige Frau, Sie bilden x sich ein, dass
645 3042 3013 3363 tohihn in Spekulationen hineinhetze, denen er mit
648 3217 3201 3493 sener Kapitalskraft nicht gewachsen ist. Dass ich den
648 3373 3227 3671 dämonischen Plan verfolge ihn zu ruinteren, um mich zu
658 3528 3224 3826 rächen. Hierüber machte ich Sie nun doch endgiltig be
