3464 4120
2441 384 2568 565 11
841 509 2941 719 tzungen zwischen ihnen gegeben haben. Der Ab-
767 659 3000 889 schiedsbrief deutet allerdings nicht darauf hin.
838 850 2847 1020 . Vornehm, ohne Spur eines Vorwurfs... "Ich
764 986 3006 1193 weiss, dass ich Ihnen nie so viel bedeuten konn-
781 1173 2921 1395 te... Wir Beide gehören nicht zu den Menschen,
776 1298 2955 1520 die in Lüge und Heimlichkeit miteinander leben
784 1458 2963 1665 können...“ Ob er xxx von meinem Verhältnis mit
779 1617 3066 1816 Rose, der Natter eine Ahnung gehabt hat?. Gewiss
810 1742 3006 1966 — ausser ihrem Mann und meiner Frau wissen’s ja
793 1887 2926 2122 Alle. Es ist doch wahnwitzig!... Ich erinnere
793 2068 3077 2293 mich übrigens, dass ich heuer im Juli einmal ein
815 2239 2963 2441 paar Tage wie irrsinnig in Rose verliebt war -
821 2375 3083 2600 einmal während einer Teunispartie -, dass ich im
830 2475 3049 2722 Stande gewesen wäre, meine ganze Existenz auf's
838 2696 3086 2929 Spiel zu setzen, Und wie hat sich das beruhigt.
847 2830 3108 3040 wie beruhigt sich alles... wie gleichgiltig sind
912 2998 3100 3194 eigentlich alle die Sachen. Das spürt man erst,
855 3154 3100 3384 wenn man so zuschaut, wie sie Einen hinunterlas-
872 3390 1483 3557 sen - tief...
