3528 4328
2884 584 2984 784 8
416 870 3180 1114 Arpad. Wenn sagen Sie das. Drum mach ich ja auch nur gute
430 1014 2461 1265 Erna. Wie schön es plötzlich geworden ist.
423 1172 2870 1468 R###se Natter. Ja man steht erst was das hter für ein
454 1399 1688 1574 charmanter Aufenthalt ist.
447 1530 1650 1760 Arpad. Oben gnädige Frau.
450 1636 2685 1911 Erna. Wie jetzt die Blumen zu duften anfangen.
471 1794 3046 2001 Friedr. Bei uns noch schöner. Wann kommen Sie denn zu
478 1949 2949 2166 uns nach Baden Fräulein Erna. Metne Frau fragt schon
498 2169 1275 2355 immer nach Ihnen
481 2238 3042 2530 Frau F. Wie gehts denn der lieben Adele? Sie ist wahr
502 2389 3063 2654 scheinlich gleich nach der Einsegnung wieder hinaus ge
519 2664 866 2819 fahren.
512 2681 3073 2970 Fried. Nein, sie war gar nicht in der Stadt. Wir sind
529 2853 2946 3080 erst vorgestern hinausgezogen in die Villa, sie hat
519 3008 3032 3248 mit mir fahren wollen, aber ich habe nicht zugegeben.
522 3176 3101 3413 Rose./ vor einem Grabstein/ Verse. Dass das den Leuten
543 3317 3042 3602 ein Vergnügen macht. Hier lieg ich und muss verwesen.
536 3492 2994 3757 Eigentlich könnte man die Gelegenheit benützen sich
550 3706 2403 3939 Ehrengrüber anzusehn Herr von Welsberg.
