3320 4104
421 499 1944 728 Ein Bauerbursch, den er prügelt.
467 711 2218 900 Ah, man hat schon noch eintge Jugend.
418 985 2453 1191 Sdebentens. Im Salon / auf dem Teunisplatz/
440 1194 1064 1354 Gesellschaft.
424 1334 1553 1507 Adele, Fräulein Wersing
437 1458 2594 1651 Feltoian zu Adele. Ich möchte für Sie sterben.
427 1641 2095 1817 Sie: Es wird Ihnen nicht gelingen.
437 1778 3041 1958 Zuerst ein Gleichgültiges Gespräch Felioian und Früberg.
431 1925 2502 2130 Dann provoziert er beim Tennts einen Streit.
440 2072 2365 2245 Sie servieren so so.. etwas undezidiertes.
434 2241 2019 2404 Adele. Warum hast Du das getan?
450 2372 3077 2532 Ich nahm Dirs nicht übel. Nur mich für so dumm zu halt
457 2538 1820 2701 Ich will nicht der Hopf sein.
444 2659 2718 2874 Hat er Dir auch gesagt, dass er sich töten wird?
440 2858 1276 3044 Du wirst ihn....
450 2975 2669 3165 Nein, ich werd ihm den Zyl inder durchschiessen.
457 3191 783 3351 Ce V.H.F.P.
427 3324 845 3514 Verlassen
542 3517 868 3657 re, der
2822 385 2982 555 16
