3416 4216
434 430 2927 734 Frieberg: Setz' dich allein in den Wagen. Wie trocken
430 623 2911 831 man wird. Ich sollte weinen. Dieser prächtige Mensch!
235 769 2862 1086 Rendez-vous mit Rose Natter. Nein, lieber nach
212 848 453 1014 Gericht.
290 939 2813 1128 Hause. :Der Virtuose war verlobt mit Fräulein X.:
681 1082 2289 1304 Die Tessispartieen fallen ihm ein.
691 1245 2481 1451 Nach Hause. Seine Frau ruhig im Salon.
698 1408 2970 1584 Sie zeigt ihm den Brief. Ihretwegen hat sich der
473 1562 1428 1773 Virtuose umgebracht.
711 1676 2921 1914 Hm... Er hat das Bedürfnis, spazieren zu gehen,
489 1819 2996 2099 weiss sich seiner Frau gegenüber nicht recht zu beneh-
489 2083 698 2233 men.
730 2197 1712 2386 Gedanken auf dem Weg.
737 2289 2931 2513 Sonderbar, wenn sie ihn erhört hätte, würde er
561 2438 2575 2663 noch leben - oder ich hätte ihn erschossen.
743 2598 3022 2843 Wie er nach Haus kommt, schläft seine Frau ruhig.
564 2807 1350 3009 Er wundert sich.
760 2921 2934 3123 Ich werde zu Hugo gehen. Ist eine komplizierte
574 3156 877 3309 Sache
773 3227 2973 3439 Gespräch mit Hugo. Der sagt tiefsinnige Sachen.
779 3368 2950 3612 Im weitern Verlauf kommt Frieberg immer tiefer
