3544 4280
896 582 3180 751 so unzweifelhaft erwiesen hat. Fünfzehn Jahre le-
894 779 3112 914 ben wir jetzt zusammen, Adele,- fünfzehn Jahre.
902 971 3086 1053 Ich bezweifle, dass du während dieser fünfzehn
891 1088 2989 1236 Jahre nicht das allergeringste Geheimnis vor
888 1248 2981 1430 mir gehabt haben solltest. Komödie - überall
894 1396 3103 1522 Komödie! Auch in deinem Selbstmord liegt Ko¬
888 1576 3046 1687 mödiespiel. Ja, mein Teurer, ich kann dir den
894 1704 3086 1856 Vorwurf nicht ersparen, so sehr du mir abgehen
894 1881 3152 2036 wirst und so sehr ich bedaure. Zum Teufel hin-
894 2018 3178 2187 ein! wozu das Ganze? Gerade meine Frau musste es
902 2193 3121 2318 sein? - Sechsundzwanzig Jahre - Mensch, Mensch!
894 2350 3098 2484 Du wirst es bereuen, könnt' ich sagen, wenn du
894 2501 3135 2635 nicht tot wärest. Sechsundzwanzig Jahre und die
905 2664 3192 2772 schönste Existenz vor dir. Du hättest die pracht-
914 2795 3021 2932 vollsten Weiber haben können - hast sie wahr-
902 2963 3138 3098 scheinlich auch gehabt - und wenn nicht, es ist
914 3126 3149 3243 ja so egal.... Mesc nh, wenn du auch das achtund-
902 3289 3046 3392 dreissigste Lebensjahr abgewartet hättest wie
916 3403 3186 3546 ich, dann wärst du schon draufgekommen, wie egal
914 3577 3203 3749 es ist... Obzwar, wer weiss, vielleicht sind die-
914 3731 3149 3926 se Leute doch anders als unsereiner. - Ja, aber
