<?xml version="1.0" encoding="UTF-8" standalone="yes"?>
<PcGts xmlns="http://schema.primaresearch.org/PAGE/gts/pagecontent/2013-07-15" xmlns:xsi="http://www.w3.org/2001/XMLSchema-instance" xsi:schemaLocation="http://schema.primaresearch.org/PAGE/gts/pagecontent/2013-07-15 http://schema.primaresearch.org/PAGE/gts/pagecontent/2013-07-15/pagecontent.xsd">
    <Metadata>
        <Creator>prov=READ-COOP:name=TrHtr:version=2.1.0:model_id=51170:date=29_07_2023_07:51</Creator>
        <Created>2023-05-10T12:27:02.943+02:00</Created>
        <LastChange>2023-07-29T07:51:10.749+02:00</LastChange>
        <TranskribusMetadata docId="1428199" pageId="55402439" pageNr="12" tsid="131400900" status="IN_PROGRESS" userId="64420" imgUrl="https://files.transkribus.eu/Get?id=LIAKBLSVBKGXKCRXWLZELATO&amp;fileType=view" xmlUrl="https://files.transkribus.eu/Get?id=PKQBFKJQJNPXZKKIQPTYTNKW" imageId="44677261"/>
    </Metadata>
    <Page imageFilename="1428199_0012.jpg" imageWidth="3416" imageHeight="4216">
        <ReadingOrder>
            <OrderedGroup id="ro_1711796231726" caption="Regions reading order">
                <RegionRefIndexed index="0" regionRef="tr_3"/>
                <RegionRefIndexed index="1" regionRef="tr_1"/>
                <RegionRefIndexed index="2" regionRef="tr_2"/>
            </OrderedGroup>
        </ReadingOrder>
        <TextRegion id="tr_3" custom="readingOrder {index:0;}">
            <Coords points="2466,221 2993,221 2993,445 2466,445"/>
            <TextLine id="tr_3_tl_1" custom="readingOrder {index:0;}">
                <Coords points="2495,322 2514,322 2536,306 2543,312 2552,306 2565,315 2588,303 2598,309 2626,306 2630,187 2610,187 2601,177 2588,190 2572,183 2556,193 2533,193 2527,187 2520,193 2498,193"/>
                <Baseline points="2511,274 2543,274 2588,274 2633,271"/>
                <TextEquiv>
                    <Unicode>11</Unicode>
                </TextEquiv>
            </TextLine>
            <TextLine id="tr_3_tl_2" custom="readingOrder {index:1;}">
                <Coords points="2446,476 2514,505 2617,464 2697,509 2816,502 2919,425 2984,431 2987,296 2881,303 2762,348 2668,312 2643,325 2588,303 2572,319 2543,299 2488,335 2453,332"/>
                <Baseline points="2466,435 2499,432 2543,429 2588,429 2633,429 2678,426 2723,423 2767,423 2812,421 2857,418 2902,415 2947,418 2993,420"/>
                <TextEquiv>
                    <Unicode>25. VI 908.</Unicode>
                </TextEquiv>
            </TextLine>
        </TextRegion>
        <TextRegion id="tr_1" custom="readingOrder {index:1;}">
            <Coords points="418,606 3024,606 3024,2736 418,2736"/>
            <TextLine id="tr_1_tl_1" custom="readingOrder {index:0;}">
                <Coords points="396,821 2594,695 2630,566 406,612"/>
                <Baseline points="418,734 438,731 483,731 528,731 573,731 618,731 662,731 707,728 752,725 797,725 842,722 886,719 931,719 976,719 1021,716 1065,716 1110,713 1155,710 1200,707 1245,704 1289,707 1334,701 1379,698 1424,698 1469,698 1513,695 1558,692 1603,689 1648,689 1692,686 1737,683 1782,683 1827,680 1872,677 1916,674 1961,674 2006,674 2051,671 2096,668 2140,668 2185,668 2230,668 2275,665 2319,662 2364,659 2409,659 2454,659 2499,656 2543,656 2588,656 2633,656"/>
                <TextEquiv>
                    <Unicode>Eins, Friedhofstür, Regen, Schirme, Wagenrufer,</Unicode>
                </TextEquiv>
            </TextLine>
            <TextLine id="tr_1_tl_2" custom="readingOrder {index:1;}">
                <Coords points="422,966 1886,869 2066,917 2382,853 2388,724 2112,686 1960,753 428,818"/>
                <Baseline points="444,880 468,877 513,877 558,877 603,877 647,871 692,871 737,871 782,868 827,865 871,862 916,862 961,859 1006,859 1051,856 1095,853 1140,853 1185,850 1230,850 1274,847 1319,844 1364,844 1409,844 1454,842 1498,839 1543,836 1588,836 1633,833 1678,833 1722,830 1767,827 1812,824 1857,821 1901,821 1946,818 1991,815 2036,815 2081,815 2125,812 2170,809 2215,809 2260,809 2305,809 2349,809 2394,806"/>
                <TextEquiv>
                    <Unicode>Gespräch zwischen xxxien. Felictan? Geter.</Unicode>
                </TextEquiv>
            </TextLine>
            <TextLine id="tr_1_tl_3" custom="readingOrder {index:2;}">
                <Coords points="653,1030 744,1030 856,1094 898,1072 972,1065 1014,1030 1046,1027 1049,933 1014,924 982,943 966,924 940,924 904,953 866,937 821,966 785,946 657,950"/>
                <Baseline points="671,1024 695,1021 740,1021 785,1018 830,1015 874,1015 919,1012 964,1012 1009,1012 1054,1012"/>
                <TextEquiv>
                    <Unicode>Musiker.</Unicode>
                </TextEquiv>
            </TextLine>
            <TextLine id="tr_1_tl_4" custom="readingOrder {index:3;}">
                <Coords points="431,1239 2163,1220 2466,1123 3013,1136 3019,1024 435,1127"/>
                <Baseline points="450,1188 471,1188 516,1185 561,1185 606,1182 650,1179 695,1182 740,1179 785,1176 830,1173 874,1170 919,1170 964,1170 1009,1167 1054,1167 1098,1164 1143,1161 1188,1161 1233,1161 1277,1161 1322,1161 1367,1161 1412,1158 1457,1155 1501,1152 1546,1152 1591,1149 1636,1146 1681,1146 1725,1143 1770,1143 1815,1143 1860,1137 1904,1134 1949,1131 1994,1131 2039,1128 2084,1128 2128,1125 2173,1125 2218,1125 2263,1122 2308,1122 2352,1119 2397,1116 2442,1116 2487,1113 2531,1110 2576,1107 2621,1107 2666,1104 2711,1104 2755,1101 2800,1101 2845,1101 2890,1098 2935,1095 2979,1095 3024,1095"/>
                <TextEquiv>
                    <Unicode>Zuerst kommen xxxoet, die es nicht lieben zu sehen wie er</Unicode>
                </TextEquiv>
            </TextLine>
            <TextLine id="tr_1_tl_5" custom="readingOrder {index:4;}">
                <Coords points="451,1368 837,1352 908,1397 1088,1326 1458,1349 1593,1323 1596,1213 1304,1239 1210,1201 1075,1265 885,1242 631,1262 592,1300 454,1252"/>
                <Baseline points="468,1343 477,1340 522,1337 567,1334 612,1334 656,1331 701,1328 746,1328 791,1325 836,1325 880,1322 925,1322 970,1319 1015,1322 1059,1316 1104,1316 1149,1313 1194,1313 1239,1310 1283,1310 1328,1307 1373,1307 1418,1304 1463,1301 1507,1298 1552,1298 1597,1304"/>
                <TextEquiv>
                    <Unicode>in die Erde gesenkt wid.</Unicode>
                </TextEquiv>
            </TextLine>
            <TextLine id="tr_1_tl_6" custom="readingOrder {index:5;}">
                <Coords points="438,1545 840,1568 888,1522 927,1548 1027,1519 1175,1545 1220,1522 1294,1555 1297,1403 1130,1362 1024,1407 927,1384 731,1429 692,1403 441,1416"/>
                <Baseline points="456,1492 498,1486 543,1486 588,1486 632,1483 677,1480 722,1480 767,1477 812,1475 856,1472 901,1469 946,1469 991,1466 1036,1466 1080,1463 1125,1466 1170,1466 1215,1463 1260,1460 1304,1460"/>
                <TextEquiv>
                    <Unicode>Ueber die Predigt.</Unicode>
                </TextEquiv>
            </TextLine>
            <TextLine id="tr_1_tl_7" custom="readingOrder {index:6;}">
                <Coords points="438,1661 869,1722 1764,1606 2169,1619 2211,1481 441,1571"/>
                <Baseline points="456,1642 468,1642 513,1639 558,1639 603,1639 647,1636 692,1633 737,1630 782,1627 827,1627 871,1627 916,1624 961,1621 1006,1618 1051,1618 1095,1615 1140,1615 1185,1612 1230,1609 1274,1609 1319,1609 1364,1609 1409,1606 1454,1603 1498,1603 1543,1603 1588,1603 1633,1600 1678,1600 1722,1594 1767,1594 1812,1594 1857,1591 1901,1585 1946,1585 1991,1582 2036,1579 2081,1579 2125,1576 2170,1576 2215,1579"/>
                <TextEquiv>
                    <Unicode>Auch der Komponist x. hat gesprochen.</Unicode>
                </TextEquiv>
            </TextLine>
            <TextLine id="tr_1_tl_8" custom="readingOrder {index:7;}">
                <Coords points="457,1841 595,1883 1500,1809 1506,1674 1255,1709 1104,1680 962,1719 460,1706"/>
                <Baseline points="474,1791 477,1794 522,1791 567,1788 612,1788 656,1788 701,1785 746,1785 791,1785 836,1782 880,1779 925,1776 970,1773 1015,1773 1059,1770 1104,1770 1149,1767 1194,1764 1239,1761 1283,1761 1328,1761 1373,1758 1418,1758 1463,1755 1507,1758"/>
                <TextEquiv>
                    <Unicode>Warum sich umgebracht.</Unicode>
                </TextEquiv>
            </TextLine>
            <TextLine id="tr_1_tl_9" custom="readingOrder {index:8;}">
                <Coords points="441,1992 1889,1980 2739,1889 2765,1793 447,1873"/>
                <Baseline points="462,1952 486,1952 531,1946 576,1943 621,1943 665,1940 710,1940 755,1937 800,1934 844,1934 889,1931 934,1928 979,1925 1024,1925 1068,1925 1113,1922 1158,1919 1203,1919 1248,1916 1292,1913 1337,1916 1382,1913 1427,1910 1472,1910 1516,1910 1561,1907 1606,1907 1651,1907 1695,1904 1740,1901 1785,1898 1830,1896 1875,1893 1919,1887 1964,1887 2009,1887 2054,1884 2099,1881 2143,1878 2188,1878 2233,1875 2278,1872 2322,1869 2367,1869 2412,1869 2457,1869 2502,1866 2546,1866 2591,1863 2636,1863 2681,1860 2726,1860 2770,1860"/>
                <TextEquiv>
                    <Unicode>Amerikants chesz Duell. Wegen Frau Natter? a nein.</Unicode>
                </TextEquiv>
            </TextLine>
            <TextLine id="tr_1_tl_10" custom="readingOrder {index:9;}">
                <Coords points="457,2140 901,2189 1973,2105 2346,2057 2350,1967 460,2044"/>
                <Baseline points="474,2102 519,2102 564,2102 609,2102 653,2099 698,2099 743,2096 788,2093 833,2093 877,2093 922,2093 967,2090 1012,2087 1056,2090 1101,2087 1146,2081 1191,2078 1236,2078 1280,2075 1325,2072 1370,2069 1415,2069 1460,2069 1504,2066 1549,2066 1594,2066 1639,2063 1684,2057 1728,2057 1773,2054 1818,2051 1863,2048 1907,2045 1952,2045 1997,2045 2042,2042 2087,2039 2131,2039 2176,2036 2221,2036 2266,2033 2311,2033 2355,2036"/>
                <TextEquiv>
                    <Unicode>Ein Kollege: Er fühlte sich zurückgehn.</Unicode>
                </TextEquiv>
            </TextLine>
            <TextLine id="tr_1_tl_11" custom="readingOrder {index:10;}">
                <Coords points="457,2292 766,2330 856,2256 1065,2289 1477,2243 1481,2176 1362,2140 1075,2192 753,2163 460,2202"/>
                <Baseline points="477,2263 501,2263 546,2260 591,2257 635,2257 680,2254 725,2251 770,2251 815,2248 859,2248 904,2248 949,2245 994,2242 1039,2239 1083,2236 1128,2236 1173,2233 1218,2230 1263,2230 1307,2227 1352,2227 1397,2224 1442,2221 1486,2227"/>
                <TextEquiv>
                    <Unicode>Nur Schumann, Chopin.</Unicode>
                </TextEquiv>
            </TextLine>
            <TextLine id="tr_1_tl_12" custom="readingOrder {index:11;}">
                <Coords points="457,2469 2186,2350 2594,2401 2598,2266 1452,2334 1252,2253 644,2356 464,2295"/>
                <Baseline points="477,2415 498,2415 543,2415 588,2415 632,2415 677,2412 722,2409 767,2406 812,2403 856,2403 901,2400 946,2397 991,2397 1036,2394 1080,2391 1125,2391 1170,2388 1215,2385 1260,2382 1304,2382 1349,2382 1394,2379 1439,2379 1483,2379 1528,2376 1573,2373 1618,2373 1663,2373 1707,2370 1752,2367 1797,2364 1842,2364 1887,2364 1931,2358 1976,2358 2021,2358 2066,2355 2110,2352 2155,2349 2200,2349 2245,2349 2290,2343 2334,2340 2379,2340 2424,2337 2469,2337 2514,2334 2558,2334 2603,2337"/>
                <TextEquiv>
                    <Unicode>Eigentlich konnte er doch nur Chopin spielen.</Unicode>
                </TextEquiv>
            </TextLine>
            <TextLine id="tr_1_tl_13" custom="readingOrder {index:12;}">
                <Coords points="483,2620 853,2652 940,2588 1053,2623 1159,2575 1426,2591 1477,2572 1477,2482 1268,2466 1127,2520 1024,2472 744,2501 673,2469 483,2507"/>
                <Baseline points="501,2576 543,2570 588,2570 632,2567 677,2567 722,2564 767,2564 812,2564 856,2561 901,2558 946,2558 991,2555 1036,2555 1080,2555 1125,2558 1170,2567 1215,2570 1260,2570 1304,2567 1349,2567 1394,2567 1439,2567 1483,2567"/>
                <TextEquiv>
                    <Unicode>Geläufigkeit.</Unicode>
                </TextEquiv>
            </TextLine>
            <TextLine id="tr_1_tl_14" custom="readingOrder {index:13;}">
                <Coords points="480,2726 814,2787 2350,2691 2427,2678 2430,2569 483,2636"/>
                <Baseline points="498,2723 510,2726 555,2723 600,2723 644,2720 689,2720 734,2717 779,2717 824,2717 868,2717 913,2714 958,2711 1003,2708 1048,2705 1092,2702 1137,2702 1182,2699 1227,2696 1271,2696 1316,2693 1361,2690 1406,2687 1451,2687 1495,2687 1540,2684 1585,2681 1630,2678 1675,2678 1719,2675 1764,2672 1809,2672 1854,2669 1898,2669 1943,2666 1988,2663 2033,2660 2078,2660 2122,2660 2167,2660 2212,2657 2257,2657 2302,2651 2346,2648 2391,2642 2436,2642"/>
                <TextEquiv>
                    <Unicode>Frieberg endlich: Wo tat denn mein Wagen?</Unicode>
                </TextEquiv>
            </TextLine>
        </TextRegion>
        <TextRegion id="tr_2" custom="readingOrder {index:2;}">
            <Coords points="510,2783 2845,2783 2845,3772 510,3772"/>
            <TextLine id="tr_2_tl_1" custom="readingOrder {index:0;}">
                <Coords points="492,2919 624,2958 750,2907 1046,2936 1323,2874 1635,2900 1780,2861 1783,2758 1091,2800 978,2762 628,2820 499,2771"/>
                <Baseline points="510,2884 534,2884 579,2881 624,2881 668,2881 713,2878 758,2875 803,2875 847,2872 892,2872 937,2869 982,2866 1027,2863 1071,2860 1116,2860 1161,2857 1206,2857 1251,2854 1295,2854 1340,2851 1385,2854 1430,2848 1475,2845 1519,2842 1564,2839 1609,2839 1654,2836 1698,2836 1743,2833 1788,2833"/>
                <TextEquiv>
                    <Unicode>Gespräch mit Hugo / Geter?</Unicode>
                </TextEquiv>
            </TextLine>
            <TextLine id="tr_2_tl_2" custom="readingOrder {index:1;}">
                <Coords points="489,3055 702,3113 1072,3051 1683,3051 1687,2926 1526,2900 911,2974 702,2919 570,2961 496,2919"/>
                <Baseline points="510,3033 528,3033 573,3033 618,3036 662,3033 707,3030 752,3030 797,3027 842,3027 886,3024 931,3024 976,3021 1021,3018 1065,3015 1110,3012 1155,3012 1200,3009 1245,3006 1289,3006 1334,3003 1379,3003 1424,3000 1469,3000 1513,2997 1558,2994 1603,2994 1648,2994 1692,3000"/>
                <TextEquiv>
                    <Unicode>Frteberg und Rose Natter.</Unicode>
                </TextEquiv>
            </TextLine>
            <TextLine id="tr_2_tl_3" custom="readingOrder {index:2;}">
                <Coords points="489,3222 2276,3193 2832,3122 2839,3003 496,3096"/>
                <Baseline points="510,3182 516,3185 561,3182 606,3179 650,3176 695,3173 740,3173 785,3170 830,3167 874,3170 919,3167 964,3162 1009,3159 1054,3156 1098,3156 1143,3153 1188,3153 1233,3153 1277,3153 1322,3150 1367,3150 1412,3150 1457,3144 1501,3141 1546,3141 1591,3141 1636,3138 1681,3135 1725,3132 1770,3129 1815,3129 1860,3126 1904,3123 1949,3120 1994,3120 2039,3117 2084,3117 2128,3114 2173,3114 2218,3111 2263,3108 2308,3105 2352,3102 2397,3102 2442,3099 2487,3096 2531,3096 2576,3093 2621,3090 2666,3090 2711,3087 2755,3087 2800,3090 2845,3087"/>
                <TextEquiv>
                    <Unicode>Ste: Willst Du x jetzt ins unsre kleine Wohnung!</Unicode>
                </TextEquiv>
            </TextLine>
            <TextLine id="tr_2_tl_4" custom="readingOrder {index:3;}">
                <Coords points="2559,3270 2575,3273 2598,3296 2607,3290 2633,3312 2652,3312 2665,3167 2610,3164 2598,3148 2569,3148"/>
                <Baseline points="2576,3257 2621,3251 2666,3248"/>
                <TextEquiv>
                    <Unicode>to</Unicode>
                </TextEquiv>
            </TextLine>
            <TextLine id="tr_2_tl_5" custom="readingOrder {index:4;}">
                <Coords points="1407,3367 1445,3351 1506,3373 1548,3348 1654,3348 1706,3325 1774,3373 1896,3341 1889,3206 1793,3241 1754,3212 1690,3203 1600,3254 1558,3228 1497,3244 1413,3209"/>
                <Baseline points="1427,3320 1457,3320 1501,3320 1546,3320 1591,3317 1636,3317 1681,3317 1725,3314 1770,3311 1815,3308 1860,3308 1904,3308"/>
                <TextEquiv>
                    <Unicode>Wir können</Unicode>
                </TextEquiv>
            </TextLine>
            <TextLine id="tr_2_tl_6" custom="readingOrder {index:5;}">
                <Coords points="492,3383 570,3360 666,3422 805,3370 869,3415 953,3367 1059,3399 1114,3360 1156,3386 1265,3348 1323,3364 1326,3254 1275,3222 1152,3257 1020,3222 917,3251 863,3222 798,3273 499,3244"/>
                <Baseline points="513,3338 525,3335 570,3335 615,3332 659,3329 704,3329 749,3326 794,3326 839,3323 883,3323 928,3317 973,3317 1018,3314 1062,3314 1107,3311 1152,3311 1197,3308 1242,3308 1286,3311 1331,3311"/>
                <TextEquiv>
                    <Unicode>Du bist verrückt.</Unicode>
                </TextEquiv>
            </TextLine>
            <TextLine id="tr_2_tl_7" custom="readingOrder {index:6;}">
                <Coords points="505,3518 673,3573 818,3525 962,3554 1358,3489 1651,3508 1654,3370 1577,3354 1510,3389 1442,3351 1297,3415 1110,3360 1030,3412 776,3389 660,3422 512,3367"/>
                <Baseline points="525,3487 543,3487 588,3487 632,3484 677,3484 722,3481 767,3478 812,3475 856,3475 901,3475 946,3469 991,3466 1036,3466 1080,3466 1125,3463 1170,3460 1215,3460 1260,3460 1304,3460 1349,3457 1394,3454 1439,3454 1483,3451 1528,3448 1573,3445 1618,3445 1663,3445"/>
                <TextEquiv>
                    <Unicode>Standet ihr denn so nah!</Unicode>
                </TextEquiv>
            </TextLine>
            <TextLine id="tr_2_tl_8" custom="readingOrder {index:7;}">
                <Coords points="502,3669 689,3711 766,3669 995,3705 1056,3666 1571,3663 1638,3611 1844,3615 1848,3541 1748,3502 1410,3531 1365,3492 731,3576 509,3541"/>
                <Baseline points="522,3639 552,3636 597,3633 641,3633 686,3630 731,3630 776,3627 821,3630 865,3627 910,3624 955,3621 1000,3621 1045,3618 1089,3618 1134,3615 1179,3615 1224,3615 1268,3609 1313,3609 1358,3606 1403,3603 1448,3603 1492,3603 1537,3597 1582,3594 1627,3591 1672,3591 1716,3591 1761,3591 1806,3591 1851,3591"/>
                <TextEquiv>
                    <Unicode>Er war sehr klug und witzig.</Unicode>
                </TextEquiv>
            </TextLine>
            <TextLine id="tr_2_tl_9" custom="readingOrder {index:8;}">
                <Coords points="512,3776 1484,3776 1625,3724 1761,3779 1992,3724 1996,3615 998,3705 515,3682"/>
                <Baseline points="528,3762 567,3759 612,3756 656,3759 701,3759 746,3756 791,3753 836,3753 880,3753 925,3750 970,3750 1015,3750 1059,3747 1104,3744 1149,3741 1194,3738 1239,3738 1283,3738 1328,3735 1373,3732 1418,3732 1463,3729 1507,3729 1552,3726 1597,3723 1642,3723 1686,3720 1731,3720 1776,3720 1821,3717 1866,3717 1910,3714 1955,3714 2000,3714"/>
                <TextEquiv>
                    <Unicode>Ah, leben jetzt fängts erst an.</Unicode>
                </TextEquiv>
            </TextLine>
        </TextRegion>
    </Page>
</PcGts>
