3464 4200
770 582 2944 787 hört, und er hat sich getötet. Wenn sie geahnt
761 736 2941 935 hätte, dass ich eigentlich zu nichts mehr Lust
761 906 2898 1094 hatte in dieser Nacht, als sie bei den Haaren
776 1034 2901 1236 zu zerren oder in den Arm zu zwicken oder ihr
790 1162 2909 1406 einen Puff zu geben -! Geredet haben wir über
793 1344 2938 1554 die Sache bisher noch kein Wort. Nicht einmal,
793 1489 2909 1719 dass ich zum Begräbnis gehe, hab' ich ihr ge-
801 1662 3069 1858 sagt. Natürlich weiss sie's. Ihr Händedruck, wie
813 1807 2992 2012 ich Nachmittag im schwarzen Anzug fortgegangen
796 1938 3083 2157 bin, die runden, gefassten Augen,- und dabei hat
815 2085 3029 2324 sie keine Ahnung, was eigentlich geschehen ist.
881 2299 3034 2486 - Es waren übrigens weniger Leute in der Kir-
832 2418 3117 2648 che, als ich gedacht habe. Seine Mutter war nicht
827 2586 2824 2799 da. Die arme Frau! Ob sie den wahren Grund
832 2736 3052 2918 weiss? In der Zeitung ist gestanden "Lebensüber
850 2912 3032 3100 druss". Im Kreise seiner Bekannten war es kein
850 3052 3037 3267 Geheimnis, dass der junge Meister häufig Anfäl-
855 3191 3054 3429 len von Melancholie unterworfen war" - ha! Lud-
861 3356 3100 3574 wig melancholisch! Es ist ja gar nicht wahr. Be-
867 3520 3000 3739 vor er sich in Adele verliebt hat, var er der
867 3648 3145 3893 lustigste Mensch, den man sich denken kann.. Die
