3528 4344
507 594 3109 830 Winkler. Immer witzig der gute Arpad. Sagen wir wieder
520 781 2987 1011 lieber, es kann nun leider, leider keinen Strä t mehr
530 927 3087 1185 geben wer der grösste unter den Lebenden ist, seit wir
520 1075 3064 1337 Eichenbaum begraben haben. Wer einmal das f moll Kon
539 1246 3061 1476 zert von Chopln von ihm gehört hat.Choptn hat niemand
552 1353 3135 1653 uf der Welt so gesptelt wie er. Das kommt nicht wieder.
559 1540 3119 1779 Erna. Und Schumann! Bet Welsberg hat er sich manchmal
565 1708 2880 1931 noch spät Abend hingesetzt und Schumann gespielt.
568 1860 2932 2118 Winkler. Ja das war eine seiner kleinen Schwächen.
575 2005 3151 2247 Arpad. Sie nennens Schwäche, weil,er es umsonst getan
591 2305 804 2412 hat.
597 2296 3080 2583 Winkler. Schumann jasauch noch, besonders die feinen
601 2480 3022 2722 Klavtersachen. Auch Jensen und Grieg. Aber das war
617 2612 3041 2864 Ja sein grosser Schmerz, dass man ihm die Klass tker
617 2770 3132 3025 nicht glauben wollte. Was hätte er drum gegeben, wenn
646 2928 3022 3177 er die letzten Sonaten von Beethoven hätte spielen
649 3148 1566 3335 können. sein Leben.
646 3235 3090 3471 Erna. Was hätte er davon gehabt, Gott lässt sich ja
668 3461 1879 3661 keine Sonaten vorsptelen.
665 3503 3209 3797 Winkler. Ich meine es ja so Fräulein! sie einmal spie
