3528 4312
2872 510 2971 709 7
460 762 3014 947 gern gehabt hab. Aber glauben Sie, dass ein Mensch von
477 924 2981 1086 42 und einer von 24 Freunde sein können? Sehn Sie das
480 1063 3051 1275 ist nämlich das unüberbrückbare. Ein König und ein Anar
484 1236 2988 1431 ehist, wenn sie ### beide Jung sind. Eine Kohotte und
487 1355 3067 1580 eine anständige Frauk wenn sie beide Jung uhd besonders
487 1520 3124 1703 senn sie beide alt sind. Ein deutsch nationaler Student
487 1706 2981 1891 und ein Zionist..ja. Aber einer, der ins Meer hin
490 1855 2782 2047 aussegelt und einer, der in den Hafen führt- nie.
484 1961 2938 2180 Mauer. Du Friedrich Du bist wirklich schon komisch.
490 2153 3150 2332 Frau F. Wirklich Herr Welsberg Sie kokettieren mit Ihren
480 2388 785 2518 Alter.
497 2402 2879 2680 Erna. Und dabet hat er neulteh tm Singel den Willg
497 2630 2455 2819 Diehlammann einfach tot gema hit und mioh.
504 2776 1838 2998 Friedr. Das ist keine Kunst.
490 2898 3084 3097 Mauer. Und vor drei Jahren hat er den Vatoletturm zum
530 3081 2213 3306 erstenmal von der Nordseite gemacht.
504 3203 3091 3448 Arpad. Und wer weiss was er noch alles besser kann wie
523 3435 1040 3581 e in Junger.
527 3501 3177 3736 Friedr. Ah Sie sind auch da, nicht nur bei den Première
2160 3644 2474 3763 Schlechte
533 3720 3074 3899 sondern..na man soll lieber hetne dummen Witze machen.
