3512 4264
1100 769 2968 977 Es regnet. Was tut's? Ich habe trotzdem
413 806 826 1000 1er S0e
971 957 3051 1100 keine Lust, nach Hause zu gehen - wahrhaftig
419 977 769 1202 byman
929 1111 2957 1253 keine. Lieber spazier' ich noch stundenlang
923 1288 3202 1427 auf und ab, hin und her, wate im Kot, lasse mich
929 1416 3068 1561 bis auf die Haut durchnässen. Den Schirm kann
946 1575 3062 1721 ich nicht aufspannen, der Sturm dreht ihn mir
940 1729 3105 1866 um. Und übrigens, ob ich mir den Tod hol oder
937 1883 3108 2051 nicht, mir ist es vollkommen gleichgiltig. Der
943 2062 3168 2162 Tod ist gar keine so grosse Sache. Ist es nicht
951 2196 3062 2362 jämmerlich, dass er nun unter der Erde liegt
954 2319 3074 2478 unbegreiflich - dumm - blödsinnig -? Und die
951 2507 3088 2652 Andern haben mich angesehen, als hätt' ich al-
954 2632 3148 2815 len Anlass, stolz zu sein, Hab' ich ja auch ge-
954 2840 3136 2954 wissermaassen. Und der Dr.Regenhart würde mich
951 2946 3091 3142 für verrückt halten. Möglicherweise bin ich's
957 3145 3236 3282 auch. Ich hab' ja noch nicht recht zur Besinnung
963 3239 3256 3473 kommen können. Widerwärtige Stunden sind das von
969 3396 3208 3564 dem Augenblick an, da Einer die Augen schliesst,
969 3567 3097 3786 bis das Uebrige erledigt ist. Erledigte... Ja,
