3544 4312
2630 364 2731 550 2
324 475 419 612 8
377 517 2872 815 ruhigen. Ich bin kein Dämon. Ich will mich nicht rü
400 688 2948 953 chen. Ich bin nicht eifersüchtig, durchaus nicht. Ich
386 956 940 1130 war es nie.
396 1009 2384 1287 Genta. Ich verstehe Sie nicht Herr Natter,
403 1176 2129 1428 Natter. Es ist doch nicht so schwer,
419 1353 2731 1588 Genia. So versteh ich nicht warum Sies mir sagen.
432 1562 2974 1795 Natter. Weil ich nicht wünsche, dass Sie mich für et
442 1801 1418 2008 nen Dummkopf halten.
455 1877 2902 2162 Genta. Und denken Sie ich halte Sie jetzt für etwas,
478 2122 1264 2329 das besser wäre?
462 2158 3036 2476 Natter. Sie tun mir Unrecht. Ich bin auch k in gefällt
491 2309 3072 2610 ger Ehemann. Sie glauben mir doch ohne weiters
501 2476 3059 2718 Ihnen sage, dass ich Ihren Gatten zwischen diesen Fin
517 2623 3078 2902 gern zerquetschen könnte. Es kommt immer nur darauf an,
517 2761 3069 3042 wie man sich das Leben einrichtet. Ich hatte die Wahl
527 2921 3124 3196 meine Frau hinauszujagen und meinen Kindern eine vorzüg
540 3062 3046 3344 liche Mutter zu entziehn, und mir eine ausgezeichnete
590 3255 3016 3488 Hausfrau- oder mich darein zu finden, und meinen Kin
567 3360 3206 3661 dern die Mutter zu erhalten und mir ein behagliches Hetin
563 3563 3036 3904 Wenn ich sie noch leidenschaftlich geliebt hätte, so
