3384 4232
2746 251 2828 436 9
405 427 2728 725 dessen Verfasser er ursprünglich ohrfeigen wollte,
421 621 2872 847 durch die Stelle versöhnt: "Einer unserer besten Ten-
465 829 1152 1011 nisspieler...“
656 907 2809 1124 Der junge Engländer macht seiner Frau den Hof.
424 1092 2696 1290 Er bekommt anonyme Briefe. Er ist im Anfang ganz
439 1277 1064 1469 gleichgiltig.
681 1365 2844 1576 Er sagt sich selbst: Ich will meine Frau nicht
461 1610 766 1777 u.s.w.
697 1682 2991 1899 Allmälig gerät er doch wieder in die Anschauungen
480 1799 3010 2100 seines Kreises, wird aber einen leichten Ekel vor sich
487 1996 2793 2216 selbst nicht mehr los. Endlich kommt es sogar zum
1811 2062 3101 2272 (Auf den Land.)  Rein Gottlich erläßt
490 2194 1689 2395 Duell mit dem Engländer.
1905 2216 2338 2329 in die Sache.
731 2298 3029 2517 Er kennt sich nicht recht aus, weiss nicht, ob er
508 2451 2944 2677 den Burschen hasst, kommt endlich drauf, dass er nur
521 2671 1419 2828 seine Jugend hasst.
763 2768 2881 2985 Freut sich, dass er es in der Hand hat, diese
540 2960 1525 3164 Jugend zu vernichten.
775 3045 2891 3299 Wie er ihn aber vor sich stehen sieht auf der
549 3180 3001 3462 Wiese, wo das Duell stattfindet, kommt ihm die Unsin-
556 3399 2844 3581 nigkeit seiner Existenz gewaltig zum Bewusstsein.
804 3490 3032 3738 Frühlingsmorgen. Plötzlich wieder sein Sportehr-
