3368 4200
801 571 2125 784 Warum hat sie mir's erzählt?
798 695 3052 991 Stolz ist sie, mit ihrer Tugend wird sie protzen
807 910 2314 1028 Ich werd' es zu entgelten haben.
801 1025 2940 1220 Der Teufel soll sie holen! Warum hat sie sich
574 1232 1496 1318 nicht entschlossen?
804 1355 3110 1467 Das nächste Mal wird sie ohneweiters ja sagen, da
632 1533 2687 1634 sie sieht, wie solche Dinge ausgehen können.
2288 1668 2868 1800 Possenmotiv!
815 1820 2932 1927 Ach Gott, möge sie doch bei meinem Hausknecht
580 2001 942 2110 liegen!
821 2142 2064 2237 Stünde nur der wieder auf.
824 2291 2992 2386 Frauen - wieviele! Aber ein Freund -? Und gar
655 2469 1327 2564 einen solchen.
827 2596 3038 2716 Nun, was soll ich tun? Ich muss nach Hause. Wie
606 2785 2331 2866 schön wäre alles, wenn er noch lebte.
836 2791 2886 3064 Ich rühre sie nicht mehr an, diese Mörderin.
