3528 4248
2603 418 2702 610 6
845 653 3075 789 ung gehabt, dass Adele dich so wenig verstanden
839 805 3075 933 hätte wie jedes andere Frauenz immer - was nicht
837 984 3083 1088 hindern wird, dass sie deinen Brief aufbewahren
842 1130 2979 1280 wird, wahrscheinlich mit den Andern zusammen
854 1246 3047 1407 und mit einem schwarzen Seidenband zusammenbin-
851 1424 3021 1557 den. Ich nehm’ auch an, dass sie ein paar Tage
842 1571 3033 1724 Halbtrauer tragen wird. Im übrigen, wenn schon
845 1744 2948 1871 gestorben sein muss - ich hätt' es doch noch
854 1899 3058 2021 korrekter gefunden, gar keinen Brief zu schrei-
854 2035 3047 2213 ben. Wozu einem Frauenz immer sowas in die Hand
851 2193 3047 2346 geben? Ach, ich vergesse immer, dass du sie
856 2360 3081 2510 für was Besonderes gehalten hast. Armer Burschi
854 2507 3115 2637 armer Bursch! Wer hätt' das heuer gealint im Som¬
854 2693 3021 2804 mer? Ich bin im Garten in der Allee neben dem
868 2798 3038 2965 Gitter mit Rose Nattern auf- und abgegangen...
870 2962 3140 3146 ja, damals hat es sich entschieden zwischen Rose
865 3143 3030 3276 und mir. Ich hätte mich aber nicht erschossen,
876 3310 3061 3437 wenn sie mich nicht erhört hätte. Und drin hat
870 3457 3103 3575 Ludwig gerade Klavier gespielt. Die Tür auf die
879 3584 2999 3759 Veranda war offen, man hat's so schön gehört
