3400 4152
755 565 2179 779 Als Tragikomödie zu überlegen.
755 682 2968 1045 Die Frau verweigert sich ihm, weiss selbst kaum
547 889 1598 1106 warum. Was ist Tugend?
785 954 2864 1213 Ihr Mann berühmter Teunisspieler, etwas Snob,
556 1158 3013 1485 Weibern nachlaufend. Grosse Sympathie für den Klavie:
1443 1363 1586 1464 Monsieur de
608 1443 1097 1537 virtuosen.
792 1418 3007 1672 Wie der sich umbringt, kommt er darauf, dass er
620 1623 2873 1892 doch kaum daran gedacht hat. Wut auf seine Frau.
