3512 4296
2828 482 2967 624 23
555 608 3082 826 Fried. Lieber Freund das wär doch ein niederträchtiger
542 770 3145 1047 Egoismus, wo ich weiss dass die englische Erziehung die
555 978 1084 1117 beste ist.
558 1100 2921 1262 Ein Beamter Bitte sind die Herren vielleicht er
558 1226 2673 1464 wandte von dem verstorbenen Herrn Eichenbaum.
552 1431 1249 1616 Friäfr. Warum?
568 1573 3115 1744 Beamter. Weil nämlich hein Auftrag wegen der Erhaltung
575 1731 1734 1870 des Grabes gegeben wurde
568 1840 3152 2045 Friedr. Ich werde das schon.. auch wegen des Grabsteins
565 2035 2220 2190 Beamter. Das ist nicht unsre Sache.
568 2174 3063 2313 Friedr. Also so schön wie möglich. Vielleicht Weiden.
578 2369 2683 2494 Ordnen Sie nur alles an. Ich heisse Welsberg.
568 2481 3224 2633 Mauer. Also komm. Was sagst Du übrigens zu Erna. Wie rei
581 2699 842 2821 zend.
585 2795 2058 2947 Friedr. Die sollst Du heiraten.
578 2970 2560 3115 Mauer. Ja ich hab auch schon dran gedacht.
588 3106 2749 3261 Friedr. Klug, eine feste Hand. Nur die Mutter.
581 3287 2313 3433 Mauer. Ah die käm mir nicht ins Haus
591 3383 3096 3591 Friedr. Also Chauffeur.-Sag wte lang ist es her, dass
585 3545 1335 3760 Du gewint hast?
