3480 4280
2790 435 2916 657 10
441 630 2760 882 Rose. Ich denk mir interessantmacheret, Komödie.
438 829 2919 995 Friedr. Komödte, was hätt das für einen Sinn Komödie
451 952 3012 1161 zu spielen, wenn er etne Stund nachher... ich denk nach
468 1174 2060 1324 ob nicht was in unserm Gespräch...
448 1247 2863 1463 Rose. Sag Friedrich, könnte man sich nicht treffen?
458 1516 2949 1616 Friedr. Ja morgen um vier wie, gewöhnlich im Paradtes.
451 1629 2913 1785 Rose. Fährst Du denn jetzt gleich hinaus nach Baden?
464 1805 1470 2007 Friedr. Ja natürlich.
458 1881 2840 2090 Rose. Und wenn Du zwet Stunden später hinausfahren
461 2120 945 2246 möchtest.
464 2282 1516 2379 Friedr Dass Du hier.
464 2402 2737 2525 Rose. Ach Du machst doch hier der Erna den Hof.
468 2525 2906 2694 Friedr. Schön wärs freilich. Ah Rose jung sein.. ich
488 2644 3142 2866 glaub wenn man wüsste wie glücklich man mit zwanzig ist.
491 2793 2996 3009 dass man wanzig ist, der Schlag würde einen treffen
481 3049 1151 3175 vor Seligkeit.
471 3082 2963 3337 Rose. Wir sind Jung Friedrich. Du und ich. Also ich
498 3361 1718 3483 fahr hin und erwarte Dich.
484 3371 3148 3633 Friedr. Und dieser Esel schlesst sich tot. Du hast keine
478 3623 2379 3875 Ahnung was für eine Wut ich auf ihn hab.
