3384 4216
519 512 829 690 I. Akt.
516 617 2940 819 Tenispartie. Ein junger Engländer, der Herr des Hau¬
577 764 2955 988 ses, Herr Dr. Winckler, seine hübsche Frau, der Kla-
580 902 2958 1132 viervirtuose, ein junges Mädchen, die Frau des Hau¬
552 1086 2602 1280 ses, Frau X., früher Geliebte des Hausherrn.
559 1234 2099 1436 Im Spiel. Frau W. Ich liebe dich.
552 1341 3023 1571 Klavierspieler zur Frau: Ich kann nicht weiterleben;
568 1559 1832 1743 sagen Sie mir ja oder nein.
574 1676 3035 1881 Frieberg und Graf Laudon. Weiber, weiber, das ist es!
586 1829 2995 2044 Frieberg findet, dass eigentlich jetzt erst das Le-
629 2035 1200 2216 ben anfängt.
589 2157 1768 2366 Selbstmord des Virtuosen.
