3512 4280
2696 516 2827 651 12
552 681 1322 950 den Triumpf—
542 779 3041 1118 Mauer. Detne S mpathte für den Mann hab ich nie ganz
569 983 2742 1249 verstanden. Er hat gut Klavier gespielt-schön,
562 1111 3143 1397 Friedr. Dieser ungeheuere Einblick in alle Seelen und
579 1289 3041 1535 Beziehungen. Dieses Wissen. Nebstbei hat er Klavier
592 1476 3166 1673 gespielt wie ein Gott. Aber was er für ein Mensch war..
579 1654 2117 1871 Mauer. Eichenbaum aus Tarnopol
592 1785 3021 1982 Friedr. Dir steckt noch immer der deutsch nationale
608 1887 3143 2166 Student: im Blut. Mein Lieber es ist schon eine Tage
611 2137 2265 2314 Wenn ich so an meinen Vater denke.
608 2216 3126 2525 Mauer. Und ich denke mit Wehmut an die Zett wo Du Dir
641 2390 3149 2627 vorgenommen hast hetne Kinder zu kriegen um die Rasse
638 2502 3166 2785 nicht fortzupflanzen. Natürlich w ist Di ein Narr ge-
651 2676 3166 2955 wesen, wenn Dus gehalten hättest.. so ein Bub... kommt
648 2919 1479 3120 er in den Ferten?
651 2946 3087 3268 Fridr. Nein, er bleibt heuer in England. Wir werden
674 3205 1989 3422 ihn wahrscheinlich besuchen.
661 3360 2009 3564 Mauer. Wie alt ist er jetzt?
681 3383 3189 3721 Friedr. 15. Im nächsten Jahr kommt er nach Cambridge.
681 3587 3330 3853 Mauer. Es ist schon ein Entschluss so ein einziger Sohn.
