3528 4280
452 543 3050 741 Friedrich. Die Interessieren mich nicht. Haben Sie ge -
469 707 2912 915 wusst Rose, dass Ei chenbaum in Amerika geboren ist.
452 891 2946 1069 Rose. Nein, ist mir vollkommen gleichgültig. Ich bin
462 972 3063 1213 Deinetwegen hergekommen. Acht Tage lang lässt Du nichts
479 1163 2688 1344 von Dir hören. Mein Gatte lacht mich sohen aus.
479 1340 3154 1528 Friedr. Du weisst doch, dass wir aufs Land gezogen sind.
469 1498 3046 1669 Du kannst Dir nacht vorstellen wie mich der Tor Eichen
496 1639 2979 1820 baum hergenommen hat. Also denken Sie gnädige Frau.
479 1776 3056 2028 Rose. Es hört uns ja niemand, und nebstbet wissens ja
499 2004 731 2145 alle
496 2068 3123 2265 Friedr. Man sitzt mit jemandem im Café, spielt eine Par
509 2208 3076 2426 toe Billard, er gewinnt hundert Havanna, dann geht man
503 2386 2929 2570 mit ihm spazieren in einer Frühlingsnacht durch den
506 2564 2017 2758 Stadtpark, redet über Spinoza...
513 2758 1434 2916 Rose...Wer ist das?
526 2815 2939 3087 Friedr. Ein Philosoph, Uiber Betthoven, über..über.
526 3016 3184 3221 ja meiner Seel über die Urzeugung, übe die Dolomt
546 3157 3143 3381 ten, am nächsten Tag schick ich ihm die Havannas ins Ho
546 3341 2966 3579 tel, eine Karte, er soll zu uns aufs Land kommen und
546 3472 3241 3696 der Diener teilt mir mit, Herr Eichenbaum h t sich in der
546 3603 2601 3877 Nacht erschossen. Ich frag nur was war das.
