3480 4296
2778 207 2943 502 14
544 508 2493 780 Mauer. Ich glaube, seit ich ein Kind war.
563 602 3111 890 Friedr. Und ich.. solltest Dus gla ben im Theater neu
589 767 3092 1042 lich bei der Waise von Lowood. Und heut nicht. Nicht
609 949 2901 1221 einmal traurig. Eher eine Wut. Wie kann man nur.
599 1000 3208 1431 Was hätt der noch für Wetber haben können. Begreifst Du
2548 1531 3095 1764 5/7 Os
