3512 4216
2493 385 2590 598 7
761 556 2917 798 Chopin war’s – und meine Frau ist auf der Ver-
763 752 2817 940 anda gestanden, das graue Seidentuch um die
766 920 2957 1114 Schultern, das ich ihr aus Venedig mitgebracht
815 1077 2943 1262 hab', und hat zugehört. Dann ist sie ins Zim-
772 1205 2968 1413 mer hinein, mit schwebenden Schritten, wie sie
829 1353 2985 1564 sicher geglaubt hat - und Rose, die liebe Nat-
786 1533 3077 1721 ter, hat mich gefragt: "Sind Sie nicht eifersüch-
786 1669 3042 1889 tig? Er ist ja um so viel jünger als Sie." Takt-
798 1892 2994 2023 volle Dame überhaupt... Was sie nun sagen wird,
786 1986 3000 2202 Madame Rose? Ja, dieser herrliche Jüngling hat
806 2131 2997 2353 sich umgebracht, weil meine Frau mir die Treue
806 2285 2980 2530 gewahrt hat.- Herrn Moritz Lawitzky sollte das
812 2447 3097 2684 passieren! Oh, er würde es in die Zeitung setzen
809 2601 3008 2849 lassen, damit’s nur Alle wissen... Aber es ist
818 2780 3008 2954 dafür gesorgt, dass Herrn Lawitzky dergleichen
820 2931 3051 3136 nicht passiert. Die leben noch Alle, die seiner
820 3062 3105 3293 Frau den Hof gemacht haben.... Ein blauer Streif
872 3222 3114 3433 am Himmel? Es wird heut am Ende noch schön. Was
835 3376 2946 3575 fang' ich nur an? Ich möchte mich auf irgend
852 3550 3082 3749 eine Art zerstreuen. Am liebsten wäre ich plötz-
