3352 4184
472 395 2892 608 I. Leben in der Villa. Liebesleidenschaft des Vir-
522 617 2722 753 tuosen. Verhältnis des Hausherrn zu einer Frau.
525 802 1704 901 Selbstmord des Vortuosen.
488 895 2960 1037 II. Geständnis der Frau. Aerger des Mannes. Wozu hat
531 1037 2879 1228 sie mir's gesagt? Er teilt es seiner Geliebten mit
540 1222 1991 1336 oder dem Mann seiner Geliebten.
503 1349 2981 1494 III. Er erwischt Einen, der aus dem Fenster kommt und
556 1503 2944 1648 erschiesst ihn. Seine Frau beklagt sich, man kann's
565 1707 1645 1805 ihm nicht recht machen.
