3512 4280
2732 459 2869 643 11
485 599 3019 827 Mauer. Entschuldtge, dass ich störe. Also nimmst Du
495 793 957 971 mich mit?
499 921 3086 1168 Friedr. Ich muss noch ins Bureau. Fahr Du voraus, grüss
509 1078 3006 1269 mir meine Frau ich bin spätestens um steben draussen.
499 1245 2909 1446 Rose. Auf Wiedersehn, u ten Tag meine Herrschaften.
495 1389 3023 1570 Mauer. Also schön wir Jahren zusammen ins Bureau, ich
516 1577 1145 1737 setz Dich ab.
509 1690 2393 1848 Erna. Adieu Herr Welsberg, also Sonntag.
516 1861 3177 2042 Friedr. Ich hab nämlich mit der Rose ein Rendezvous sie
532 2032 3217 2176 ist vorausgefahren. Wir fahren zusammen zum Schwarzenberg
522 2132 3050 2357 platz, da hab ich nur ein paar Minuten in unser soge
522 2330 1342 2524 nanntes Paradtes.
512 2511 840 2708 Mauer,
485 2628 2012 2788 Was soll ich Deiner Frau sagen?
529 2772 3076 2979 Friedr. Dass ich im Bureau zu tun hab. Uebrigens ko -
532 2929 3130 3120 mise h ich hätte wirklich im Bureau zu tun. Diese Glüh-
539 3096 3106 3314 lichter. Vorgestern hat sich Australten gemeldet. Die
529 3204 2189 3431 Sache ist glatt eine Million wert.
536 3391 3006 3572 Mauer. Gäbst D u ste her, wenn Du den Etchbaum damit
549 3548 1480 3759 aufmecken könntest?
546 3615 3046 3960 Friedr. Die Million ohne weiters. Ob auch den Erfolg,
