3448 4280
808 1028 2813 1158 Eine Frau liebt hoffnungslos einen Ehemann,
623 1189 2998 1316 bringt sich um. Vorwürfe, die sich der Gatte macht.
824 1354 2871 1462 Oder umgekehrt. Selbstmord eines Liebhabers.
830 1481 3008 1623 Der Ehemann: Warum nicht? Er fragt sich selbst,
650 1623 3001 1784 ob er das wert war. Er kommt darauf, wäre es nicht
657 1803 3101 1939 tausenumal besser gewesen, sie hätte sich ihm hinge-
616 2010 917 2122 geben?
858 2029 3113 2239 Seine Frau wird ihn schauerlich, todbringend. Er
623 2274 2001 2404 kann sie nicht mehr besitzen.
864 2422 2066 2549 Endlich wird er irrsinnig
873 2689 3023 2853 Der Ehemann liebt seine Gattin gar nicht mehr,
694 2850 3181 3017 hat Verhältnisse. Umso lacherlicher scheint ihm, dass
706 3057 1821 3166 sie sich umgebracht hat.
895 3231 1239 3333 Dialog?
904 3324 2131 3463 Vom Begräbnis heimkehrend?
