3416 4248
462 490 2212 743 auf das Unsinnige dieses Selbstmords.
718 633 3030 870 Er nimmt es seiner Frau immer mehr übel. Sie wird
2390 746 2599 846 geht
1725 777 2019 889 Allmihs
540 792 2820 1030 ihm unausstehlich. (Seine ganze Existenz) wird ihm
505 952 2898 1170 durch diesen Fall das Wesen seiner Existenz und das
549 1073 2908 1310 Wesen des ganzen Lebens rings um ihn auf. Er steht
521 1214 3033 1523 starr vor der Ueberschätzung der Geschlechtlichkeiten.
758 1404 3011 1626 Er wendet sich von seiner Frau immer mehr ab. Er
587 1513 3079 1816 beschliesst, eine grosse Reise allein zu machen. Sein
590 1694 3089 1962 Verhältnis zu Rose wird immer beiläufiger. Er hat die
608 1863 3014 2100 Empfindung, sich innerlich zu reinigen. Spaziergang
612 2103 1320 2290 im Spätherbst.-
796 2137 3092 2387 Brühler Gegend. Sieht seine eigene Villa im Früh-
587 2424 942 2596 schnee.
827 2484 3083 2708 Merkt zu seiner eigenen Verwunderung, dass seine
655 2605 3092 2861 Frau in Gesellschaft geht, die Sache innerlich nicht
621 2761 3051 3026 schwer nimmt, aber den Selbstmord des Virtuosen aus-
618 2980 2331 3207 nützt, um interessant zu erscheinen.
908 3073 3161 3329 : Irgend ein Artikel in einem Gesellschaftsblatt,
786 3295 1576 3494 Sport und Salon:
874 3404 3132 3644 Komischer Weise wird Frieberg mit diesem Artikel
