3512 4312
311 440 460 592 4n
2590 469 2690 722 3
414 644 2975 971 hätte ich diese Wahl natürlich nicht gehabt, aber das
411 835 2936 1098 war glücklicherweise nicht der Fall. Das einzige was
424 984 2781 1230 notwendig war um die Zustände annehmbar zu machen,
440 1140 2978 1402 war das meine Frau erfuhr, woran sie wäre, und dass es
437 1295 2839 1544 Ihr Gatte nicht erfuhr. da ich es nun einmal wusste,
447 1460 3001 1696 was hatte es für einen Sinn, dass meine Gattin zittern
466 1570 2956 1865 sollte., dass sie ihr Leben in ewiger Aufregung ver¬
473 1774 2969 1998 brächte; Ich sage es gibt weniger betrogene Ehemünner
486 1894 3066 2166 als die Liebhaber glauben, und Sie werden mir zugestehn
492 2072 2991 2295 es standen grössere Interessen auf dem Spiel, als die
482 2208 2891 2464 Wahrung eines eingebildeten Eigentums. Unser Werk,
508 2412 3111 2609 unsere Fabrik. / friedrich hat die Einfälle, ich habe
518 2619 1551 2800 das finanzielle Génie
508 2729 2143 3008 Gentz. Warum erzählen Sie mir das?
515 2823 2975 3085 Natter. Weil es mir unsumpathisch wäre von Ihnen für
576 2998 3182 3234 einen Dummkopf gehalten zu werden oder für einen gefäll
541 3254 1120 3419 gen Ehemann.
541 3273 3105 3539 Gentz. Und glauben Sie, dass das als was Sie mir jetzt
592 3532 2033 3710 erscheinen etwas besseres ist?
550 3584 3085 3917 Natter. Und Sie gnädige Frau, auch Sie haben es immer
