3328 3592
105 869 1332 1067 vigendwo unter hief, als mit glaubt
144 1019 1254 1169 man nie anders Fläusnissen zu
161 1120 1407 1284 hören. Die z. B. hah ich mülich
155 1228 1347 1436 de cette Act me Rufidt lehui
157 1419 1343 1564 sehr aufmerksam plesen, mit viel
150 1518 1174 1693 Germin / vielleicht auch für die /
171 1685 1267 1875 glaubt das notwendige organisten
129 1824 1273 2032 Stil hebt sie (in natürlich)
89 1952 1262 2120 Sie sind also hin mit geschlossen
107 2090 1353 2257 Au darüber hinreygegangen. (7.)
61 2213 1345 2379 A deur Mons. Adjunct peut été Id
118 2321 1243 2498 des Rückst.) dann nächstens.
42 2473 1254 2628 v/ glaub ich nach sich plötzlich prang
149 2566 450 2764 zu Hilf
583 2559 824 2792 Acting
970 2615 1203 2813 beyr.
