3448 3720
739 424 932 553 V. P.
500 927 1418 1050 werde ich nächstens auch nach
506 1029 1390 1141 Mendon zu ihm hin ausfahren.
520 1176 1393 1268 Wie heisst der Klein des „Aus
513 1276 1434 1435 Masser, wo die einen so schönen
493 1418 1463 1539 und traurigen Abend verbracht
503 1539 1513 1672 haben. Ich denke sehr oft dreon.
526 1685 1466 1789 Ich beschäftige mich mit Thun
495 1789 1364 1904 in Gedanken in einer sehr
481 1920 1444 2031 lebhaften sonderbaren Wiese
486 2077 1327 2183 Nie ist unter andern ein
520 2228 1523 2322 ganz incommentürables kleines
494 2358 1357 2476 Protesk Stück eingefallen,
490 2480 1532 2611 in welchem Sie und Paracllons
442 2627 1418 2721 (der rückliche, von dem ich ganz
1754 1010 2564 1126 außerordentliche Bücher hier.
1769 1130 2804 1264 übersetzt, auszugsweise, mit habe)
1732 1260 2686 1365 die Hauptfigurm sind. Es ist
1733 1404 2685 1522 ein Stoff des mich merkwürdig
1724 1518 2643 1644 anfragt. Wenn ich ist fertig
1715 1675 2660 1807 bringe, müssten mir es beim
1732 1820 2591 1946 Richard spiele. Ich spüre
1712 1972 2660 2096 dabei sehr stark, dass mir
1685 2145 2682 2266 an den Verkehr mit Theun
1733 2333 2642 2451 gar nichts unsrechtbar ist,
1706 2488 2672 2617 auch nicht die Klinische Sache,
1703 2617 2624 2735 mit der sich nicht in der
