2727 3688
1402 641 2208 793 Bad Aussee, 3. September 192
147 636 318 853 Not
346 801 763 999 Lieber Arthur,
758 840 2342 1057 Du kennst den Wunsch der neuen Hundschau, in dem Sonder¬
363 972 2322 1166 heft im November einige von Papas Briefen abzudrucken. Ich glaube, dass
368 1042 2367 1248 man sich dieser Absicht nicht ganz verschliessen soll, da wir sonst aus
385 1139 2320 1333 dem Nahlass sehr wenig für diesen Zweck Geeignetes zur Verfügung stel-
388 1231 2285 1435 len konnten und es uns daher lieb wäre, wenn der Raum, der mit Papas
403 1325 2272 1517 eigenen Sachen erfüllt ist, etwas grösser würde als das Geschreibe
679 1509 2359 1678 Die Briefe sind alle wunderschön, aber wie Du selbst gesehen
403 1517 671 1636 über ihn.
413 1574 2337 1808 haben wirst, doch sehr schwierig in ihrem ganzen Umfang zu veröffent-
1201 1633 1397 1691 au moins ou le dernier ou une autre
423 1693 2364 1895 lichen, sie sind zu intim im Ton, sprechen viel von Menschen und Zeit-
430 1750 2292 1987 dingen, was vielleicht jetzt noch etwas früher wäre, und ausserdem
443 1909 1636 2086 ohne Deine Gegenbriefe nicht sehr sinnvoll.
532 1914 2364 2138 Wir haben daher aus einigen Briefen Auszüge gemacht, die auf Papas
452 2024 2272 2248 Schaffen und seine Werke Beziehung haben, und sende Dir dieselben
455 2113 2392 2347 zur Einsichtnahme ein. Ich lasse aber noch einige aus späteren Jahren,
470 2205 2367 2417 die wir noch nicht ganz gesichtet haben, nachfolgen. Ich würde es für
475 2290 2357 2543 richtig finden, in diesem Heft, als Vorläufigstes, nur solche, glei
482 2402 2290 2616 sam biographisch erklärende Briefe aufzunehmen, denn alles andere
497 2501 1934 2727 bedürfte zu viel Commentares und wäre auch verfrüht.
577 2571 2407 2785 Falls es Dir in dieser Form geeignet scheint, lass es uns oder am
505 2650 2382 2914 Liebsten Dr. Kayser, der einen Durchschlag hat, wissen, ebenso auch
517 2735 2419 2976 falls Du im Einzelnen oder im Ganzen Einspruch erheben möchtest, was
520 2857 2322 3083 natürlich völlig Dir überlassen bleibt. Die Briege ganz und unge-
527 2929 2337 3167 kürzt zu nehmen erschiene mir heute noch nicht richtig, ich weiss
540 3071 1628 3232 natürlich nicht, wie Du darüber denkst.
830 3150 1780 3302 Mit innigen Grüssen von uns allen
1857 3085 2277 3307 Christian
