3440 3704
973 456 1089 546 P.S.
2087 439 2790 587 1 1 1/4 1 1 1 4 4 4 1 4 1/2 4 4 7 4 4 5 4 4 3 4 4 6 4 4 9 4 4
1317 998 2331 1109 ja auch zum ersten Mal in¬
1357 1089 2242 1210 meinem Lehn und wirklich
1316 1192 2301 1305 Dramatische Aufgabe, Schwer ist
1341 1327 2293 1429 ist die Masse drängs so ein
1340 1438 2293 1540 cellen seiten auf wie in
1323 1540 2360 1679 Ich schreibe den ersten Act in Prosa,
1336 1685 2166 1820 vorläufig, um mich zur
1298 1779 2428 1947 äußersten Deutlichkeit und Raellität
1308 1899 2348 2016 in der Exposition zu geringen.
1291 2037 2269 2130 Von zweiten Act an jetzt die
1336 2123 2259 2265 handlung reistend vorwärts
1324 2246 2284 2367 einer der inférenten Verzüge
1298 2332 1720 2470 dieses Stoffes.
1357 2457 2383 2580 Liben Sie wohl. Auf nicht bald.
1643 2591 2063 2716 den sorgen Ihr
2042 2652 2248 2787 Kego
