3412 3704
2031 418 2632 539 1 1/2 1/4 4/2 4 1
2642 421 3081 539 V. P. I. S. A. M.
1147 953 1254 1029 164
1768 939 2117 1054 führt 27 VII.
1228 1052 1778 1192 mein lieber Urtsur
1209 1218 2224 1364 es ist sehr angenehm, durch die
1229 1377 2159 1498 kleine Dora, welche wirklich
1203 1512 2326 1616 ein überaus wieder und angenehmst
1222 1659 2176 1806 Geschöpf ist, von Zeit zu Zeit
1213 1830 2116 1949 in Wort über die zu hören.
1241 2023 2323 2174 Die Tage in Sagburg mit Richard
1251 2202 2278 2303 worin uns doppelt wohlthünd,
1225 2332 2242 2451 da ich gerade im Verkehr mit
1196 2481 2076 2616 ihren immer das Gefühl zu
1200 2639 2353 2770 seltenen Zusammenseins, ungestellten
