2774 3688
1365 607 1497 716 -5 -
786 672 2497 851 Ihnen kann ich nicht anders nennen als königlich, heldenhaft
802 832 2541 921 sich bewegend in einer innerlich errungenen Freiheit. Ich kenne
786 925 2567 1030 weder in Wien, noch in Berlin oder Paris solche Frauen- obgleich
795 986 2541 1132 ich längere Zeit, oft mehrere Jahre in diesen Städten verbracht
795 1090 2616 1200 habe. Die Männer sind zum Teil noch auf einer niedrigeren Stufe -
795 1179 2662 1272 das mag wohl immer und überall sein. Das blosse Gefühl und die Zart-
795 1279 2604 1381 heit erfassen schneller als die Kraft und die Abgeschlossenheit:
795 1335 2620 1476 Aber auch hier: Es ist ein Noch-nicht, keineswegs ein Nicht-mehr,
800 1442 2467 1565 könnte ich Ihnen doch sagen, wie deutlich das fühlbar ist!
802 1514 2504 1630 Noch etwas: hinter uns, hinter der oesterreichisch
802 1597 2558 1730 ungarischen Armee steht etwas. Ist es verborgen? Warum fühlen
804 1693 2527 1809 wir es nicht 2 Hat es die Presse mit ihrer internationalen Ge-
804 1786 2560 1904 meinheit und Niedrigkeit verdeckt, in Schmutz verdeckt 7. Muss
858 1888 2602 1988 an ein erzuzielles Arnseblatt in die Hand nehmen, um eine Minute
804 1953 2567 2090 lang zu fühlen: “Oesterreich“! muss ich an Mozart denken, an
802 2037 2592 2151 den Prinzen Eugen, an Erzherzog Karls Selbstbiographie 7 Geht es
814 2146 2616 2244 nicht leichter? Und mein Schuhputzer - : der kann es nicht füh-
807 2223 2578 2341 len, weil er Mozart, den Prinzen Eugen und Erzherzog Karl nicht
2353 2297 2444 2406 V.V.
2002 2297 2320 2392 ja armselige
1237 2323 1490 2411 Grund auf F
807 2330 1190 2444 kennt?
818 2388 2551 2499 Wie könnte ich nun erfahren, was jetzt in Oesterreich
823 2476 2497 2592 vorgeht? Ich bin ja ganz und gar abgeschlossen - was nutzt
825 2553 2634 2697 alle zwei Wochen einmal, ein Brief von Freundes Hand. Wird etwas,
2076 2655 2455 2757 ist nicht das
832 2681 1967 2778 geschieht etwas!
835 2755 2578 2855 Als ich Oesterreich verliess, war vielleicht Begeiste-
818 2830 2546 2955 rung. Ob in Oesterreich, das weiss ich nicht. Aber in unserer
814 2902 2597 3050 Freiwilligen schule. Als sich zehn ins Feld selten sollten, mel-
