3407 3704
2238 369 2725 503 1 7/4 1 7/1 1 4/4. 1
1020 802 2238 972 Tag an Düngsschiff und ich denke,
1060 948 2148 1100 mir, wie schön und gut ist ist,
1072 1087 2193 1227 was für im großes Glück, dass
1045 1204 2284 1353 ich Menschen wie Sie so früh hab
1060 1351 2013 1490 finden und behalten dürfen.
1029 1493 2315 1634 Ich war bei den Thürmen, von den
1053 1612 2337 1745 Sie mir nun geschinkte haben, denn
1012 1735 2272 1875 in flornig, worüber mehr als viel
1062 1865 2213 2003 zu erzählen ist und sitze nun
1032 2003 2358 2152 seit 14 Tagen hier so fieberhaft
1022 2143 2335 2295 fleißig zur alss manchmal und
1053 2287 2279 2428 leider so selte sie kann. Ehre
1055 2426 2370 2578 den 10ten bin ich in Wien, höre von Berlin,
1052 2543 2362 2707 jör endlich den „Rakadu“, lese wohl
1083 2663 2368 2825 eine rempianische Comödie vor, erzähl¬
1087 2810 2287 2929 von d'Aumzis, und sage wir
