3723 3640
1926 1060 2052 1151 18 rt
1259 1075 2035 1262 liche, den 23. Inhalt Ihres großen
1308 1207 2071 1387 Briefes werde ich mit V. T.
1292 1341 2026 1475 hinaus durchsprechen und
1268 1445 2099 1585 sein Energie wird et gewiss
1331 1530 2028 1664 geliegen, Ordnung in die
1314 1641 2169 1779 Nacht zu bringen. Jetzt etwas
1278 1772 2075 1889 Andern. bitte schreiben die mir
1314 1873 2071 1994 gleich, ob Ihr Plan, erste
1300 1964 2100 2098 Tage September Saflammerzeit
1305 2026 2204 2199 feht Nicht. Gertz bringt 25 III.
1297 2160 2196 2281 die Kinde nach Rodain zurück
1287 2253 2106 2386 und wir sehr erfreut, mit
1341 2330 2183 2481 Thein und Rg. etwa den 2 ten
1332 2464 2191 2595 3te Sytunk nach Zahl zu fahren.
1920 2521 2201 2616 Ihr zu
