2771 3576
1400 539 2234 690 Rodaun, den 16. November 1907.
548 806 1098 941 Mein lieber Arthur!
1094 847 2366 1012 Ich danke Ihnen herzlich für den lieben Gedan-
548 991 2323 1110 ken, Papa einzuladen. Bitte, tun Sie es. Er wohnt I.Himmelpfort-
553 1062 2371 1188 gasse 17. Er wird erst zum Nachtmahl kommen und wir sind dann also
560 1172 2277 1274 vorher ja doch allein, umsomehr als ich Sie durch diese Zeilen
566 1229 2329 1347 vielmals bitte, mir zu erlauben, dass ich für meine Person schon
566 1325 2371 1459 um ½6 kommen darf, um Ihnen das Vorhandene von meinem Stück vorzu-
560 1420 2323 1535 lesen. Ich stehe dieser Sache so unbeschreiblich ratlos und vor-
557 1514 2334 1624 worren gegenüber und weiss, dass Sie mir helfen können. Also er¬
569 1578 2405 1738 lauben Sie mir das. Es bedarf weiter keiner Antwort, und ich komme.
1238 1701 1608 1818 Herzlich Ihr
1574 1738 1932 1966 Unger.
1599 1957 1743 2090 &c
564 2060 2302 2213 P.S. S. wäre mir bei so schlechter eigener Verfassung eine Qual.
