3406 3703
799 424 2743 622 daß wir uns das begegnen würden, ist ist aber luder nicht
1564 562 2803 739 Mit dem Haus und den Leben hier bei
791 586 1314 729 des Fall gewesen.
809 723 2803 882 ich sehr zufrieden, ich will aber nicht viel darüber sagen,
828 859 2897 1054 sondern, freue mich darauf, es thun zu gingen. Jetzt
791 1031 2873 1158 wüßte ich schon gerne, wo ich mir vorstellen soll, dass Sie
1359 1192 2748 1330 Ich will nun möglichst bald anfangen
786 1200 981 1309 hier
773 1322 2868 1499 des große Figurmache und tragische Stück zu schreiben, dessen
809 1481 2355 1668 Woff wir zu Brosning überliefert ist.
835 1655 2704 1824 Von Menschen sche ich Bahr, der öfter früherkommt, und
846 1751 2444 1967 erwarte müssend Andräu für einige Tage.
1369 1905 2756 2142 Es kann mich sehr auf einen Brief von Ihm
2189 2168 2631 2340 Von Sorge 1/2
2530 2246 2743 2509 Fuger
