3434 3703
1743 424 2491 547 1 1 4 1 1 1, 4 1, 1, 2, 4, 4 Uhr, 1 Uhr
967 877 1085 998 153
1548 890 1980 1003 Als. tuxe 31.VII
1057 998 1587 1142 mein lieber Arthur
1045 1141 1958 1270 denken Sie doch was, und
1069 1267 2001 1412 ein eines Stück von Ihren
1052 1395 2096 1583 für eine Freude ist, dem Richard
1059 1597 2027 1750 und uns. Ich war so froh,
1067 1753 2151 1900 daß Sie mir über Ihre Arbeit
1080 1917 2000 2054 mit über ein Besserung
1092 2094 1980 2250 in Richard Stimmung
1128 2258 2077 2428 Schreiben. Ich lebe jetzt
1110 2434 2052 2566 sion nei gedenkenlose
1122 2574 2078 2694 Leben mit lennysend
