3448 3720
226 413 669 521 'V-V. ''V. -: -: " -:
1730 427 1988 534 1 14 1
497 951 1480 1073 wenn er etwa in die Vorstellung
551 1090 1393 1208 gehen und darüber schreiben.
523 1255 1476 1376 würde, aber natürlich absolut
518 1395 1298 1508 mir, wenn er Luft hat.
538 1543 1394 1688 Ich hoffe bald mein Brief
506 1710 1427 1831 von Thun, sehr Maeterlinck
504 1833 1559 1998 sehr viel mir überaus erfreulichn.
515 1971 1376 2093 Menschen, auch andere Leute
519 2097 1516 2232 Frauen, Worten, Schauszielerinnen,
502 2242 1358 2354 sicht mit schluft Münschen
480 2356 1509 2470 asbrité sehr viel, finde endlich,
509 2465 1438 2592 Dies der Tag 24 Stunden hat
485 2577 1412 2695 und bin nie schläfrig. Von
611 2663 1275 2779 Herzni Thi  Sigr.
