3412 3704
636 403 1060 546 ̃'̃:̃
602 888 1581 1052 Huegers habe. Gerade an den
625 1073 1657 1205 tag, in ihr Eure füßreiss antretet,
600 1208 1512 1336 dürfte ich zur Waffenübung
596 1363 1496 1500 einrücken. Nachher wird ich
592 1525 1690 1663 nur die Mittel September wahrscheinlich
598 1656 1318 1793 an die Gardasse gehen,
572 1820 1616 1942 Nun aber die nächsten Tage, etwa
617 1958 1553 2088 Wm letzte July an bin ich
593 2107 1579 2260 inahlung, im oepereich hof.
570 2259 1578 2396 Auch meine Eltern werden zur
592 2431 1460 2548 selben Zeit das sein und
583 2575 1584 2683 einen Theil die Zus auch die
1827 908 2490 1060 Gertz mit ihrer Mutter.
1793 1078 2823 1217 hier scheint mir, indem ich schreibe,
1804 1214 2643 1326 in die Nichterwähne im
1811 1336 2884 1454 bestehenden Situation zum ersten Mal
1824 1496 2790 1616 eine wirkliche Unwahrheit zu
1830 1623 2673 1757 liege, und so will ich
1796 1806 2843 1935 dem, wie wir einiger Tage den
1826 1990 2730 2126 Richard, auch Ihm gern
1815 2157 2705 2297 sagees, dass ich die Gertz
1786 2344 2719 2466 in Lauf des nächsten Frühjahrs
1782 2475 2810 2631 heirathen werde. Ich bitte Sie,
1786 2600 2792 2723 davon zu niemanden als der
