3444 3688
1041 832 2033 958 141 Berlin Kindros, Behrenstraße
915 905 1014 987 us
1780 927 2086 1080 23/3 1/5
995 1025 1624 1175 Mein guter lieber Arthur
1023 1143 1977 1292 Könnten Sie nicht hierher kommen?
1049 1322 2027 1474 wir könnte sehr viel kisannen.
1048 1471 2043 1643 sind und auch sonst sichs man
1105 1664 2094 1809 viele erachte und leibenwürdige
1086 1836 2007 1989 Menschen und es wäre zum doch
1096 2041 1954 2204 lleichter, sich in büsstl in die
1212 2229 2103 2390 1 zu bringen, als in Wien, wir
1105 2432 2192 2658 die Erinnerung thun bei jeden Spit
