3453 3656
823 789 954 945 117
1108 813 2343 1092 lieber Arthur! W. S.
866 1060 2148 1324 ich hatt Sie so gern gesehen.
766 1231 2392 1453 Ich hat schrecklich einig. Zeit wegen
823 1414 2374 1656 der Prüfung. Morgen Donnerstag abend
858 1616 2227 1830 werd ich bestimmt um ¾ M in
719 1769 2366 2072 2) Arkendemafs sein, ich hoff Sie sind
876 2005 2445 2241 dort. Über die Princien ist unterlich
909 2233 1879 2449 nur mündlich zu reden.
890 2394 2192 2592 Es ist nur ein bessel zuwider, dass
884 2561 2410 2767 die Wie Zeitungen zur keine Tilyren¬
907 2724 2256 2967 haben. Schiff wird zudem nicht
