3328 3592
710 708 2148 950 welche Tag vor ist, nach die première
760 855 2145 1100 „Sie præmße und Thun, Hans
773 1084 1975 1243 und und finden (suche niemand,
757 1209 2130 1402 allenfalls die früher Thun, um sie die
1551 1383 2089 1571 l maijte ici
762 1401 1483 1594 h) essen will.
757 1544 1975 1739 eine große freude mathen, ich hoffe
776 1740 2086 1901 es geht zusammen. Rillniss verabrede.
775 1882 2073 2071 Sie sich mit ihm zum herausfahren.
805 2084 1719 2234 das einst zu erleichtern.
780 2216 2102 2375 Ein baldiges anders Mal dann hoff
823 2350 2154 2513 ich sehr, die kamen nachmittag und
841 2510 2012 2658 ahinds gemittig mit Olge. Ich
834 2647 1959 2846 dürfte wegen Arbeit nicht vor.
828 2828 2095 2984 première (Ama sie nicht nach Wie
1823 2926 2018 3071 beyrt.
918 2912 1712 3107 Kann. Mr. Sirg
