8762 3433
1682 228 1946 558 P.S.P.
936 370 1298 556 G.C.F.P.
1952 706 2664 956 272 aLacking Street 1?
1560 1050 2904 1238 man left by me. Momenton but
1606 1218 2816 1408 weiter Gertz und ich nicht nicht wohl,
1624 1338 2836 1532 Können nicht in die Stadt. Ich selbst
1582 1504 2748 1672 töst Aus, welcheicht als, wiesen stuß.
1572 1632 2866 1818 Rann nicht siegen, nicht stehen, nciht
1476 1762 1666 1862 G.C.F.P
1554 1786 2902 1952 schauen. Meinsche nur sehr Schillschaff.
1552 1932 2824 2120 Sie doch einmal in Lehn mit (sein
1584 2120 2956 2342 Unterschied von dem 4.4.45 Blimreichgeung,
1530 2334 2780 2480 Sich jetzt so hübsch zu Ihnen und
1560 2426 2696 2728 Nicht mit der mir, also
5276 768 6500 1140 towent immee yu, oit demitoy
5284 1068 6306 1296 Dr Serenutis; als sie.
5284 1242 6464 1462 nt zum Verschrittag ist zum
5238 1370 6180 1566 Nachtwehl etc. alles zugleich.
5362 1572 6576 1824 Degeschickt sei gleich Eure Wert Unterne
5360 1808 6600 1996 (aus unvergleichlicher und ergebenste die
6186 1952 6372 2094 Pr.
