2721 3623
1856 567 2319 703 Hallbusggard
1689 578 1817 684 I
289 679 2017 848 Lieber Arthur, darf ich Sie heute um einen Rat fragen in einer
302 770 2277 929 geschäftlichen Angelegenheit: Die Zentralstelle der Bühnenautoren und
312 856 2155 1041 Verleger reclamiert eine 3% tige Tantiemenabgabe aus Eingängen aus
950 1007 1080 1088 G.C.P.
310 986 934 1114 Oestrreich und C.S.R.
318 1064 2059 1218 Ich weiss dass auch Hugo dies tat wenn es sich um ein Werk wie
2077 1023 2197 1158 P.
318 1145 2311 1273 Jedermann gehandelt hat welches er für Oesterreich selbst zum Vertrieb.
263 1223 2353 1356 hatte und ich weiss auch dass er voriges Jahr im Mai für die Aufführungen
315 1332 2280 1447 in Salzburg dem Verein 120 S. anwies (was unter uns gesagt keine 3%
320 1395 2314 1582 der Einnahmen war) Da die heurigen Einnabmen doch eine ziemliche Höhe.
318 1528 2324 1642 hatten und auch die Josefstadt den Schwierigen direct mit mir abrechnete
328 1616 1856 1744 so wären 3% ehrlich abgerechnet doch ganz viel.
1192 1697 1562 1751 lʼa avit eu une autre rivié
325 1707 2210 1848 Nun habe ich bei Fischer nachgesehen und gesehen dass er in Deutsch-
328 1801 2241 1915 land immer 2 % bei den Abrechnenungen abzieht. Warum also 3% hier?
518 1850 2077 2027 ob Sie glauben dass ich nach unten abrunden kann in der
453 1988 2238 2087 schnung, oder ob der Verein das Recht hat nachzuforschen wie viel
333 2048 2301 2199 tatsächlich die Einnämen waren. Ich verstehe ja gar nicht die Rechte,
336 2165 2353 2295 die dieser Verein hat, und welche Vorteile man wiederum hat wenn man ihm
331 2272 2236 2426 angehört- aber vielleicht muss das eben sein, sonst würde Fischer ja
328 2358 1736 2475 auch nicht die Percente gleich automatisch zahlen.
328 2420 1707 2563 Also meine Frage : muss ich ehrlich sein?
338 2540 971 2670 2/ ist 3% berechtigt?
344 2530 2225 2738 Ich schreibe dies, weil mein Telephon so schnell abschnappt. Aber wenn
344 2688 2152 2839 Sie so lieb sind mich anzurufen und mir die Antwort sagen R 23757,
362 2824 1889 2946 (am besten zwischen +10 - 11) so wäre ich sehr dankbar
1184 2891 1483 3035 Herzlichst
1192 3139 1681 3290 an die Elternwohn-
528 3206 1169 3344 hier vorfinden, die Sie
