3440 3704
685 950 1685 1075 ein besonders schön Überraschug,
693 1053 1714 1163 dass ich die so bald wiedersehen werde.
681 1169 1507 1287 Das habe ich mir nicht gehofft.
666 1288 1749 1411 Da werden wir zusammen radfahren.
682 1408 1694 1544 Es ist wirklich so was schöne
712 1529 1730 1629 des Redfahren. Ich fahre immer
712 1639 1637 1767 gegen Abend mit meiner Frau
730 1759 1612 1868 oder allein. Wie schon sind
705 1875 1679 1981 diese niderösterreichischen Dörfer,
691 1984 1575 2095 die dunklen Laubmassen auf
705 2113 1593 2220 den fügeln, der Närke grüns
743 2220 1687 2331 Kühle Geruch und schattigen
696 2337 1749 2448 Abhanges, die meisten Straßen
692 2459 1764 2564 sügelen und - ab, die bäurischen
732 2579 1722 2681 kleinen Gärten. Alles nicht
728 2688 1656 2787 so eigen, atfind immer sein
2840 436 2948 556 7
1894 955 2869 1080 Wesen entgegen, jede Stunde hat
1941 1078 2854 1196 ihren besonderen Genuh; ein
1945 1167 2934 1315 schon ist es des alles zu fühlen.
1914 1343 2915 1469 Ich habe von hier immer in
1949 1465 2894 1578 Stück begauf, aber dann
1942 1586 2822 1699 so schöne Wege; gegen die
1930 1693 2836 1805 Missbahn hin, Tullensbach
1903 1826 2797 1944 Prechsbaum, oder über die
1953 1949 3005 2096 Sitz nach der Heiligenkreuzeschichte.
1933 2157 2874 2292 den Vormittag, ohne Ausnahme,
1949 2296 2909 2402 arhüte ich an meinem großen
1961 2406 2735 2502 Stück mit sehr viel
1930 2511 2990 2649 Zurückhaltung und Überlegung
1922 2641 2962 2778 Ganz anders als sonst. Es ist
