3328 3592
1362 586 1992 823 Redam Moute
1696 764 2077 858 23 7 8 a C
1112 740 1279 851 188
761 799 1883 1012 lieber, ich möchte wenig wegen
726 960 2013 1128 unschrägliche Kälte im ernsteigteren
752 1117 2011 1260 Zimmer aufgeben. Ich bringe mit
721 1277 2041 1400 I amd II. Set définites forty (heid
731 1452 2024 1603 up lang) in III and P.
735 1625 2126 1784 welche jede sehr kurz worden müsse.
747 1805 2041 1949 bedeutende Theil Uhr ausgeführt;
717 1980 2095 2136 Der Rep kennte ich hoffen, sie in
807 2173 1698 2334 3 Wochen zu machen.
766 2313 2050 2491 Hiligendes in Hauptmann litt
738 2477 1959 2665 ich Sie um zu adressieren,
1823 2682 2096 2857 reiffer.
781 2665 1793 2876 Fallst Sie in besser Adresse
710 2864 2055 3068 Ich bitte ihn darin mir zu sagen,
