2727 3688
713 578 1286 706 cheint avec
339 627 692 852 Tho
1351 761 2187 884 Bad Aussee, am 5. August 1929
1458 852 1864 1019 Obertressen 6
390 1028 810 1130 Lieber Arthur,
780 1100 2187 1274 Mama verarlasst mich, Ihnen für Ihren lieben Brief
406 1216 1683 1367 zu danken, da ihr schreiben noch schwer fällt.
550 1330 2203 1430 Wir wären Ihnen für baldigste Uebersendung der Briefe sowohl
406 1432 2208 1553 an Sie als an Gustav Schwarzkopf und wenn Sie können auch der un-
406 1497 2217 1623 veröffentlichten Gedichte an diesen, sehr dankbar, wir würden mög-
404 1611 2143 1708 lichst schnell 2 Abschriften davon herstellen und Sie bekommen
416 1678 2187 1792 die Originale und eine Copie wieder zurück. Es ist uns doch sehr
411 1771 2194 1889 wihtig, das ganze vorhandene Material überschauen zu können, be-
420 1871 2282 1971 züglich einer Veröffentlichung würde natürlich nichts geschehen ohne
406 1952 1312 2098 Ihre ausdrückliche Einwilligung.
859 2061 1750 2180 Wir gehen sehr achtsam damit um.
870 2149 2003 2289 Mit herzlichstem Dank und vielen Grüssen
1467 2235 1857 2456 Christine
