3041 3608
247 856 1402 996 langen, sobald nur erst die Be¬
254 954 1495 1105 setzung der Rolle der "Mizi Schla¬
258 1056 1471 1174 ger feststeht. Und hier ist der
275 1135 1483 1258 Punkt, wo ich Ihre gütige Inter¬
250 1206 1441 1344 vention in Anspruch nehmen will.
436 1284 1428 1423 für dies Rolle war nämlich
241 1373 1437 1520 ursprünglich ein Frl. Thekte Braun
241 1465 1444 1610 in Aussicht genommen die erst
231 1542 1434 1689 seit Beginn dieser Saison dem
275 1633 1381 1794 Volkotheater angehört. Frl.
249 1738 1510 1886 Braun war früher beim Opern.
223 1830 1370 1982 baltet, dann zwei Jahre in
249 1915 1476 2059 Graz als Schausbielerin - und
247 2016 1473 2161 hier eben sah sie Dir. Weisse
254 2098 1513 2251 in der Rolle der "Schlager Mizi"
233 2196 1479 2337 u. engagierte sie vom Fleck
242 2292 1513 2440 weg fürs deutsche Volkstheater
257 2376 1410 2531 der versicherte sie, daß er
236 2476 1502 2634 die Liebelei fürs Volkstheiter
1633 851 2891 1027 mit Hilfe des Autors – der Stück
1594 975 2888 1130 gehörte dem Burgtheater - Freima,
1597 1076 2841 1214 chen werde, denn er könne des
1600 1160 2815 1289 Rück speziell in der Rolle
1584 1248 2850 1395 der Schlager besser besetzen als
1625 1337 2783 1492 Dir. Schlenther u. dgl. m. da
1615 1433 2857 1586 Frl. Braun, die ich seit 10 Jah¬
1618 1531 2821 1657 ren kenne — sie war damals
1612 1633 2847 1786 ein 15jähriger Backfisch u. kam
1594 1731 2852 1873 in die Tanzstunden zu Hassreiter
1584 1810 2881 1974 die ich alter Esel besuchte — auf
1628 1933 2871 2074 meinen Rat des Engagement
1642 2016 2888 2174 am Volkstheater angenommen hat;
1642 2117 2825 2243 otwohl sie verlockendere An¬
1636 2219 2773 2355 träge andere Mr Bühner
1609 2300 2860 2456 beseß, so bin ein bisschen en¬
1615 2414 2883 2565 gagiert in dieser Sache u. möch¬
1636 2495 2871 2666 te ich sie nun in ihrer Leidensbahn
