3407 3704
2681 439 3152 542 V. F. P. v. A. M.
1040 869 1288 1039 135/12.X
1558 911 2189 1021 Gießbüblesstraße 2
1322 921 1429 1009 9
1096 995 1663 1135 mein lieber Arthur
1116 1135 2123 1284 ich bin überaus froh, dass es in
1123 1261 2211 1383 Berlin so absolut gut gegangen.
1164 1387 2255 1533 ist, dem ich habe für den zweiten
1135 1526 2097 1642 und dritten Act große Angst
1146 1695 2236 1815 gehabt. Mein venizianischs
1158 1809 2182 1953 halb - einstes Stück ist nahezu
1192 1976 2144 2129 fertig. Ich bin nun noch
1198 2154 2208 2303 für 5 - 6 Tage hier, weil es
1230 2364 2239 2481 so wunderschön ist, zwischen
