3088 3607
1831 486 2302 611 Rodaun d 31 X 08
603 565 736 695 196
522 682 1069 822 Mein lieber Arthur,
805 736 2536 909 wegen des Schreibers danke ich sehr aber ich möchte lieber ein
530 825 2582 1001 Frauenzimmer von weiblichem Geschlecht. Um mir das nachzutragen, dürften
537 952 1650 1100 Sie nicht der berüchtigte Frotiker sein!
565 1013 2516 1164 Was den "Morgen betrifft, so hänge ich mit diesem schönen Unternehmen
540 1148 2478 1243 ausschliesslich nur mehr durch einen Process zusammen, werde aber gern
545 1230 2330 1355 das nächste Mal bei Ihnen die Gedichte von Winterstein anschauen,
550 1301 2549 1426 vielleicht kann man sie an Blei für seine Zeitschrift schicken oder sonst
542 1385 2447 1512 wo hin. Drittens bitte ich Sie recht herzlich den eingelegten Brief
550 1487 2452 1599 mir zuliebe durchzusehen und wenn Sie keinen Grund dagegen haben dem-
545 1581 2409 1714 gemäss dieses Fräulein Braun vom Volkstheater, das sich auch schon
547 1645 2439 1800 direct an Sie gewandt hat, bei sich zu empfangen. Denn ich sage mir
537 1711 2534 1861 dass es einem so anständigen Menschen wie Dr. Camillo Müller, der mich
1062 1866 2462 1963 berflächlich kennt, gewiss schwer gefallen ist so
545 1849 749 1976 ausser
550 1938 2526 2047 ausführlich deswegen an mich zu schreiben und vielleicht hängt für die
547 2014 2572 2139 arme Person wirklich unberechenbar viel daran, dass man ihr hilft. Und es
560 2106 2472 2231 ist ja sehr möglich, dass sich Herr Weisse hier wieder einmal wie ein
547 2180 1502 2309 Schwein gegen jemanden benimmtete.
560 2231 2457 2396 Ich wurschtle mich weiter gegen das Ende meines vierten Aktes und bin
1184 2360 1594 2500 von Herzen Ihr
1586 2424 1739 2554 Hugo
555 2567 1288 2730 Gruss von der Schreiberin.
