3723 3640
712 939 1685 1085 ich hie alß mich Maffereischug
660 1076 1477 1190 beprit, d.h. sie ist auf die
636 1183 1579 1315 Nochmals versch oben, er sie mich
664 1315 1617 1441 nicht sehr - geniert. Es Treffers
654 1430 1646 1560 wir uns öffentlich. Oder?  Spfl,
648 1590 1637 1694 ich mein. der Flick Iphl selbst,
673 1736 1592 1860 und in vielleicht dadurch
660 1881 1699 2013 unmöglich, daß mein Ähnigermutter
636 2029 1639 2155 sigest. Da käme ich innteilt
630 2193 1620 2308 A. d. Stolfjanssse, jedenfalls
614 2319 1605 2452 rechne ich auf Zusammsein
619 2464 1630 2571 S. J. für die Fall, dass sie die Mutter
671 2560 1724 2746 nicht mithaben. Von Tage ihr zuge¬
