3453 3656
477 863 1365 1038 für mich aus Grünsten
442 1033 1334 1183 die ich nicht alle aufzählen
485 1213 1343 1383 will, fast nicht anders
443 1443 1485 1582 möglich als dieses wir unsere
425 1629 1401 1807 Gewiesserte führt zwischen
424 1833 1518 1997 den 9ten und a 18ten August
420 2041 1460 2198 magte. Ich nicht, daß Sie
406 2255 1523 2406 ein zwar Tage früher möchte.
432 2491 1501 2670 Aber bit geben Sie mir diesmal
1661 906 2687 1081 noch 1 selbst wenn Sie etwas
1672 1101 2566 1264 andere um 2-3 Tage
1671 1252 2552 1423 hinaust hiebei müssten. Ich
1694 1454 2704 1598 meine sein Könntus nur den
1654 1636 2770 1821 am 9ten früh in Smitruck
1689 1838 2527 1982 (1) Luffe und dem
1682 2032 2627 2181 den Weg fahren, den Sie
1721 2217 2698 2352 sollen – wußel etc. – und
2460 2426 2685 2559 des
1700 2424 2431 2585 ich möchte sehr gern,
1678 2580 2755 2727 es in der Gegend von Mäldig.
