<?xml version="1.0" encoding="UTF-8" standalone="yes"?>
<PcGts xmlns="http://schema.primaresearch.org/PAGE/gts/pagecontent/2013-07-15" xmlns:xsi="http://www.w3.org/2001/XMLSchema-instance" xsi:schemaLocation="http://schema.primaresearch.org/PAGE/gts/pagecontent/2013-07-15 http://schema.primaresearch.org/PAGE/gts/pagecontent/2013-07-15/pagecontent.xsd">
    <Metadata>
        <Creator>prov=READ-COOP:name=TrHtr:version=2.1.0:model_id=51170:date=24_07_2023_21:05</Creator>
        <Created>2023-05-01T21:58:44.792+02:00</Created>
        <LastChange>2023-07-24T21:05:51.677+02:00</LastChange>
        <TranskribusMetadata docId="1416439" pageId="54947679" pageNr="305" tsid="130572175" status="IN_PROGRESS" userId="64420" imgUrl="https://files.transkribus.eu/Get?id=CBXUNAXVSHTNLSQFWBSOXPVF&amp;fileType=view" xmlUrl="https://files.transkribus.eu/Get?id=KASGNVLFKEYICEBYUSJZHBQS" imageId="44451748"/>
    </Metadata>
    <Page imageFilename="1416439_0305.jpg" imageWidth="2774" imageHeight="3688">
        <ReadingOrder>
            <OrderedGroup id="ro_1711831366238" caption="Regions reading order">
                <RegionRefIndexed index="0" regionRef="tr_1"/>
            </OrderedGroup>
        </ReadingOrder>
        <TextRegion id="tr_1" custom="readingOrder {index:0;}">
            <Coords points="832,591 2518,591 2518,2238 832,2238"/>
            <TextLine id="tr_1_tl_1" custom="readingOrder {index:0;}">
                <Coords points="1467,665 1486,667 1507,679 1517,673 1532,686 1547,677 1568,688 1595,683 1593,562 1570,568 1561,560 1540,564 1530,554 1519,558 1513,552 1492,562 1465,560"/>
                <Baseline points="1479,644 1524,641 1569,641 1599,647"/>
                <TextEquiv>
                    <Unicode>7.</Unicode>
                </TextEquiv>
            </TextLine>
            <TextLine id="tr_1_tl_2" custom="readingOrder {index:1;}">
                <Coords points="830,800 1476,775 1766,832 2075,782 2161,838 2322,790 2422,828 2464,811 2464,696 2332,746 2157,702 1494,729 955,679 830,746"/>
                <Baseline points="841,778 886,772 930,772 975,772 1020,772 1065,769 1109,772 1154,772 1199,772 1244,772 1289,772 1333,772 1378,772 1423,772 1468,772 1512,772 1557,772 1602,775 1647,775 1691,775 1736,778 1781,778 1826,778 1870,775 1915,775 1960,775 2005,775 2049,775 2094,775 2139,775 2184,775 2228,772 2273,772 2318,775 2363,775 2407,772 2452,775 2470,778"/>
                <TextEquiv>
                    <Unicode>Abenteurer 7 Nochmals - nicht ich, nicht der Einzelne. Das</Unicode>
                </TextEquiv>
            </TextLine>
            <TextLine id="tr_1_tl_3" custom="readingOrder {index:2;}">
                <Coords points="821,915 1037,926 1122,878 1204,899 1269,874 1333,897 1415,880 1492,913 1630,884 1676,903 1676,803 1390,826 1300,805 1241,836 1189,807 995,828 821,807"/>
                <Baseline points="832,865 877,865 922,862 966,862 1011,862 1056,862 1101,862 1145,862 1190,865 1235,862 1280,865 1324,862 1369,862 1414,862 1459,862 1503,862 1548,862 1593,862 1638,865 1679,868"/>
                <TextEquiv>
                    <Unicode>ist Schicksal. Aber das Ganze.</Unicode>
                </TextEquiv>
            </TextLine>
            <TextLine id="tr_1_tl_4" custom="readingOrder {index:3;}">
                <Coords points="1074,986 2447,989 2447,872 1948,918 1764,872 1463,926 1074,890"/>
                <Baseline points="1086,948 1130,948 1175,951 1220,951 1265,951 1309,951 1354,951 1399,951 1444,951 1488,951 1533,951 1578,951 1623,951 1667,951 1712,951 1757,951 1802,954 1846,951 1891,951 1936,951 1981,951 2026,951 2070,951 2115,951 2160,951 2205,951 2249,954 2294,954 2339,951 2384,951 2428,951 2452,951"/>
                <TextEquiv>
                    <Unicode>Das ist alles nicht tiefer, als es Minen ergreift.</Unicode>
                </TextEquiv>
            </TextLine>
            <TextLine id="tr_1_tl_5" custom="readingOrder {index:4;}">
                <Coords points="821,1045 2462,1089 2462,976 1267,1014 821,974"/>
                <Baseline points="832,1038 877,1035 922,1035 966,1035 1011,1038 1056,1038 1101,1038 1145,1038 1190,1038 1235,1038 1280,1038 1324,1038 1369,1041 1414,1041 1459,1041 1503,1041 1548,1038 1593,1041 1638,1041 1682,1041 1727,1041 1772,1041 1817,1038 1861,1038 1906,1038 1951,1041 1996,1038 2040,1038 2085,1038 2130,1038 2175,1038 2219,1038 2264,1041 2309,1041 2354,1041 2398,1038 2443,1038 2467,1041"/>
                <TextEquiv>
                    <Unicode>Herrn X in Wien mag es wenig ergreifen : darum hat er schon</Unicode>
                </TextEquiv>
            </TextLine>
            <TextLine id="tr_1_tl_6" custom="readingOrder {index:5;}">
                <Coords points="830,1139 2458,1166 2458,1091 2362,1074 830,1093"/>
                <Baseline points="841,1127 886,1127 930,1127 975,1127 1020,1127 1065,1127 1109,1127 1154,1124 1199,1127 1244,1124 1289,1127 1333,1127 1378,1127 1423,1127 1468,1127 1512,1127 1557,1127 1602,1127 1647,1127 1691,1127 1736,1127 1781,1127 1826,1127 1870,1127 1915,1127 1960,1124 2005,1124 2049,1124 2094,1127 2139,1127 2184,1127 2228,1127 2273,1127 2318,1127 2363,1130 2407,1127 2452,1127 2464,1127"/>
                <TextEquiv>
                    <Unicode>entschieden - nein, es war in ihm a priori entschielen, nun</Unicode>
                </TextEquiv>
            </TextLine>
            <TextLine id="tr_1_tl_7" custom="readingOrder {index:6;}">
                <Coords points="823,1241 1419,1223 1720,1271 2121,1214 2479,1254 2479,1181 2299,1135 823,1175"/>
                <Baseline points="835,1217 880,1214 924,1214 969,1214 1014,1214 1059,1214 1104,1214 1148,1214 1193,1214 1238,1214 1283,1214 1327,1214 1372,1214 1417,1214 1462,1214 1506,1214 1551,1214 1596,1214 1641,1214 1685,1214 1730,1214 1775,1214 1820,1214 1864,1214 1909,1214 1954,1214 1999,1214 2043,1214 2088,1214 2133,1214 2178,1214 2222,1214 2267,1214 2312,1214 2357,1214 2401,1214 2446,1214 2485,1220"/>
                <TextEquiv>
                    <Unicode>hat er nur noch tiefe und geistreiche Gedanken dar端ber. Aber</Unicode>
                </TextEquiv>
            </TextLine>
            <TextLine id="tr_1_tl_8" custom="readingOrder {index:7;}">
                <Coords points="832,1317 1822,1315 2042,1371 2439,1333 2439,1262 2075,1273 1904,1223 1720,1271 832,1248"/>
                <Baseline points="844,1300 889,1303 933,1303 978,1303 1023,1303 1068,1303 1112,1303 1157,1303 1202,1300 1247,1303 1291,1300 1336,1300 1381,1300 1426,1300 1471,1300 1515,1300 1560,1300 1605,1303 1650,1303 1694,1303 1739,1300 1784,1303 1829,1300 1873,1303 1918,1303 1963,1303 2008,1303 2052,1303 2097,1303 2142,1303 2187,1303 2231,1303 2276,1303 2321,1303 2366,1303 2410,1303 2443,1306"/>
                <TextEquiv>
                    <Unicode>die sich bei Gesch端tzdonner abends liederlegen und morgend</Unicode>
                </TextEquiv>
            </TextLine>
            <TextLine id="tr_1_tl_9" custom="readingOrder {index:8;}">
                <Coords points="826,1415 934,1436 1235,1404 1281,1434 1354,1411 1482,1440 1536,1404 1643,1415 1643,1352 1532,1361 1459,1327 1386,1358 1248,1361 1189,1333 1127,1354 1045,1329 1012,1361 899,1338 826,1358"/>
                <Baseline points="838,1396 883,1393 927,1390 972,1390 1017,1390 1062,1390 1106,1390 1151,1390 1196,1390 1241,1390 1286,1390 1330,1390 1375,1390 1420,1390 1465,1390 1509,1390 1554,1390 1599,1393 1644,1396 1647,1396"/>
                <TextEquiv>
                    <Unicode>bei Gesch端tzdonner erwachen?</Unicode>
                </TextEquiv>
            </TextLine>
            <TextLine id="tr_1_tl_10" custom="readingOrder {index:9;}">
                <Coords points="1078,1511 2153,1488 2435,1522 2418,1413 1806,1444 1647,1415 1453,1455 1394,1417 1078,1413"/>
                <Baseline points="1089,1479 1133,1479 1178,1479 1223,1479 1268,1479 1312,1479 1357,1479 1402,1479 1447,1479 1491,1479 1536,1479 1581,1479 1626,1479 1670,1479 1715,1479 1760,1476 1805,1476 1849,1476 1894,1476 1939,1476 1984,1476 2028,1479 2073,1476 2118,1476 2163,1479 2208,1479 2252,1479 2297,1479 2342,1479 2387,1479 2431,1482 2437,1479"/>
                <TextEquiv>
                    <Unicode>Es ist nicht, dass ich eine Antwort erbitten will</Unicode>
                </TextEquiv>
            </TextLine>
            <TextLine id="tr_1_tl_11" custom="readingOrder {index:10;}">
                <Coords points="826,1599 2391,1611 2391,1513 826,1519"/>
                <Baseline points="838,1569 883,1569 927,1566 972,1566 1017,1566 1062,1566 1106,1566 1151,1569 1196,1569 1241,1569 1286,1566 1330,1569 1375,1569 1420,1569 1465,1569 1509,1569 1554,1566 1599,1569 1644,1566 1688,1569 1733,1566 1778,1569 1823,1569 1867,1569 1912,1569 1957,1569 2002,1566 2046,1566 2091,1566 2136,1566 2181,1569 2225,1569 2270,1569 2315,1569 2360,1569 2396,1572"/>
                <TextEquiv>
                    <Unicode>auf alle diese Fragen. Wenn sie nur bei Ihnen aufgehoben</Unicode>
                </TextEquiv>
            </TextLine>
            <TextLine id="tr_1_tl_12" custom="readingOrder {index:11;}">
                <Coords points="836,1664 1164,1664 1298,1716 2512,1691 2512,1622 2305,1595 836,1624"/>
                <Baseline points="847,1656 892,1656 936,1653 981,1656 1026,1656 1071,1653 1115,1656 1160,1656 1205,1653 1250,1653 1294,1656 1339,1656 1384,1656 1429,1656 1474,1656 1518,1656 1563,1656 1608,1656 1653,1659 1697,1659 1742,1659 1787,1656 1832,1659 1876,1659 1921,1659 1966,1656 2011,1656 2055,1656 2100,1656 2145,1656 2190,1656 2234,1659 2279,1656 2324,1656 2369,1659 2413,1659 2458,1656 2503,1659 2518,1656"/>
                <TextEquiv>
                    <Unicode>sind. Aber ich darf wieder ein paar g端tige Zeilen hoffen von</Unicode>
                </TextEquiv>
            </TextLine>
            <TextLine id="tr_1_tl_13" custom="readingOrder {index:12;}">
                <Coords points="832,1745 890,1774 947,1756 999,1770 1016,1760 1045,1781 1083,1762 1129,1779 1154,1762 1191,1766 1191,1697 1158,1701 1127,1689 1099,1705 1070,1697 1049,1708 995,1685 968,1703 832,1676"/>
                <Baseline points="844,1742 889,1745 933,1745 978,1742 1023,1742 1068,1742 1112,1742 1157,1742 1196,1745"/>
                <TextEquiv>
                    <Unicode>Ihrer Hand?</Unicode>
                </TextEquiv>
            </TextLine>
            <TextLine id="tr_1_tl_14" custom="readingOrder {index:13;}">
                <Coords points="1060,1873 1511,1894 1825,1837 2128,1902 2483,1848 2470,1764 2391,1806 2316,1758 2094,1785 1881,1745 1662,1789 1507,1749 1273,1785 1060,1758"/>
                <Baseline points="1071,1832 1115,1832 1160,1832 1205,1832 1250,1832 1294,1832 1339,1832 1384,1832 1429,1832 1474,1835 1518,1832 1563,1832 1608,1829 1653,1832 1697,1829 1742,1832 1787,1832 1832,1829 1876,1832 1921,1832 1966,1832 2011,1835 2055,1832 2100,1832 2145,1835 2190,1835 2234,1835 2279,1835 2324,1838 2369,1838 2413,1835 2458,1835 2488,1835"/>
                <TextEquiv>
                    <Unicode>Ich verbleibe, verehrter Herr von Hofmannsthal, mit</Unicode>
                </TextEquiv>
            </TextLine>
            <TextLine id="tr_1_tl_15" custom="readingOrder {index:14;}">
                <Coords points="826,1967 989,1979 1147,1944 1398,1944 1398,1866 1204,1885 1066,1862 997,1875 976,1858 922,1877 865,1841 823,1856"/>
                <Baseline points="838,1912 883,1912 927,1912 972,1912 1017,1912 1062,1912 1106,1915 1151,1915 1196,1915 1241,1915 1286,1915 1330,1915 1375,1918 1402,1921"/>
                <TextEquiv>
                    <Unicode>Gruss und Empfehlung</Unicode>
                </TextEquiv>
            </TextLine>
            <TextLine id="tr_1_tl_16" custom="readingOrder {index:15;}">
                <Coords points="1444,2050 1469,2052 1476,2046 1496,2065 1519,2046 1551,2067 1563,2065 1561,1906 1538,1908 1501,1887 1478,1889 1465,1881 1442,1889"/>
                <Baseline points="1453,2005 1497,2002 1542,2002 1566,2008"/>
                <TextEquiv>
                    <Unicode>Ihr</Unicode>
                </TextEquiv>
            </TextLine>
            <TextLine id="tr_1_tl_17" custom="readingOrder {index:16;}">
                <Coords points="1588,2103 1613,2094 1657,2121 1689,2100 1754,2121 1850,2098 1873,2113 1942,2098 1990,2115 2073,2105 2073,2044 2052,2040 1998,2057 1950,2042 1825,2059 1802,2040 1693,2057 1672,2040 1588,2034"/>
                <Baseline points="1599,2091 1644,2088 1688,2091 1733,2091 1778,2094 1823,2094 1867,2094 1912,2094 1957,2094 2002,2094 2046,2091 2079,2091"/>
                <TextEquiv>
                    <Unicode>treuer, ergebener</Unicode>
                </TextEquiv>
            </TextLine>
            <TextLine id="tr_1_tl_18" custom="readingOrder {index:17;}">
                <Coords points="1871,2257 1883,2255 1889,2261 1904,2263 1921,2251 1944,2251 1952,2247 1967,2249 1967,2182 1956,2182 1944,2174 1931,2176 1927,2172 1912,2176 1891,2161 1871,2159"/>
                <Baseline points="1882,2228 1927,2228 1972,2228"/>
                <TextEquiv>
                    <Unicode>H.</Unicode>
                </TextEquiv>
            </TextLine>
        </TextRegion>
    </Page>
</PcGts>
