3453 3656
994 1018 2058 1160 oder frühre in der südösslichen
949 1156 2045 1331 Schweiz aufhörte. Bitte erkundigen
949 1309 2027 1482 Sie sich nun und geht auch
973 1526 1954 1669 in Wien – ich bin hier so
999 1690 2044 1859 abgeschreiben – wie es auf
992 1872 2039 2038 Diese Stücke mit dem Gegnütz
991 2068 2007 2218 gehe - ich habe nicht sehr
991 2234 1952 2421 wenig mit. Bitte schreiben
1020 2397 2066 2576 Sie mir bald ein Zeile und
971 2602 2058 2743 sagen wir, dieses es Thun recht ist.
998 2700 2127 2881 ich freu mich so darauf.
