2633 3688
1891 375 1981 524 '11
1268 352 1381 528 xx
2438 362 2535 498 1e
1409 570 1664 705 3 - 4
735 674 2524 839 Ich würde schon einen viel geringeren Anlass, als den Militär-
737 783 2519 941 zwang, für einen höheren Akt des Schicksals ansehen. Aber rings-
735 892 2535 1027 herum sterben die Menschen zu tausenden, und sterben nicht ge-
742 980 2475 1108 Ich habe Verwundetentransporte vom Hilfsplatz geführt, und sie
751 1059 2547 1200 starben mir am Wagen: Mit Aechzen und Qualen und Aufbäumen wider
749 1166 2559 1286 dieses Nutzlose, das sie zwang. Und wenn das wahr ist, dieses
756 1251 2538 1393 Stöhnen und Fluchen, dann können Jahrtausende es nicht abbüssen,
760 1335 2586 1472 was geschieht. Ich habe nicht von Gott verliehen die Liebe, von
765 1418 2619 1550 der der Apostel Paulus spricht – aber dies hier, das ist meine
762 1511 2623 1643 Sache, die mich quält und mich nicht wird sterben lassen, wenn es
762 1611 2554 1724 an dem sein wird, jetzt oder in fünfzig Jahren.
804 1694 2545 1803 sehen Sie, verehrter Herr, ich sitze jetzt in einer
776 1759 2565 1924 tschechischen Kolonie in Kleinrussland. Jedes Dorfhaus ist so
783 1854 2596 2012 gross und stattlich, wie ein poinischer herrschaftlicher Saierhof.
783 1949 2545 2079 Das Wohnhaus ist weiss und krank, die Ställe herum geräumig und
783 2021 2621 2162 sauber. In der Mitte des Dorfes sind vier Gebäude die Volksspar-
790 2130 2616 2267 kasse, die tschechische Schule, die tochechische Beneda, die
790 2211 2623 2362 katholische Kirche: aus eigenem Geld errichtet und organisiert.
800 2280 2605 2459 Jeder Bauer, mit dem ich rede, ist Organisator, Volksmann, Politi
795 2366 2591 2514 ker auf eigene Rechnung und Gefahr. Dieser Eindruck ist unbe-
811 2468 2623 2619 schreiblich. Man war ein langes Jahr unter Polen. Dort ist der nur
813 2570 2616 2705 Zustand des Ganzen und der Zustand den Einzelnen: Zuflösung,
811 2640 2616 2793 Desorganisation der messchlichen Gesellschaft, Rückkehr zum hom
813 2709 2591 2883 homini lupus. Denn der Zusammenschlues zum gesellschaftlichen
827 2781 934 2834 G.F.P
816 2823 2621 2978 Mechanismus, die Basis der Kultur, ist ja kein einmaliger Frusess
830 2899 2626 3064 sondern ein dauernder: er vertieft und vorgefertigt sich, er ver-
948 2955 1098 3015 tigen
