2721 3623
1370 449 1893 737 IVMoyart 9.4
2037 558 2309 775 16/II 31
363 616 495 876 que
1022 843 2231 1103 wie sehr freute in mir,
353 873 977 1121 hiebes Arthur
419 1062 2410 1282 über den grossen starken Erfolg ihres Stückes
406 1196 2435 1454 den es in sämmtliche Zeitungen verfolgte
427 1325 2324 1592 - he when and entopannend his he
394 1489 2312 1719 Sa rien ja ne Aufregend chez letzter
411 1605 2297 1852 Tage vor einer Erstaufführung mich
454 1757 2350 1905 and wollte sie daher eine gar nicht
1214 1863 2405 2107 sagen, dass sie wieder
459 1885 1100 2095 stören, Ihnen
474 2014 2443 2236 in Vieh bin, dass er seit 20 Decembr
459 2148 1726 2387 verreist vor, in Unichtberg,
1769 2150 2435 2387 Barel, Pair
502 2297 2408 2511 und Unsuchen! So was eigentliche uns
472 2443 2380 2622 eine kurze prochenzeit in Vier vom
457 2582 2347 2789 später Herlt bis gegen Vermachten!
502 2713 2345 2870 Damals nahm in mir fest war, thun
639 2842 2360 3031 in Berlin zu berichten) ist in viel
578 2955 2420 3162 mit Olga was und keine tenapp. vor
603 3089 2332 3316 seines Musät niedersat / aber eines
