3412 3704
584 877 1630 1029 dass ich in Buch nach dem andern
589 1044 1600 1167 Aus der Hand lege und inde
589 1186 1571 1348 am Morgen noch am Abend die
578 1382 1492 1512 Geringste Freude habe. Nun
571 1585 1604 1700 ist mir vor 2 Stunden eingefallen.
625 1748 1571 1884 es mit einen Ausflug zu
584 1930 1534 2062 versuchen. Wie schön, wenn
543 2121 1645 2252 man u solche Momenten nicht
608 2308 1626 2445 so mit Auseinander wäre
600 2493 1523 2630 Auch mein Rad ist in der
2025 390 2156 501 Votre très-
1854 885 2726 1033 Beiht, ich will nicht abwarten,
1822 1052 2789 1175 bist und herkäme, sondern fahr
1841 1210 2766 1354 gleich nach Saalfelden, die
1815 1381 2695 1517 dert mit der Por an den
1858 1548 2803 1702 Hinterié, wo ist sehr schon
1837 1770 2861 1932 Sie soll und wie die entweder
1825 1926 2722 2084 die Fahlung oder Golling.
1813 2118 2818 2248 oder heft zurück. Ich schrei
1821 2311 2798 2437 mich unendlich nach Dörfern
1843 2471 2774 2599 die ich noch nicht gesehn habe,
1848 2595 2822 2713 noch kleine Läupen an:
