3041 3608
242 844 1486 992 – das war nämlich bis nun ihr In¬
223 941 1486 1091 gazemut — nicht ganz im Stiche
231 1026 1514 1162 lassen. Frl. Braun, die für erste
211 1125 1509 1254 Rothen mit einer Unfangszahl von
245 1218 1465 1360 ƒ 5000 k engagiert worden war,
245 1304 1478 1452 kam vorläufig zu keiner ein.
249 1407 1428 1535 zigen. Meist stand ihr Frau
261 1504 1496 1652 Glöckner im Wege. Nun wurde
252 1598 1375 1727 sie immer wieder auf die
290 1682 1398 1836 Liebelei“ vertröstet, die ja
266 1791 1517 1938 noch in diesem Jahre erscheinen
223 1891 1420 2056 und in der sie "sich machen
229 2001 1375 2096 werde. Siehe da — die
313 2064 1399 2195 Liebelei kam, aber fol.
237 2162 1464 2314 Braun soll die Rolle nicht
247 2267 1409 2401 spielen. Wer sie spielen
250 2361 1431 2474 wird, steht allerdings noch
239 2446 1472 2593 nicht fest, u. es scheint die Be¬
239 2551 1514 2671 setzung einige Schwierigkeiten
1643 921 2855 1054 zu machen, soferne man der
1633 1028 2890 1165 naheliegendsten, der mit Frl.
1657 1122 2887 1267 Braun, geflissentlich aus dem
1665 1212 2906 1356 Wege geht. Frl. Braun hat da¬
1656 1302 2939 1448 her an Hr & Schnitzler die schriffti¬
1656 1399 2902 1538 che Bitte gerichtet, ihr zu gestat¬
1657 1502 2821 1612 ten, daß sie ihm die Rolle
1656 1586 2876 1748 der „Mizi Schlager“ vorspreche,
1644 1701 2790 1830 damit sich der Autor selbst,
1630 1783 2887 1927 der gewiss des eminenteste In¬
1635 1890 2869 2027 teresse an einer richtigen Be¬
1622 1982 2877 2124 setzung hat, ein entsprechendes
1644 2083 2890 2237 derteil über die Fähigkeiten
1619 2166 2821 2322 des Frauleins bilden kann.
1885 2283 2879 2455 Ich möchte nun meiner
1625 2359 2839 2538 seits an Sie, verehrter Herr,
1620 2492 2897 2640 die ergebenste Bitte richten, das
