2727 3688
1272 661 2142 818 Bad Aussee, am 13. August 1929
440 856 858 1006 Lieber Arthur,
842 910 2269 1131 Danke für Deinen lieben Brief, ich erwarte also die
458 1046 1477 1246 Briefe von Frl. Pollack zu bekommen.
468 1159 2292 1333 Wenn wir einen oder den anderen für das neue Rundschauheft für ge-
470 1249 2269 1394 eignet halten, werden wir ihn Dir vorher zur Einsicht übersenden.
578 1343 2189 1477 Bezüglich des Franzosen weiss ich nnicht recht, was da zu
473 1420 2227 1573 empfehlen wäre, als Papas Werke selber? Es gibt eine ganz brave
480 1505 2311 1665 französische Thèse de Doctorat von einer Mlle. Genevieve Bianquis,
494 1599 2269 1768 wo alles sehr gewissenhaft, aber weiter nicht hervorragend drin-
496 1700 2269 1825 steht, und dann gibts wohl nur einzelne Aufsätze von Leuten über
496 1773 2387 1937 spezielle Sachen, aber da weiss ich auch nicht, was ich da empfehlen
501 1888 1909 2076 soll. Vielleicht fällt Dir noch was Gescheites ein.
882 1919 2252 2126 Hier ist es hässlich und regnerisch wie immer und
498 2079 1672 2260 eher traurig und zuviel bekannte Menschen.
858 2158 1705 2302 Sonst geht es soweit ganz gut,
524 2220 2278 2375 Ich freue mich sehr, Dich im Herbst wiederzusehen und Deine Rat-
510 2358 1277 2535 schläge bekommen zu können.
1274 2431 1775 2565 Alles Liebe Deine
1693 2497 2064 2718 tristrane
1317 2695 1846 2920 exlicenen.
477 2756 1296 2972 eine in Buchfern
