3440 3704
497 921 1443 1083 halben August in Salzburg. Ich
515 1092 1412 1229 Koffe bekommt, dass wir uns
472 1283 1344 1415 da schon, Sie Können mich
459 1457 1516 1611 natürlich allein haben, soviel in
457 1642 1543 1789 uns das verlangen. Was sollte
526 1805 1500 1942 sich darin andern oder künftig
515 2008 1400 2123 andern müssen? Und
512 2177 1482 2325 übrigens ergiebs ja des Rad
505 2341 1593 2469 eine nette Form des Husanensiens.
561 2541 1417 2673 Geerbickt hab ich nicht
1705 913 2598 1054 wenig, will solche Zinsen aber
1736 1054 2719 1184 von jetzt an ohne diese übermäßige
1710 1198 2703 1341 Ungeduld ertrage. Auf Ihre
1737 1344 2722 1478 phantastische Novell, freu ich
1763 1509 2566 1679 mith sehr. Man ich sie
1762 1679 2698 1793 bald hören könnte, oder die
1794 1843 2661 1953 lange? Das ist immer eine
1764 1999 2686 2144 freude, der nachher das Lesen
1740 2192 2600 2308 nicht nicht gleichkommt.
1696 2337 2715 2473 Also hoffentlich sehr sein uns
1725 2469 2290 2629 bald. Rn herzog
2374 2485 2654 2673 Ihr früher
