2774 3688
1289 608 1408 708 6
697 642 2356 845 deten sich dreiundvierzig - mehr hatte unsere Schule nicht.
697 800 2363 928 Aber dann kamen wieder andere Dinge, von denen ich gar nicht
697 866 2381 1012 reden mag. Und was das Aergste ist: die geistigen Menschen
711 976 1851 1133 stehen im Wesentlichen nicht hinter uns.
948 1047 2395 1174 Nun habe ich wirklich Angst, deutlich weiterzureden.
706 1156 2402 1275 Nicht vor den Zensur, sondern vor mir selbst. Ich ritt einmal
715 1227 2356 1360 ein Stück Weges zusammen mit einem bosnischen Lehrer, Salih
717 1355 2440 1444 Ljubeucic aus Jajoe. Er war, als Lehrer, mit Anfang des Schul-
715 1410 2527 1552 jahres aus der Front in die Heimat zurückberufen. Er erzählte und
720 1494 2370 1627 erzählte von seiner Heimat, sechs Stunden lang, während wir
724 1597 2452 1755 nebeneinander ritten, von den Gebäuden, dem Essen und Trinken,
727 1686 2559 1805 den Hochzeiten, den Basars, den Volksliedern von Prinz Markowitsch
736 1762 2477 1883 und von Wick, Goethes Freund, mit dem sein Vater befreundet ge-
738 1871 2454 1974 wesen. Und plötzlich sagte er - aber was nutzt es, wenn ich's
733 1897 2509 2063 hier aufschreibe, und den Ton in der Stimme und die Augen nicht
733 2036 2507 2146 mit aufschreiben kann: "Weisst Du, wir standen gerade im Feuer,
740 2118 2470 2232 da brachte mir der Wachtmeister die Entlassung. Ich musste auf
743 2219 2534 2326 den Himmel schauen, Allah war über mir.“ So freuen sich Menschen
747 2285 2520 2411 auf die Heimat und auf Frieden.- Wir sind ja armselige Kosmopo-
747 2388 2566 2502 liten- ich liebe ja Prag, meine Heimat, unbeschreiblich, und doch
747 2468 2424 2589 habe ich jahrelang auswärts gelebt, wenn auch mit Sehnsucht.
1008 2550 2472 2673 Aber ich möchte mich nicht an das Einzelne verlieren.
763 2639 2404 2765 Wir werden hier weiterleben oder sterben, das ist nicht das
763 2749 2493 2893 Wichtigste, Aber nachher? Ist es naturgemäss Zukunft, dass es
759 2817 2545 2948 sich wieder concentrieren und vergeistigen soll? Wird gekämpft
763 2909 2573 3080 mit der Natur oder gegen die Natur? Sind wir hier Menschen oder
