2721 3623
668 311 816 448 aie
1787 342 2064 443 „ „ „
1191 344 1308 430 1
1070 316 1168 445 14/1
326 484 583 684 N2
1684 536 1994 676 Donnerstag
2183 648 2378 821 1957
277 738 686 881 Lieber Arthur,
692 839 2046 969 Hier zwei Verträge die insofern differieren, als
293 919 2155 1075 die Summe von Strauss an Hugo bei Abschluss des Vertrages (die ich
285 1057 2310 1137 übrigens vergass zu erwähnen) in dem früheren Vertrag in Mark augedrückt
293 1145 2375 1246 war und dann in Dollar, ferner jetzt nur mehr 20% vom Ladenpreis des Buches
290 1217 2199 1329 statt wie im Anfang 25% gezahlt werden. Sonst sehe ich nichts wesent-
285 1318 2258 1404 lich verschiedenes. Diese Vorauszahlung d.h. einmalige Zahlung von 3500
290 1396 2310 1505 Dollar vermindert etwas die Ungerechtigkeit dass nur Strauss von Fürstner
285 1484 2336 1575 so hohe Bezahlung bei Ablieferung der Oper kriegt. Aber dass die Oper blos
290 1577 2152 1676 7% abrechnet ist schon irgend eine komische Sache, denn tatsächlich
285 1707 2305 1779 rechnen sie schon mehr ab nur nimmt sich Fürstner wegen der hohen Zahlung
290 1782 2300 1862 an Strauss die Differenz, was bei gut gehenden Opern doch zu hohen Gewinn
285 1873 2290 1966 für ihn ist. Verstehen tu ich die Sache nicht recht, weiss aber dass Hugo
277 1963 2326 2064 mit Schalk darüber sprach, auch mit Strauss dar über Aussprachen hatte, die
277 2041 927 2155 aber zu nichts führten.
280 2116 2225 2222 Bittetelephonieren Sie mich einmal an, womöglich doch lieber einen Tag
272 2220 2248 2321 früher und kommen einen Sprung heraus, auch vormittag wies Ihnen passt.
280 2323 2297 2422 Wenn es vor dem 11 ten sein könnte wärs mir sehr lieb weil ich dann immer
272 2414 2305 2505 unsicher bin ob nicht der Raimund gerade ankommt mit dem ich dann hier in
272 2497 1500 2629 aller Eile vieles Geschäftliche zu tun habe.
935 2598 1368 2699 Von Herzen Ihre
1445 2634 1707 2880 Gertj
