2774 3688
850 720 2597 861 flacht bis zur Unkenntlichkeit, und jeder beleutende Augenblick
854 812 2595 961 dieses Prozesses heisst nicht "der Befreiungskrieg", nicht
873 935 2609 1021 "die grosse Revolution", nicht "Königin Elisabeth" oder "Gari-
859 1012 2597 1137 baldi", sondern er heisst "Goethe, Schlegel und Novalis, er
852 1096 2212 1209 heisst Foscolo und Manzeni. Hierauf kommt es an.
868 1165 2630 1302 ich bin in Böhmen geboren. Ich lasse mir nichts vorer-
861 1286 2646 1393 zählen; der Prozes, der dort vor sich geht, ist der Prozess
864 1365 2667 1476 einer inneren Consentration und Vergeistigung einer Gesellschaft
864 1453 2688 1567 zur Polis, zum geistigen Staatsgebilde. Durch Auswanderung werden
870 1527 2739 1674 sie nicht discentriert. Ich weise es : wenn ich in eine tschechische
866 1609 2625 1753 Kolonie in Massassuchets oder Chio komme, sehe ich zuerst vier
870 1706 2625 1831 Gebäude, die tschechische Schule, die tochechische Beseda, die
882 1822 2635 1913 tschechische Sparkasse und die Kirche. Und alles blickt mit bei-
884 1887 2658 1994 den Augen nach Prag. Während Polen überall verstreut und heimat-
873 1954 2621 2084 los sind. Und der tschechische Process - er hatte schon Augen¬
884 2059 2642 2166 blicke des Aufflackerne in die Realität hinein. Und wenn diese
875 2159 2709 2252 Augenblicke "böhmische Brüder" und Jungmann heissen - so heisen
891 2247 2683 2354 sie zugleich Hus und Smetena, ein Musiker, dessen Opern kaum vor
884 2331 1929 2435 Mozarts Opern in den Schatten treten.
1137 2405 2679 2526 Ich brauche diese Betrachtungen nicht fortzusetzen. Ich
894 2495 2697 2614 bin nicht Politiker, das Politische interessiert mich nicht - nur
901 2595 2714 2693 das Geistige. Unter den Prager Tachechinnen ist nicht eine, die,
891 2681 2751 2786 an passender Stelle des Gespräches, nicht bewiese, durch irgendeine
898 2762 2667 2892 Bemerkung, dass geistige Processe, die Dostojesski oder Goethe,
898 2839 2662 2969 oder Voltaire und Diderot heissen nicht irgendwie chemisch dem
903 2925 2642 3076 geistigen Leben sich verbunen hätten, und mehr als eine unter
