3440 3704
632 408 864 555 hij 1 1/2
508 886 1482 1047 zu Richard zu sprechen. Freilich
508 1051 1557 1182 weiß ich dieses im solches Gerüchs
478 1189 1546 1318 und die Überzeugung massenhafter
481 1317 1548 1445 Menschen von dieser Sache seit langen,
506 1478 1569 1583 ja uns schied schon sind mehreren
512 1606 1380 1730 Jahren besteht. Aber das war,
493 1771 1481 1880 bevor in den beiden, um die es sich
485 1901 1408 2044 handelt ipend ins Gedrucks,
475 2077 1493 2226 ja sogar bevor der Wunsch nach
452 2227 1558 2367 mir solchen Verwirklichung bestanden
466 2345 1495 2491 hätte. Und so hatte das Gerade
460 2508 1420 2646 damals und hat auch jetzt
2564 438 2791 533 -1
2103 915 2185 992 2.
1707 1046 2700 1194 mit der Seiche selbst eigentlich.
1708 1201 2693 1329 nichts zu thun, und soll auch
1690 1379 2784 1482 dazu getrennt bleiben. Denn nun
1776 1478 1865 1537 P.
1718 1541 2608 1674 man auch dazu geführt und
1693 1698 2694 1840 einred zu thun, was die Leute
1693 1889 2626 2006 verläusgesagt haben, so ist er
1709 2047 2648 2185 Doch, in dem man's thut durch
1722 2222 2672 2350 ganze Abgründe von dem, was
1685 2401 2700 2524 die andern in ihren Köpfe haben
1708 2575 2744 2714 getriebt. – Ich bin also bis
