3406 3703
2052 372 2292 472 18 Juli
2381 369 2738 549 eodem
572 329 701 538 FJ
644 418 1348 618 mein guter liebe Arthur
2203 418 2375 584 901
621 584 2698 753 Ihre gleich kein Betreten dieses Hauses am 1ten Juli habe ich
604 692 2678 896 mit herzlicher Freude. Ihren lieben Brief gefunden, und
638 841 2681 1016 es ist mir fast unbegreiflich, daß 17 Tage vorgehen Konnten,
629 961 2692 1144 wo ich mittlich jeden Tag daran dachte, thun zu schreiben,
609 1142 2784 1290 und immer wieder die eine Stimmtkunde sich ungrückte.
609 1282 2784 1413 Allerdings hab ich in diesen Tagen und ziemlicher hast und
572 1416 2575 1597 ziemlich viel Einfüllen den letzten Act des Ballets endlich
598 1579 2821 1751 ausgeführt, so dahin von nun an dieses ziemlich umfangen ihn
567 1668 2721 1940 Ding, dessen durch oder Unwirth ich abglück nicht abschäfte.
575 1840 2773 2083 kann, unter meiner Arbeiten. xxx wird. Hoffentlich kann
558 1989 2773 2200 ich Ihnen in jetzt erlesen und es impfällt thun nicht.
572 2129 2584 2352 dieses Adminiander-vorüber-schreiben in Jemtrück hat mir
521 2318 2753 2492 damals recht leid gethan. Hätte man nicht ein paar Stunden
529 2446 2778 2687 zusammen sein können? Ich glaube, daß wär für alle nur
512 2544 2621 2818 ein freundlicher Eindruck gewesen. Auch ist doch von Gertag
501 2690 2727 2944 von dWerstich eben so wenig zu fürchten, wie von mir und
504 2813 2624 3067 überdies hätte man ihr den Familienanen der andern gar
501 3010 2592 3167 nicht zu sagen gebraucht. Wir sind an diesen Abend
506 3107 2807 3302 noch ins Hofgartengescheid nachtmahlen gegangen, den einzigen
567 3239 1737 3474 so, wo mein, in Ihnen nachtrung
1868 3288 2773 3445 und ich kann sehr gehofft
