4377 3655
2309 1122 2803 1276 Godaun d 29 IV 07
1078 1375 1612 1505 Mein lieber Arthur,
1460 1467 2777 1602 bitte seien Sie so gut und schreiben mir gleich
1047 1568 2979 1677 in aller Kürze auf einer offenen Karte ob Sie von Fischer für Novellen
1049 1640 2931 1756 und ähnliches gleich von der ersten Auflage an 25% bekommen oder von
1078 1744 2786 1879 den ersten Auflagen nur 20% und erst von einer höheren an 25%
1066 1824 2072 1952 Letzteres wäre mein bisheriger Fall.
1727 1930 2125 2080 Herzlichst Ihr
2096 2000 2393 2183 Heiß
