3407 3704
1650 990 2703 1191 Zug vielerzuführen, in dem ich
1450 1034 1549 1115 P.
370 1021 1422 1218 Ich möchte dieser schon Mittwoch
1637 1164 2647 1312 ankomme, so mögtes bis mich
432 1193 1475 1324 10ten vormittag (circa 10ten glaub¬
1633 1294 2777 1494 natürlich auch das reissen lassen.
400 1316 1354 1505 ich) xxx Zell am See her.
422 1496 1481 1647 in Innsbruck ankommen. Werden
2299 1501 2754 1615 8te von Wien
1634 1511 2272 1687 Ich reise Montrag
417 1654 1447 1787 Sie da schon dort sein? und
1649 1689 2664 1879 Abends ab, bei 9ten früh bis
420 1794 1465 1986 am Bahnhof oder der Teiffer
1691 1900 2606 2071 9° abends und fusch.
458 2020 1474 2174 wir uns? Ich nehme an dass
1697 2095 2563 2265 Entweder schreiben Sie also
501 2155 1590 2366 wir an selber Tag vielerfahren
1683 2280 2539 2462 ungehend in die Fäsch oder
484 2349 1378 2536 Gegen Bregenz. Sollte
1708 2492 2670 2652 was mir noch lieber ver¬
505 2502 1541 2708 junctisch sie mit demselben
