2721 3623
1661 638 2078 811 Von d 9/IV 30
281 716 758 863 IV Mozar tgasse 4
228 824 711 994 Telephon U 43384
247 921 2183 1102 Lieber Arthur, ich habe heute versucht Sie anzurufen hörte über, dass
244 1042 2128 1204 Sie eine andere Geheimnummer haben, wahrscheinlich sind Sie zu viel
257 1165 2180 1273 angerufen worden, darum sage ich Ihnen heute meine Bitte schriftlich
255 1270 2086 1377 Mein Advokat Dr Weinmann würde so sehr eine Unterredung mit Ihnen
268 1370 2052 1496 wünschen, es handelt sich wegen der Erbsteuer um Bestimmung der
262 1419 2254 1572 Autorenxxkünfte, die man möglichst gering angeben muss, weil es als
257 1524 2178 1650 Kapital angesehen wird (was wirklich recht ungerecht ist, finde ich
265 1593 2319 1734 dass es doch sicher sehr schwankend sein wird. Ich konnte Dr W. niemanden
268 1708 2327 1834 andern nennen als Sie, als bester Freund und auch als Autor, der competent
262 1795 2222 1918 ist seine Meinung zu sagen. Was die Opern betrifft hat Schalk eine Art
268 1902 674 2023 Gutachten gegen
409 1984 504 2047 m
270 1957 2096 2128 als ich. Wollen Sie also die grosse Güte haben den Mann einmal in
310 2007 401 2060 G.H.F.
270 2020 2241 2175 nächster Zeit zu einen Ihnen passenden Stunde zu empfangen? Natürlich
275 2130 2322 2304 müsste ich es einige Tage früher wissen, da der Mann sehr beschäftigt ist
275 2267 2183 2372 und auch oft Verhandlungen hat. Bitte rufen Sie mich einmal zwischen
283 2351 2388 2519 10 - 11 vorm an, wo ich fast immer zuhaus bin und lassen Sie mich ein Wort w
283 2490 501 2595 wissen.
283 2487 2162 2658 Ich war drei Wochen in Berlin, habe Olga gesehen, die ich sehr wohl
286 2619 2348 2734 fand und war entzückt über die Wohnung, die ich so besonders geschmackvoll
286 2721 2196 2852 fand. Heini konnte ich leider nicht sehen. Raimund ist jetzt bis auf
283 2784 2398 2954 wieteres in Berlin bei einer Filmsache und ich glaube dass es aussichtsreich
299 2868 2241 3028 ist. Ich selbst bin seit gestern in der neuen Wohnung und gewöhne mich
307 2970 1978 3128 langsam. Es hat gegenüber der Stallburggasse viele Verteile.
344 3112 2117 3235 ch hoffe Sie schauen sichs einmal an, Sie werden viele beykannte
561 3209 1126 3314 der vorfinden, die Sie
