3400 4232
2760 242 3016 437 212
398 387 3112 721 Schmacht der Nachgebornen - so soll gleich
409 632 2878 1009 Hofs ni den jeden Wolkenlängst
2011 814 3020 1126 Eul etwelter
377 1052 3105 1396 Reichforder werhte in der heuschen Reise
252 1368 3112 1659 All dies - and were sit glauke, fris ye
327 1584 3140 2000 An meine ewze Seile drungen
551 1844 3116 2174 Ist geb isistend for die Stunde hin¬
579 2103 1705 2274 die enige die von
462 2210 3094 2441 da ich, ein Stublicher wie ausbe, den
512 2462 3201 2721 Vor Sebensathen weive Brust usulle
2629 2625 3211 2835 ses viellt
441 2746 3162 3002 Werkrauelt in Blatt des Lebens wenn
2551 2970 3116 3197 Tuln-
682 3066 988 3219 steure,
544 3098 3123 3446 (in Herz on wemer (Hender) klagen frühle
497 3375 1268 3631 Das ich ein
501 3592 2561 3805 sion demelde – Heim Semld.
