3496 4248
2750 331 2945 483 190
557 439 1052 662 reiherr:
2528 579 2787 708 Sari
755 634 1067 742 und die
2843 603 3088 752 kennt
529 678 2840 857 (Du aber kommet von kaum geschlossnen Gräbern
1358 783 1773 879 Wube te
566 820 2438 1015 Komast als ein Freier (wagemutig) her
1200 937 1940 1092 Cet recher
554 978 1114 1176 Sylvester:
554 1104 2661 1336 Besinne dich. Als Freier ging ich schon.
350 1111 489 1361 be
569 1290 2627 1479 Was ich indess erlebt — so tief es mich
579 1429 3060 1652 Berührt - war nicht gemacht mir den Entschluss
563 1556 2608 1813 Den vorher ich gefasst, -mir das Gefühl,
569 1748 2614 1927 Das verher mich bezwungen, zu verwirren.
566 1896 2531 2054 Und gab ich an der beiden Toten Bette
575 2017 2914 2203 So heissem Schmerz mich hin wie je ein Gatte,
579 2234 2846 2357 Ein Vater ihn gefühlt;-mich drein verlieren
579 2354 2797 2515 Wär Schwäche;- zu verweilen,wo mich nichts
575 2484 2735 2667 Mehr hielt,wär' Heuchelei;- doch etwa gar
579 2620 2388 2849 Der vorgesetzten Reise zu entsagen
575 2812 2426 3026 Und allem, was an ihrem Ziebe stand,
579 2970 2750 3156 Dies wär' ein feiges Missverstehn gewesen
585 3122 2859 3301 Des furchtbar grossen Zeichens, dem ich mich
588 3267 2735 3496 In Leid, in Andacht und in Hoffnung beuge.
582 3431 1866 3623 Freiherr: (ohne Schärfe)
588 3589 2654 3796 Ich aber fürchte fast du deutest anders
