3480 4264
390 398 2974 710 Viel Arbeit steht bevor. Dort geb wen Fust
394 626 3140 964 So long was feel, you hefscher Ranker for
409 854 2801 1115 In rerwer uft die Sène ausqu'on
375 1045 3225 1329 Neft' ist weittraster will, at ik collender
416 1233 1785 1491 Wozu u weu beday
1189 1340 3280 1642 c/c Anselue:) I have for hant nacht
442 1531 3210 1900 Sind in der Bürg die eiert beestule Raune
306 1785 3265 2139 Ain me der an fgelhen Tres Rongler schliefen
412 1977 2768 2268 Seiller day. Und heute wieder ist
383 2246 2419 2489 Am. Not tent will die jus Stadt
1863 2430 2271 2617 (Wvnd)
416 2441 659 2617 Ist
2246 2522 2739 2706 in itt.
372 2636 2890 2923 Nicht (eben) um den Schlaf in Ranglerlek
390 2801 2743 3118 fecht sin R.M. der ich fim Nachtsbung
412 3070 2974 3350 darfut oude fehlen. Treven Tag getor ue
420 3243 3022 3501 Nul theil in od wie for Sincurinbegan
423 3479 2271 3832 Fahr cit que Stadt. (Einfart
1966 3703 3140 3924 The Antie Urxleh
