3384 4104
2749 291 2934 497 227.
543 494 2428 703 Und wie sichs immer wende du mit mir
549 655 2649 855 Dass diesen, ob er nun ein Narr und frech
594 812 2664 1000 Ob edel er und Held, - als freien Mann
555 955 2289 1173 Die ungeheure Stunde finden soll,
1919 1073 2076 1158 id
543 1152 2613 1306 Dass er in ihr sich wie er sich bewähre.
588 1222 2492 1422 Mann bitt ich die, gib An der Heger wie
576 1340 885 1437 ! Pause.
573 1388 2095 1616 Freiherr: (gibt ihm den Degen)
1143 1558 1282 1655 it
567 1579 2570 1767 Hier nimm  ohne Segenswunsch zurück
1764 1752 2749 1928 at was get here
582 1764 952 1892 Konrad:
630 1798 1725 1961 Ich ärter in drei Dank
585 1867 2968 2064 Als mir gebührend xxx ohne Dank.
712 1995 2092 2164 Und nach eine nähert ich die
576 2052 3013 2264 U. - Uw obl. viele Chilied-
576 2189 2640 2398 Und ohne Abschied zieh wohin du willst,
585 2334 2092 2528 Konrad: (wendet sich zu gehen)
2746 2474 3049 2643 rege
594 2480 2704 2749 Sylvester: (derregungslos im Erker stand),
597 2652 2392 2831 Nur mir verstattet Junker Ursenbeck
770 2795 858 2937 w
600 2740 2731 2980 Ein Abschiedswort Euch nachzurufen: Bube!
606 2989 897 3165 Bukst
609 3092 1791 3337 Konrad: (bleibt stehen)
609 3234 2816 3459 Muss denn ein Aufschub sein,so sei er kurz
949 3386 1798 3498 am O’Horende
624 3413 2783 3625 Nicht so'ssteckt Euern Degen ein.Ihr seid
