3336 4152
2769 171 2964 343 20
289 316 2984 585 Lem. So mars dein Wien etc. Au même mari
2537 598 3064 780 nicht.
339 595 3031 944 hud hupl die selviere at Jemissen, dasld
407 870 3034 1203 Hattst beide di uit eigne Raad ge
2268 1068 2933 1287 mordet.
480 1149 2927 1485 Je - hatt ich solche Stet in die onlauf
396 1368 3095 1683 Quit das, - milschuldig; - schuldiges selbst
2466 1670 2846 1841 et du
437 1670 3132 1996 Wär ich nur ird, den Gericht verfallen,
625 1875 3088 2130 und sich sein Ritterzeich mit Frührerfallen
511 1935 2886 2234 Mar über aller in die Forderung
521 2150 3132 2389 Mich selbes ick. Ed ich Re wein auch nicht dir
430 2298 2950 2691 (Neukst die, Bezahlung fordann)
2171 2554 3011 2765 ständich die
477 2587 3152 3017 Vurzeit, deſsich, - niemahls unserklich
2171 2923 2933 3128 silic we,-
480 2967 2866 3293 so magt – wie im Verlobten die einge¬
460 3111 2947 3521 Nort wei de dein Gepitl (or verst
1858 3414 2903 3632 miskavent
376 3400 3071 3847 Als der in einer gemeht, - da blieb dort
2423 3753 2819 3904 mehr
