3432 4184
2876 147 3105 424 20
298 294 2517 632 Von die als freie Gebe zu scupfete.
298 535 2822 815 Sie ja verlanger wagte af den Herr-
298 711 3177 1009 Nod eine en harr, en Wicht weitere ich nur
1192 987 1490 1131 ence.
406 1002 3098 1321 Vermortt ist der Eid der die wir schwort
398 1206 2858 1565 Je s'en Gelohn fererlich an Altar
330 1465 2973 1838 Mr dargelsailt: at Helfe anfgerifen
366 1641 2850 1967 Wider ein irrend, en entgleiben kan
413 1913 3163 2161 Und kommt die, sei's aus Kichel, oder Holze
470 2122 3098 2459 Von kann verklingne Siligkeit durchbelt
531 2402 3120 2678 Von beller Qu'al de ortschiket; - Røwst aus
2649 2614 2951 2843 glan
495 2700 3091 3041 Ouis Eleud; - komsterhoht, geberligt over
481 2911 3066 3285 Er nedert u geschändet mir zurück -
1533 3170 1680 3310 n
488 3181 1924 3533 Ja hattot di as get
1931 3256 3138 3568 Aldes Kocer ein
355 3486 3148 3805 Mein Herz gemahlt, - drauf zwischen einen
2237 3716 2872 3917 Schwert
