3544 4264
322 511 916 744 25/10. 1920
2703 582 2901 741 180
517 706 2679 951 Der Torheit zwar, aus der ich mich vermass
2141 842 2313 936 was
526 901 2534 1054 In fremdes Dasein einzugreifen bin ich
1554 1004 1920 1093 dix ans
517 1016 2720 1193 Mir langst schon inne. Aber heute erst, hieut
520 1190 2593 1362 Die Brust erfüllt von seinem Wort, darin
1938 1311 2130 1406 dem
561 1359 2732 1515 -Ihm selber kaum bewusst - sein Jugendbild
765 1486 1007 1583 Solchen
2759 1427 3246 1669 andly
546 1527 2587 1701 Im heissen Glaunze der Erinnrung blühte
517 1619 2564 1849 erkenn’ ich meine Schuld und fühle tief
532 1837 2573 1988 Was ick an dir, was ich an ihm gesündigt
520 2003 2762 2162 Und nicht an Euch nur. Auch an diesem Reich,
532 2133 2632 2289 Das von beglückterer Fürstenhand geführt
1766 2257 1884 2342 ver
532 2292 2856 2484 Vielleicht an hoffnungsvollerer Wende stünde
532 2449 960 2585 Anselma:
541 2602 2723 2744 Törichter Bruder - ja! doch schuldig 1, nein.
2508 2655 3054 2791 din and
541 2768 2918 2921 Wähnst du, dass, was geschah,was nicht - am Ende
535 2868 2593 3060 An deinem Willen lag. Glaubst du,es gab
541 3016 2587 3223 Ein irdisch Glück je zauberstark genug.
532 3228 2762 3373 Um deines hohen Freunds verschlossnen Sinn
549 3335 2543 3506 Aus Düsternis und Einsamkeit zu lösen.
523 3468 2697 3701 Und wär ich nicht geschaffen wie ich bin,
1973 3639 3234 3887 Gal junct -    Allicket. soO
570 3630 1793 3864 Gal je n'en fosit parllent je ves
2927 3757 3128 3896 mits
2009 3739 2458 3875 Ihr unter
638 3807 1013 3982 Geb 1:1
1193 3763 2455 3999 re or ntme ich sonst fl
647 3940 2520 4047 it he will you do it when they go that
