3432 4168
209 241 308 433 P.
315 286 671 520 5.1921
2536 360 2722 504 220
1804 507 2574 761 Tout 1. Hätten
360 552 748 770 Konrad:
366 802 2138 979 Die beiden Väter etwa in der Wiege,
360 921 1653 1149 Uns insgeheim verlobt -?
1509 1027 2314 1271 Dergleichen war
366 1120 854 1242 Freiherr:
385 1236 2282 1406 Nie zwischen uns beredet.Doch ob nun
379 1335 2735 1579 Verlobt - ob nicht -;da Ihr vor Gott vermählt
469 1547 2565 1682 Was zu bekennen Ihr gewiss nicht scheut
382 1682 2533 1849 Denk ich,man liess in hergebrachter Weise
398 1810 2542 2000 Vom Priester das willkommne Bündnis weihn
2433 1862 2857 2016 most
799 1939 2208 2067 aller cette amour
398 2006 2972 2180 Und - wenn's Euch so beliebt — soll die Vermählung
430 2096 1740 2199 Hochzeit gewerbt an, et
398 2183 2250 2318 Vollzogen sein, bevor der Bräutigam
385 2286 2751 2452 Zu einer Reis aufbricht, von der die Rückkehr
401 2414 2745 2613 In solcher Zeit sich leicht verzögern könnte.
366 2590 2501 2802 Und sei die Hochzeitsfeier auch verspart
398 2770 2677 2979 Auf günstigere Frist,-in dieser Stunde noch)
504 2895 2610 3127 Wenn s Euch beliebt - mag Pater Augustin
520 3062 2703 3287 Wir senden gle ich ins Dorf ihn herzuholen
417 3220 2144 3464 In der Kapelle Euch zusammentun.
424 3403 908 3544 Leonilda:
417 3525 2465 3695 Verzeih, mein Vater,mir beliebt es nicht
