3336 4088
2658 361 2820 507 229
348 404 2692 718 (Doch nicht in diesen Mauern solle geschehn
429 684 802 811 Konrad:
435 693 2409 1020 Ich weiss uns einen guten ort und nah.
426 989 2499 1206 Ein Wiesengrund an einem stillen Weiher,
435 1128 957 1327 Sylvester:
426 1259 1421 1474 Wie's Euch gefällt.
1296 1399 3208 1660 Ihr hasst einander nicht. Es nicht um
429 1424 920 1635 Leonilda:
454 1576 2851 1760 (Ihr fühlt kein Weib is) solehse wert. Laest ab
426 1763 2583 1943 Reicht Euch die Hände.ug in Aug entgegen
429 1862 2928 2123 Strömt Licht zu Licht. Wer hat von Euch das Recht
432 2021 2313 2207 pas andre auszulöschen? Liebet Buch!
417 2207 827 2400 Konrad.
2332 2198 2826 2434 1 Hulet P
445 2297 2042 2574 Verlangt nicht gleich zu viel.)
1865 2465 2642 2677 Genüg es dir -
432 2515 961 2720 Sylvester:
429 2602 2664 2872 Wer übrig bleibt, wird um den Andern weinen.
426 2813 799 2956 Konrad:
731 2910 979 3043 gung
429 2947 2307 3174 Und also wollen wir die Strecke Wegs
417 3149 2621 3283 Die uns gemeinsam bleibt, als Freunde gehn.
454 3249 2798 3413 (Sie gehen zur Türe.Ehe sie das Zimmer verlas¬
420 3460 1514 3572 sen umarmen sie sich)
