<?xml version="1.0" encoding="UTF-8" standalone="yes"?>
<PcGts xmlns="http://schema.primaresearch.org/PAGE/gts/pagecontent/2013-07-15" xmlns:xsi="http://www.w3.org/2001/XMLSchema-instance" xsi:schemaLocation="http://schema.primaresearch.org/PAGE/gts/pagecontent/2013-07-15 http://schema.primaresearch.org/PAGE/gts/pagecontent/2013-07-15/pagecontent.xsd">
    <Metadata>
        <Creator>prov=READ-COOP:name=TrHtr:version=2.1.0:model_id=51170:date=30_07_2023_00:42</Creator>
        <Created>2023-05-10T13:27:57.091+02:00</Created>
        <LastChange>2023-07-30T00:42:41.100+02:00</LastChange>
        <TranskribusMetadata docId="1428575" pageId="55411842" pageNr="25" tsid="131472808" status="IN_PROGRESS" userId="64420" imgUrl="https://files.transkribus.eu/Get?id=ECENKGBNSTSWXVJKZMKRXQEQ&amp;fileType=view" xmlUrl="https://files.transkribus.eu/Get?id=KVXQWSWHYGMLXNPZYPNRCNEE" imageId="44685985"/>
    </Metadata>
    <Page imageFilename="1428575_0025.jpg" imageWidth="3480" imageHeight="4264">
        <ReadingOrder>
            <OrderedGroup id="ro_1711792060389" caption="Regions reading order">
                <RegionRefIndexed index="0" regionRef="tr_1"/>
                <RegionRefIndexed index="1" regionRef="tr_2"/>
            </OrderedGroup>
        </ReadingOrder>
        <TextRegion id="tr_1" custom="readingOrder {index:0;}">
            <Coords points="450,487 3144,487 3144,2222 450,2222"/>
            <TextLine id="tr_1_tl_1" custom="readingOrder {index:0;}">
                <Coords points="2703,600 2776,590 2799,617 2829,623 2849,610 2895,623 2902,444 2879,438 2832,448 2812,434 2776,461 2756,444 2746,454 2706,448"/>
                <Baseline points="2720,543 2729,543 2773,540 2818,540 2863,537 2908,537"/>
                <TextEquiv>
                    <Unicode>176</Unicode>
                </TextEquiv>
            </TextLine>
            <TextLine id="tr_1_tl_2" custom="readingOrder {index:1;}">
                <Coords points="683,743 713,740 749,756 796,733 875,733 902,746 929,730 955,730 955,640 929,640 912,627 882,643 866,630 852,640 836,623 766,633 723,604 683,597"/>
                <Baseline points="701,728 740,722 785,722 830,719 874,719 919,719 964,725"/>
                <TextEquiv>
                    <Unicode>Leter.</Unicode>
                </TextEquiv>
            </TextLine>
            <TextLine id="tr_1_tl_3" custom="readingOrder {index:2;}">
                <Coords points="431,875 2696,816 2743,623 2590,584 2205,720 434,706"/>
                <Baseline points="450,824 465,824 510,818 555,818 600,818 644,818 689,815 734,812 779,812 824,812 868,809 913,809 958,812 1003,812 1048,809 1092,809 1137,809 1182,809 1227,812 1272,809 1316,806 1361,806 1406,806 1451,803 1495,803 1540,800 1585,803 1630,800 1675,800 1719,800 1764,800 1809,800 1854,800 1899,797 1943,797 1988,791 2033,791 2078,788 2123,788 2167,788 2212,785 2257,785 2302,785 2346,785 2391,785 2436,782 2481,779 2526,779 2570,776 2615,776 2660,773 2705,773 2750,776"/>
                <TextEquiv>
                    <Unicode>Mit Waffenwürd er fliehn; da ich ein Mädchen</Unicode>
                </TextEquiv>
            </TextLine>
            <TextLine id="tr_1_tl_4" custom="readingOrder {index:3;}">
                <Coords points="577,905 627,902 657,919 736,899 819,909 932,892 958,902 958,846 932,856 889,836 856,849 822,836 793,852 749,839 723,856 577,849"/>
                <Baseline points="594,892 609,892 653,895 698,892 743,892 788,889 833,889 877,886 922,886 967,889"/>
                <TextEquiv>
                    <Unicode>in seiren.</Unicode>
                </TextEquiv>
            </TextLine>
            <TextLine id="tr_1_tl_5" custom="readingOrder {index:4;}">
                <Coords points="431,998 2404,985 2534,972 2537,889 431,895"/>
                <Baseline points="450,979 477,976 522,976 567,973 612,973 656,973 701,970 746,970 791,970 836,970 880,970 925,967 970,964 1015,964 1060,964 1104,964 1149,964 1194,964 1239,964 1283,961 1328,958 1373,958 1418,955 1463,961 1507,961 1552,955 1597,955 1642,952 1687,952 1731,952 1776,952 1821,952 1866,949 1911,946 1955,946 2000,943 2045,946 2090,943 2134,940 2179,940 2224,940 2269,940 2314,937 2358,937 2403,934 2448,934 2493,937 2538,928"/>
                <TextEquiv>
                    <Unicode>Zum einz'gen Wächter mache, wird er sich</Unicode>
                </TextEquiv>
            </TextLine>
            <TextLine id="tr_1_tl_6" custom="readingOrder {index:5;}">
                <Coords points="438,1184 1456,1114 1731,1171 1837,1114 2033,1210 2209,1121 2560,1164 2597,965 438,1068"/>
                <Baseline points="456,1134 495,1131 540,1128 585,1128 630,1128 674,1128 719,1125 764,1122 809,1122 853,1122 898,1122 943,1119 988,1119 1033,1119 1077,1119 1122,1116 1167,1113 1212,1116 1257,1113 1301,1113 1346,1113 1391,1110 1436,1107 1481,1107 1525,1107 1570,1110 1615,1107 1660,1107 1705,1107 1749,1110 1794,1107 1839,1104 1884,1104 1928,1101 1973,1098 2018,1098 2063,1098 2108,1095 2152,1095 2197,1095 2242,1095 2287,1092 2332,1089 2376,1089 2421,1089 2466,1086 2511,1086 2556,1092 2600,1092"/>
                <TextEquiv>
                    <Unicode>Als Edelmann in strengrer Haft empfinden.</Unicode>
                </TextEquiv>
            </TextLine>
            <TextLine id="tr_1_tl_7" custom="readingOrder {index:6;}">
                <Coords points="458,1346 653,1383 879,1307 972,1360 1453,1293 1638,1317 1638,1204 1575,1177 1051,1191 885,1237 773,1191 458,1194"/>
                <Baseline points="477,1286 480,1289 525,1286 570,1286 615,1283 659,1283 704,1280 749,1278 794,1275 839,1275 883,1275 928,1278 973,1278 1018,1275 1063,1275 1107,1278 1152,1278 1197,1275 1242,1275 1286,1272 1331,1272 1376,1269 1421,1269 1466,1269 1510,1266 1555,1263 1600,1269 1645,1275"/>
                <TextEquiv>
                    <Unicode>Leonilda und Konrad ab.</Unicode>
                </TextEquiv>
            </TextLine>
            <TextLine id="tr_1_tl_8" custom="readingOrder {index:7;}">
                <Coords points="783,1419 2481,1390 2726,1356 2733,1237 2016,1263 1758,1346 789,1313"/>
                <Baseline points="803,1403 809,1403 853,1409 898,1409 943,1415 988,1412 1033,1412 1077,1412 1122,1406 1167,1406 1212,1400 1257,1397 1301,1394 1346,1394 1391,1391 1436,1388 1481,1388 1525,1382 1570,1382 1615,1379 1660,1373 1705,1370 1749,1370 1794,1370 1839,1367 1884,1364 1928,1361 1973,1355 2018,1355 2063,1352 2108,1349 2152,1346 2197,1343 2242,1343 2287,1337 2332,1334 2376,1331 2421,1325 2466,1325 2511,1316 2556,1313 2600,1310 2645,1310 2690,1310 2735,1310"/>
                <TextEquiv>
                    <Unicode>Ihr sassen: Heft.. H. dann, so welche; gelil glaub</Unicode>
                </TextEquiv>
            </TextLine>
            <TextLine id="tr_1_tl_9" custom="readingOrder {index:8;}">
                <Coords points="1210,1499 1489,1466 1705,1539 1814,1459 2437,1496 2540,1423 2872,1459 2968,1399 3134,1453 3140,1320 2384,1390 2039,1350 1821,1426 1214,1399"/>
                <Baseline points="1230,1475 1263,1469 1307,1463 1352,1463 1397,1460 1442,1460 1487,1463 1531,1463 1576,1466 1621,1463 1666,1457 1710,1457 1755,1457 1800,1457 1845,1454 1890,1451 1934,1451 1979,1445 2024,1445 2069,1445 2114,1445 2158,1442 2203,1442 2248,1442 2293,1439 2338,1439 2382,1436 2427,1430 2472,1427 2517,1424 2561,1421 2606,1418 2651,1418 2696,1415 2741,1412 2785,1409 2830,1406 2875,1400 2920,1400 2965,1397 3009,1394 3054,1394 3099,1391 3144,1391"/>
                <TextEquiv>
                    <Unicode>&lt;gap/&gt; Ist d eine thisil sprechen wie eerstaed</Unicode>
                </TextEquiv>
            </TextLine>
            <TextLine id="tr_1_tl_10" custom="readingOrder {index:9;}">
                <Coords points="451,1658 653,1685 902,1612 972,1671 1191,1618 1390,1665 1532,1645 1535,1532 1270,1486 753,1532 600,1476 454,1516"/>
                <Baseline points="474,1600 513,1597 558,1591 603,1594 647,1594 692,1594 737,1594 782,1588 827,1588 871,1591 916,1591 961,1588 1006,1588 1051,1585 1095,1588 1140,1585 1185,1582 1230,1582 1275,1582 1319,1579 1364,1579 1409,1576 1454,1576 1498,1579 1543,1579"/>
                <TextEquiv>
                    <Unicode>Freiherr und Anselma.</Unicode>
                </TextEquiv>
            </TextLine>
            <TextLine id="tr_1_tl_11" custom="readingOrder {index:10;}">
                <Coords points="451,1797 567,1837 594,1814 667,1821 706,1787 743,1804 789,1794 809,1817 829,1801 879,1817 882,1685 839,1665 786,1695 710,1661 657,1685 623,1671 577,1695 531,1661 454,1661"/>
                <Baseline points="474,1755 486,1752 531,1749 576,1749 621,1746 665,1746 710,1746 755,1743 800,1746 845,1746 889,1746"/>
                <TextEquiv>
                    <Unicode>Anselma:</Unicode>
                </TextEquiv>
            </TextLine>
            <TextLine id="tr_1_tl_12" custom="readingOrder {index:11;}">
                <Coords points="451,1927 2583,1867 2799,1950 3111,1900 3114,1761 2504,1701 2321,1794 451,1797"/>
                <Baseline points="468,1905 477,1902 522,1902 567,1902 612,1899 656,1899 701,1896 746,1896 791,1893 836,1896 880,1896 925,1896 970,1896 1015,1896 1060,1893 1104,1893 1149,1890 1194,1893 1239,1890 1283,1890 1328,1890 1373,1887 1418,1887 1463,1887 1507,1884 1552,1884 1597,1884 1642,1884 1687,1881 1731,1881 1776,1878 1821,1878 1866,1875 1911,1872 1955,1872 2000,1869 2045,1869 2090,1869 2134,1866 2179,1866 2224,1863 2269,1863 2314,1857 2358,1857 2403,1857 2448,1860 2493,1857 2538,1857 2582,1857 2627,1860 2672,1860 2717,1857 2762,1857 2806,1857 2851,1857 2896,1854 2941,1851 2985,1851 3030,1851 3075,1851 3120,1854"/>
                <TextEquiv>
                    <Unicode>Ahnt ich's auch lang — du weisst —, wie bin ich froh,</Unicode>
                </TextEquiv>
            </TextLine>
            <TextLine id="tr_1_tl_13" custom="readingOrder {index:12;}">
                <Coords points="451,2063 1453,2056 1569,2039 1572,1940 1028,1976 929,1933 799,1976 451,1983"/>
                <Baseline points="468,2060 501,2057 546,2057 591,2057 636,2057 680,2057 725,2054 770,2051 815,2054 859,2051 904,2051 949,2051 994,2051 1039,2051 1083,2045 1128,2045 1173,2042 1218,2042 1263,2042 1307,2042 1352,2042 1397,2045 1442,2039 1487,2036 1531,2036 1576,2036"/>
                <TextEquiv>
                    <Unicode>Dass alles wieder gut</Unicode>
                </TextEquiv>
            </TextLine>
            <TextLine id="tr_1_tl_14" custom="readingOrder {index:13;}">
                <Coords points="1370,2119 1436,2142 1516,2112 1572,2132 1585,2119 1615,2126 1622,2039 1565,2049 1555,2039 1516,2036 1446,2059 1409,2056 1376,2039"/>
                <Baseline points="1391,2087 1406,2090 1451,2096 1495,2087 1540,2084 1585,2081 1630,2072"/>
                <TextEquiv>
                    <Unicode>usar</Unicode>
                </TextEquiv>
            </TextLine>
            <TextLine id="tr_1_tl_15" custom="readingOrder {index:14;}">
                <Coords points="564,2126 614,2156 667,2129 799,2156 985,2122 1091,2156 1197,2112 1277,2142 1297,2139 1300,2049 567,2069"/>
                <Baseline points="582,2126 591,2123 636,2123 680,2123 725,2120 770,2120 815,2123 859,2123 904,2123 949,2120 994,2120 1039,2117 1083,2117 1128,2117 1173,2114 1218,2111 1263,2111 1307,2105"/>
                <TextEquiv>
                    <Unicode>breur 1) vu il a été</Unicode>
                </TextEquiv>
            </TextLine>
            <TextLine id="tr_1_tl_16" custom="readingOrder {index:15;}">
                <Coords points="1476,2219 1774,2192 1983,2255 2338,2175 2540,2189 2540,2093 2381,2076 2268,2136 2013,2086 1479,2122"/>
                <Baseline points="1498,2185 1519,2191 1564,2188 1609,2188 1654,2185 1699,2185 1743,2185 1788,2185 1833,2182 1878,2182 1922,2182 1967,2182 2012,2179 2057,2176 2102,2176 2146,2176 2191,2176 2236,2176 2281,2173 2326,2170 2370,2170 2415,2170 2460,2173 2505,2176 2550,2182"/>
                <TextEquiv>
                    <Unicode>Sei's nicht zu sehr.</Unicode>
                </TextEquiv>
            </TextLine>
            <TextLine id="tr_1_tl_17" custom="readingOrder {index:16;}">
                <Coords points="468,2258 537,2255 577,2275 627,2258 680,2282 726,2255 809,2262 836,2242 945,2265 945,2129 799,2156 736,2152 713,2129 657,2132 633,2156 521,2122 468,2139"/>
                <Baseline points="486,2209 501,2206 546,2206 591,2209 636,2209 680,2212 725,2209 770,2206 815,2206 859,2203 904,2206 949,2206"/>
                <TextEquiv>
                    <Unicode>Freiherr:</Unicode>
                </TextEquiv>
            </TextLine>
        </TextRegion>
        <TextRegion id="tr_2" custom="readingOrder {index:1;}">
            <Coords points="474,2276 2983,2276 2983,4008 474,4008"/>
            <TextLine id="tr_2_tl_1" custom="readingOrder {index:0;}">
                <Coords points="458,2418 1254,2355 1774,2394 2351,2341 2355,2248 1695,2315 1595,2252 461,2272"/>
                <Baseline points="480,2373 522,2370 567,2370 612,2370 656,2367 701,2364 746,2364 791,2361 836,2358 880,2358 925,2358 970,2358 1015,2355 1060,2352 1104,2352 1149,2352 1194,2352 1239,2352 1283,2349 1328,2349 1373,2346 1418,2349 1463,2349 1507,2346 1552,2344 1597,2344 1642,2344 1687,2344 1731,2341 1776,2341 1821,2338 1866,2341 1911,2338 1955,2338 2000,2335 2045,2332 2090,2335 2134,2332 2179,2329 2224,2329 2269,2326 2314,2326 2358,2329"/>
                <TextEquiv>
                    <Unicode>So sicher des Gelingens als ich mich</Unicode>
                </TextEquiv>
            </TextLine>
            <TextLine id="tr_2_tl_2" custom="readingOrder {index:1;}">
                <Coords points="461,2573 2185,2487 2345,2540 2398,2368 1303,2454 464,2424"/>
                <Baseline points="480,2526 522,2526 567,2526 612,2526 656,2523 701,2523 746,2520 791,2517 836,2517 880,2514 925,2514 970,2514 1015,2511 1060,2511 1104,2511 1149,2511 1194,2508 1239,2505 1283,2505 1328,2505 1373,2502 1418,2502 1463,2502 1507,2499 1552,2496 1597,2496 1642,2496 1687,2496 1731,2493 1776,2493 1821,2493 1866,2493 1911,2493 1955,2490 2000,2487 2045,2487 2090,2484 2134,2484 2179,2484 2224,2487 2269,2484 2314,2481 2358,2481 2403,2484"/>
                <TextEquiv>
                    <Unicode>Aus gutem Grund vor diesem Junker gab</Unicode>
                </TextEquiv>
            </TextLine>
            <TextLine id="tr_2_tl_3" custom="readingOrder {index:2;}">
                <Coords points="451,2723 2772,2670 2809,2570 454,2593"/>
                <Baseline points="474,2681 486,2684 531,2678 576,2675 621,2675 665,2675 710,2672 755,2672 800,2669 845,2669 889,2669 934,2666 979,2666 1024,2669 1068,2666 1113,2663 1158,2663 1203,2660 1248,2660 1292,2660 1337,2660 1382,2660 1427,2657 1472,2654 1516,2654 1561,2654 1606,2654 1651,2651 1696,2651 1740,2648 1785,2648 1830,2648 1875,2645 1919,2645 1964,2648 2009,2642 2054,2642 2099,2639 2143,2639 2188,2639 2233,2639 2278,2636 2323,2636 2367,2633 2412,2633 2457,2633 2502,2630 2547,2630 2591,2630 2636,2627 2681,2627 2726,2624 2771,2621 2815,2621"/>
                <TextEquiv>
                    <Unicode>Bin ich im Herzen nicht. Noch sind zur Stunde</Unicode>
                </TextEquiv>
            </TextLine>
            <TextLine id="tr_2_tl_4" custom="readingOrder {index:3;}">
                <Coords points="471,2859 2530,2796 2374,2689 2202,2746 474,2746"/>
                <Baseline points="489,2839 522,2836 567,2830 612,2827 656,2827 701,2824 746,2821 791,2821 836,2821 880,2818 925,2818 970,2818 1015,2818 1060,2818 1104,2818 1149,2818 1194,2815 1239,2815 1283,2815 1328,2812 1373,2812 1418,2812 1463,2812 1507,2812 1552,2806 1597,2806 1642,2809 1687,2806 1731,2803 1776,2803 1821,2803 1866,2800 1911,2797 1955,2797 2000,2797 2045,2797 2090,2794 2134,2791 2179,2791 2224,2791 2269,2791 2314,2791 2358,2788 2403,2791 2448,2794 2493,2794 2538,2800"/>
                <TextEquiv>
                    <Unicode>Die Boten nicht am Ziel.Es könnte sein,</Unicode>
                </TextEquiv>
            </TextLine>
            <TextLine id="tr_2_tl_5" custom="readingOrder {index:4;}">
                <Coords points="574,2898 660,2898 690,2922 730,2898 869,2912 958,2888 1008,2912 1128,2895 1220,2912 1220,2832 1035,2839 998,2815 945,2842 759,2829 723,2855 660,2822 574,2852"/>
                <Baseline points="591,2896 603,2896 647,2890 692,2890 737,2890 782,2890 827,2890 871,2890 916,2887 961,2884 1006,2884 1051,2887 1095,2887 1140,2887 1185,2890 1230,2887"/>
                <TextEquiv>
                    <Unicode>Les crote schurreux</Unicode>
                </TextEquiv>
            </TextLine>
            <TextLine id="tr_2_tl_6" custom="readingOrder {index:5;}">
                <Coords points="461,3001 2935,2995 2981,2812 461,2905"/>
                <Baseline points="480,2994 519,2991 564,2985 609,2983 653,2983 698,2983 743,2980 788,2980 833,2977 877,2977 922,2974 967,2974 1012,2971 1057,2971 1101,2968 1146,2971 1191,2968 1236,2968 1280,2968 1325,2968 1370,2965 1415,2962 1460,2962 1504,2962 1549,2962 1594,2965 1639,2962 1684,2959 1728,2959 1773,2959 1818,2959 1863,2956 1908,2956 1952,2953 1997,2953 2042,2953 2087,2950 2132,2950 2176,2950 2221,2950 2266,2947 2311,2944 2355,2944 2400,2941 2445,2941 2490,2941 2535,2941 2579,2941 2624,2941 2669,2938 2714,2944 2759,2947 2803,2947 2848,2947 2893,2944 2938,2944 2983,2956"/>
                <TextEquiv>
                    <Unicode>Sie kämen just zum ersten Schuss zurecht. bleib</Unicode>
                </TextEquiv>
            </TextLine>
            <TextLine id="tr_2_tl_7" custom="readingOrder {index:6;}">
                <Coords points="839,3081 1078,3127 1913,3028 2371,3081 2613,3041 2617,2965 842,3005"/>
                <Baseline points="856,3063 871,3063 916,3063 961,3063 1006,3063 1051,3060 1095,3057 1140,3057 1185,3057 1230,3057 1275,3054 1319,3048 1364,3048 1409,3045 1454,3042 1498,3048 1543,3051 1588,3048 1633,3048 1678,3042 1722,3039 1767,3039 1812,3033 1857,3030 1902,3030 1946,3030 1991,3027 2036,3027 2081,3027 2126,3024 2170,3024 2215,3027 2260,3030 2305,3024 2349,3021 2394,3021 2439,3021 2484,3012 2529,3009 2573,3009 2618,3012"/>
                <TextEquiv>
                    <Unicode>We is at we have</Unicode>
                </TextEquiv>
            </TextLine>
            <TextLine id="tr_2_tl_8" custom="readingOrder {index:7;}">
                <Coords points="1340,3127 1774,3111 1950,3184 2086,3117 2235,3117 2235,3061 2156,3028 1340,3054"/>
                <Baseline points="1358,3108 1391,3102 1436,3105 1481,3105 1525,3105 1570,3105 1615,3105 1660,3102 1705,3102 1749,3102 1794,3099 1839,3102 1884,3099 1928,3099 1973,3099 2018,3099 2063,3099 2108,3096 2152,3096 2197,3093 2242,3093"/>
                <TextEquiv>
                    <Unicode>leur doivent cet elle à</Unicode>
                </TextEquiv>
            </TextLine>
            <TextLine id="tr_2_tl_9" custom="readingOrder {index:8;}">
                <Coords points="478,3170 504,3170 527,3194 554,3187 597,3223 832,3174 905,3194 909,3077 822,3077 796,3051 693,3074 633,3054 564,3077 481,3051"/>
                <Baseline points="495,3150 507,3147 552,3144 597,3141 641,3138 686,3138 731,3135 776,3135 821,3135 865,3132 910,3129"/>
                <TextEquiv>
                    <Unicode>Anselma:</Unicode>
                </TextEquiv>
            </TextLine>
            <TextLine id="tr_2_tl_10" custom="readingOrder {index:9;}">
                <Coords points="484,3303 1055,3359 1489,3280 2371,3273 2424,3144 1688,3220 484,3200"/>
                <Baseline points="504,3293 549,3290 594,3290 639,3290 683,3287 728,3287 773,3287 818,3287 862,3287 907,3284 952,3284 997,3284 1042,3281 1086,3281 1131,3281 1176,3278 1221,3278 1266,3275 1310,3275 1355,3275 1400,3275 1445,3272 1490,3272 1534,3269 1579,3269 1624,3266 1669,3266 1713,3266 1758,3263 1803,3263 1848,3266 1893,3266 1937,3266 1982,3263 2027,3263 2072,3260 2117,3257 2161,3257 2206,3254 2251,3254 2296,3254 2341,3251 2385,3251 2430,3257"/>
                <TextEquiv>
                    <Unicode>Verzeih, wenn ich in diesem Augenblick</Unicode>
                </TextEquiv>
            </TextLine>
            <TextLine id="tr_2_tl_11" custom="readingOrder {index:10;}">
                <Coords points="474,3482 2255,3419 2394,3475 2520,3449 2524,3310 478,3359"/>
                <Baseline points="492,3445 516,3445 561,3445 606,3445 650,3445 695,3445 740,3442 785,3442 830,3442 874,3442 919,3442 964,3442 1009,3439 1054,3436 1098,3433 1143,3433 1188,3430 1233,3430 1278,3430 1322,3430 1367,3430 1412,3430 1457,3427 1501,3430 1546,3430 1591,3424 1636,3421 1681,3418 1725,3418 1770,3421 1815,3418 1860,3418 1905,3421 1949,3418 1994,3421 2039,3418 2084,3418 2129,3412 2173,3412 2218,3412 2263,3410 2308,3407 2352,3410 2397,3410 2442,3410 2487,3412 2532,3418"/>
                <TextEquiv>
                    <Unicode>Des Vaterlandes Heil,die Fr. g’,ob Krieg</Unicode>
                </TextEquiv>
            </TextLine>
            <TextLine id="tr_2_tl_12" custom="readingOrder {index:11;}">
                <Coords points="478,3621 2229,3625 2401,3585 2404,3465 481,3492"/>
                <Baseline points="495,3607 528,3604 573,3601 618,3598 662,3598 707,3595 752,3595 797,3595 842,3595 886,3592 931,3592 976,3592 1021,3592 1066,3592 1110,3589 1155,3586 1200,3586 1245,3583 1289,3586 1334,3583 1379,3583 1424,3586 1469,3586 1513,3583 1558,3580 1603,3580 1648,3577 1693,3574 1737,3574 1782,3574 1827,3571 1872,3571 1917,3571 1961,3571 2006,3568 2051,3568 2096,3568 2140,3565 2185,3565 2230,3562 2275,3562 2320,3562 2364,3568 2409,3568"/>
                <TextEquiv>
                    <Unicode>Ob Friede,nicht zu allererst bedacht.</Unicode>
                </TextEquiv>
            </TextLine>
            <TextLine id="tr_2_tl_13" custom="readingOrder {index:12;}">
                <Coords points="554,3774 1668,3794 1990,3721 2895,3784 2845,3648 2328,3678 2209,3611 554,3668"/>
                <Baseline points="573,3747 576,3747 621,3750 665,3750 710,3750 755,3747 800,3747 845,3738 889,3738 934,3735 979,3735 1024,3732 1068,3735 1113,3729 1158,3726 1203,3723 1248,3723 1292,3723 1337,3723 1382,3723 1427,3726 1472,3726 1516,3729 1561,3729 1606,3729 1651,3729 1696,3726 1740,3723 1785,3723 1830,3720 1875,3717 1919,3717 1964,3717 2009,3714 2054,3717 2099,3717 2143,3717 2188,3714 2233,3708 2278,3714 2323,3717 2367,3723 2412,3723 2457,3726 2502,3723 2547,3723 2591,3729 2636,3729 2681,3729 2726,3732 2771,3729 2815,3735 2860,3735 2905,3738"/>
                <TextEquiv>
                    <Unicode>Ich stufs M faitend, daft de Bimmede</Unicode>
                </TextEquiv>
            </TextLine>
            <TextLine id="tr_2_tl_14" custom="readingOrder {index:13;}">
                <Coords points="1134,3903 1479,3890 1545,3943 2056,3877 2527,3953 2806,3900 2806,3784 2544,3734 2345,3810 2049,3741 1940,3810 1443,3737 1134,3827"/>
                <Baseline points="1152,3866 1197,3866 1242,3869 1286,3869 1331,3869 1376,3869 1421,3872 1466,3869 1510,3866 1555,3869 1600,3872 1645,3875 1690,3875 1734,3878 1779,3878 1824,3875 1869,3869 1914,3866 1958,3866 2003,3869 2048,3869 2093,3869 2137,3869 2182,3872 2227,3869 2272,3869 2317,3872 2361,3872 2406,3875 2451,3875 2496,3875 2541,3878 2585,3878 2630,3884 2675,3884 2720,3884 2765,3887 2809,3884 2812,3884"/>
                <TextEquiv>
                    <Unicode>Mr d.A. S. rue den Rente ford.</Unicode>
                </TextEquiv>
            </TextLine>
            <TextLine id="tr_2_tl_15" custom="readingOrder {index:14;}">
                <Coords points="822,4059 1045,4003 1171,4062 1393,4016 1436,4043 1715,4029 1751,3993 1864,4016 1860,3903 1791,3890 1545,3943 1476,3890 1396,3923 1297,3897 1227,3956 1098,3877 819,3870"/>
                <Baseline points="836,3974 880,3968 925,3974 970,3977 1015,3980 1060,3983 1104,3986 1149,3986 1194,3986 1239,3986 1283,3989 1328,3989 1373,3986 1418,3989 1463,3986 1507,3989 1552,3989 1597,3989 1642,3989 1687,3992 1731,3989 1776,3992 1821,3995 1866,3995 1872,3998"/>
                <TextEquiv>
                    <Unicode>kehr Ihr briebe nicht</Unicode>
                </TextEquiv>
            </TextLine>
        </TextRegion>
    </Page>
</PcGts>
