3352 4056
316 416 3002 739 Frt. Und schien's in diesem Augenblicke darfon
366 625 2977 863 Uuwalt-einsbursuffort. - ist diese wehr
337 806 2632 1069 Vn deren Einer, die, um jeden Prei
345 995 2991 1254 Nore thater leskjeod, sei ui (si uulos auch)
2124 1172 2764 1346 ohne Sicr
313 1222 2952 1556 Nort Ribonlengenod, minste ni eti auch
320 1425 3041 1691 Mit Stiewe fremde Bils bezahlen. Theil
1137 1606 2039 1769 Zeilen Gränk
298 1638 2970 1940 Au soleter Eegeublude Wm leage
284 1822 2973 2132 Sen. Ob deeser an der Gegenwahl Verwandten
291 2000 2608 2338 To ntulit it of a dupl, it get
295 2252 2988 2515 Es nicht. Die heiß in dieses Stunde
2565 2437 3055 2650 seiner
323 2494 1368 2789 Nul sladt je vais
1467 2487 2924 2828 la tige seul je mais des
298 2679 3155 3052 Nach lezven sine, begriftet. Nur ich hatte
