3464 4232
366 330 825 527 4/10. 1920.
2737 346 2873 553 74
757 421 2840 679 see get unprogeeckle Stictseldcab
763 598 2947 754 Mit eher alle Sollteil zu entwiedern.
463 708 2501 854 Den Schicksalsstab, der jäh amporgereckt
472 822 2869 1032 Weit übers Land Verderben schwingen konnte
1870 945 2090 1019 enera
605 964 1013 1061 Mit ihm
2426 954 3170 1139 I am in
463 977 2332 1168 Gelind für eine Weile zu entwinden.
2572 1055 3102 1200 Bergler Oct /
1016 1100 2180 1207 lubhose uni cent a tale...
476 1139 2766 1381 Konrad: Ihr meint, das liesse sich -Ihr denkt
2277 1223 2889 1349 sein Heer -
492 1313 2931 1520 -Ja!Seines wenn er will:- Ihr denkt,sie litten,
476 1491 3073 1695 Dass solche Kränkung, solche Schmach - - sie litten
476 1647 2649 1867 So lang er lebt,dass über sie ein Andrer.
498 1841 1258 2022 Freiherr (ruhig)
1197 1960 1304 2054 we
492 1935 2549 2155 Kein Andrer wardan seiner Statt berufen
488 2090 2481 2319 Den obersten Befehl behielt der Kaiser
1889 2239 2860 2394 na nesdtet bleik
485 2271 2546 2475 Sich selber vor. Der Titel, wie natürlich
1873 2387 2371 2523 Urenbert.
463 2400 2640 2620 Bleibt deinem vater, dem wie seinen Erben,
501 2604 2591 2831 Zugleich der Grafenstand verliehen wird.
2032 2711 2814 2853 Kon St Wmbeck
514 2737 1815 2973 Konrad: Und nahm er ’s an?
2077 2824 2274 2934 Tit.
2349 2776 3251 2963 Je vale enie de l'oh
1530 2882 2979 3083 Wir werden s bald erfahren.
508 2944 983 3076 Freiherr:
1022 2983 1407 3151 j'ai tout.
524 3028 2886 3225 Konrad: So ehrenvoll dies zweifellos vermeint,
518 3193 2717 3384 Wer weiss, ob nicht aus eigner Macht indess
1401 3326 2070 3439 G.Nohum la
511 3381 2497 3542 Mein Vater noch viel höher sich erhob.
1048 3497 3125 3711 Wir können nichts als in Geduld erwarten
521 3568 1006 3694 Fieiherr:
1071 3646 3015 3843 Nie siebt er höhre an; - ich
1084 3830 2863 3963 Adi Et une keure traciste stets qu'il
