3512 4216
2939 300 3267 594 R. 26
452 525 3039 801 Bleibt deinen Valer dem und seinen Storin
470 722 3057 1026 Nur Grafenland zugleich erleiten worden.
435 926 1755 1236 Kruar, Graf Unserbuch,
1306 1126 2815 1385 Les Vites - wie du Sohre
442 1202 670 1361 Ist,
432 1333 3205 1668 kmead. So eheenvoll dies weifelles vermeint
490 1606 3171 1837 Es Brurte sein, daß ich im Fahrt
2746 1734 3074 1924 p.t.
2038 1813 3316 2031 der ewilp kaschill
484 1879 915 2069 Jedts
456 1993 3091 2207 Aus eigner Bift indem noch hoher schwan¬
452 2169 1154 2476 Frl. (an hin)
1178 2197 3084 2463 Nis strebt u hohre an -
2210 2376 3043 2587 Rei ihn gut, -
456 2490 3105 2780 orn Raiers hendler Held p sein.
591 2735 3274 2994 In' bit reci Erbe, Kontard - erb' auch dies
