3528 4264
2824 379 3026 565 179
506 583 923 754 Anselma:
491 701 2644 890 Schlimm-sagst du?-Sah man eine Fürstin je
500 849 1411 1006 Lieblich wie sie?
1269 967 2857 1159 Doch hatt’ ich schon die Braut
518 1044 1000 1216 Freiherr:
503 1183 2588 1372 Als unwert meines hohen Freunds erkannt.
1088 1284 1535 1402 gar, sehr
506 1334 2718 1461 Und eilt ich so den Bund zu knüpfen xxx
2798 1328 3067 1532 Henry
1281 1423 2748 1532 eue aussi le
503 1496 2736 1633 War's Treue nicht, nicht Sorge um das Reich
500 1635 2425 1828 Ein andres Baugen,-brüderlic her Wahn
518 1772 2671 1976 Von Ehre war's,-war Angst um dich, Ansebma
518 1952 2461 2115 Die ihn geliebt und die, so ebenbürtig
512 2100 2564 2295 Sie ihm an Herz und Geist, so würdig sie
518 2265 2833 2407 Auch eines Throns mir schien, doch nimmermehr
1121 2387 1346 2470 une
521 2404 2484 2579 Das Aug zu solcher Höh erheben durfte
1428 2529 1606 2611 hard
526 2582 2901 2736 Du weisst, längst bin ich meiner Torheit inne,
529 2668 2617 2895 Die frevlerisch in fremdes Dasein griff,
1254 2821 1967 2925 in seven trost of the
1003 2830 1183 2943 susar
523 2889 2833 3061 Doch heut die Brust erfüllt von seiner Rede,
529 2990 2609 3227 (Drin das Bekenntnis seiner Zärtlichkeit)
810 3138 1831 3236 Cundem & Ennvis deme
523 3162 2484 3375 Und das Gedächtnis deiner Jugendblüte
532 3309 2594 3508 Erkenn’ ich ganz, wie bitter ich gefehlt
1417 3445 1742 3540 n'elle et
538 3481 2591 3794 Au dir, an ihm und auch an diesem Reich,
671 3871 2508 4067 Die wäre Nieren mitt den Stuy zu Stunden
