3464 4232
2644 467 2825 650 195
527 608 2939 801 Noch glaub ich's nicht - ihr Herz mir abzuwen-
2695 765 2882 870 den
470 855 2740 1033 In einer Frist von Nacht und Tag und Nahht
476 1000 2430 1150 In einer stunde ring ich’s mir zurück,
473 1165 2322 1280 In einer Stunde? Setze Tag und Jahre
175 1075 431 1346 Dech.
458 1274 2394 1473 Ein Leben setze dran;-es rinnen eher
476 1463 2779 1608 In eines Bettlers Schoss von heut auf morgen
461 1548 2430 1741 Schätze, um die er niemals sich gemüht,
467 1725 2668 1897 Unsterblichkeit umfliesst in Strahlen eher
1873 1843 2463 1951 Nämen
750 1858 1328 1960 is in die in
461 1864 2885 2087 Die Stirn, die eben noch im Dunkel schlief
554 2002 2403 2105 Blutiote Boren nebst aus Einstehteler
473 2084 2514 2201 Entblühn siehst dufaus Elsgefilden eher
524 2165 2252 2258 Ii ehe blâtes aar mougis -ich dat d
473 2231 2213 2373 Die Rosen von Lerichorals dass du
1066 2307 1469 2454 Gretter
479 2361 2165 2541 Und wären alle aben dir verliehn
464 2517 2466 2707 Ein Herz, so sehr ei einst das deine war
1710 2620 1918 2716 Wm
452 2680 2575 2849 Zum zweitenmal erringst, das du-verlorst.
