3448 4184
2871 201 3117 427 20
288 319 2937 690 Dem gestern durchlokst - u. oder wenn gleich
322 628 3034 933 Das dir für morgen bleht - für eine Nacht
336 895 2937 1214 di auszuken wollleit; - selig bewilde
329 1186 2923 1425 Mösich, zu machen über deinem Schles¬
364 1394 3083 1647 Und impte did - wie keines anders mens
368 1609 3159 1987 Lern (schwerd) Ostell Syloede. I schweige
1924 1897 3090 2167 trib verwärt.
413 1987 1644 2264 Feviedler Bild
347 2209 770 2479 Syl.
1293 2226 3142 2490 Hrs sahst es vie mal klarer
406 2517 3155 2746 Ich bin welt edel. Th in heusch; - ein kann
371 2684 2836 2975 Der seiner Schreisicht Ruf aus früher
2438 2878 2934 3093 Schöner
402 2968 2979 3315 Nach der Gefällte deiner Jugendschick
378 3201 2729 3520 Nass er in ihrem moyendlichen Bust¬
413 3436 2736 3741 Von Abendfloß der Eiasenheit
2108 3707 2611 3956 geven.
