3432 4184
2786 150 3061 321 205
2704 275 3068 450 Sick
1438 328 3097 585 it, datt aus einer Schicksal
300 353 1441 624 Sem. Und hat i
2583 524 3007 710 nocht
332 635 2936 1002 Ausbündert überlever der entgegen¬
293 913 3161 1202 Neubet die - weil ich weit derer unwalt
2401 1127 2808 1359 so tll.
282 1206 3129 1488 Versagt ich mit? - Und kindert die vor mir
321 1466 2890 1723 So mitemen als ich verworfen man —
371 1645 3004 1955 Tinkst da, er floge das men Heydrip¬
389 1916 3214 2176 Syb. Ist, der den Herz, das jenen sich gescheht:
435 2158 3004 2380 Ich keu did bena at du selbst dich kenst
428 2297 2915 2576 Reinheit - Sünde, - Treue und Verwalt
457 2526 3043 2797 Wie solcher armee Morte Sinn verle, et
2708 2786 3129 2932 Herrn
400 2751 3107 3000 Vor deme freigeschaffner Wesens Harich,
432 2932 2925 3243 Muhrlich! Der Reimt u liebte durch
1866 3157 2736 3378 nicht recht
414 3175 3043 3617 Dee tappisch frech nach vieler Gattenwerre
428 3446 2790 3803 Statt jede Huld aufs seine jedesma
