3512 4264
2769 359 2976 561 1 78
486 535 2527 745 Als säh ich Tag für Tag, sein Leben auf.
474 670 2746 937 (Entschwundenes flammte xxx,-Bewahrtes gab
500 831 2743 1009 Als wäre was er sprach und sie ich's hörte
497 1006 2596 1184 Zusamm erst eins und erst zusammen wahr
506 1170 2714 1340 Sich ohne Scheu und Trug den sinnen kund.
1184 1294 1420 1403 ehen
509 1314 2550 1532 Dunkles Geschee in Eng und Weite hellte
506 1484 2815 1647 Den Blicken sich.Aus Nähr und Fernen stiegen
509 1587 2628 1808 Gestalten auf im Innersten durchschaut.)
512 1791 2553 1958 Und so von Klarheit ring umspiegelt lag
512 1941 2467 2104 Sein Wesen klarer als ich's je gesehn
520 2070 2769 2248 Vor mir - des Fürsten wie des Manns. Ich sah
523 2277 2452 2441 Was er an Menschen, sie an ihm gefehlt
523 2441 2794 2596 Und-eigner Schuld ward ich mir tief bewusst.
1567 2524 1932 2642 wiffer
540 2610 2208 2754 Anselma: (sieht ihn verändert an
532 2760 1009 2941 ureiherr:
535 2886 2378 3076 In seine Ehe blickt ich, die der Tod
520 3053 2766 3214 Der Gattin kürzlich erst gelöst. Ich war’s,
538 3154 2622 3372 Der aus politischen Gründen-die ich ihm,
540 3312 2628 3510 Dem Land endlich mir selber vorgeschützt
523 3484 2605 3660 Zu dieser schlimmen Heirat ihn gedrängt,
690 3893 2518 4048 Dr Wm H. N.Y.
