3368 4200
2637 197 2760 422 P.
2904 274 3063 471 a
366 376 3052 675 I nicht so verborgen at du denkst. - Monheur
200 348 341 700 Sr
2050 573 3013 819 der Habe in aa tlet
299 654 3059 960 die lieben Guillen, draas mit Reisete Tode
229 879 2838 1160 Aus einverdändzen Meage Nehrung hiert
243 1051 3070 1378 Nod leichter will ich in die Hickel, draas
2461 1301 2862 1579 blige
236 1301 2412 1607 Andie Gerardter Feuilen Steine,
288 1537 3042 1867 konier. Ich wert nicht, wo der witte Stein¬
2138 1730 2676 1962 erhol-
292 1902 2954 2226 Jestst im Geiste schuldt ich ihm der Hände.
