3416 4248
2578 253 3155 475 20y - 27
397 394 3233 728 Bick eines liever Hundt; - wie vielfort mugt
1653 668 3060 922 Came m uns bemerkt
415 668 1569 1006 All dies geringe
2121 872 3124 1140 titlé mandel. -
376 957 820 1157 Solav
855 967 2072 1263 Lebenitz, wie in
528 1115 3229 1481 Wie wiegt der nadillbarsten Traier Frauen
475 1414 2993 1702 Versichernd in ein frühlles stuivres Grab.
524 1643 2962 1973 trie wegh der Zuschrift feld ant
2202 1808 3085 2012 Marmosten
545 1931 3095 2258 Pari cela des Gymènes Leib. vermeudert.
492 2220 1520 2522 Mitamendfälle
848 2417 3046 2687 mige inveudlich oft all jenes nichtge
531 2645 3113 2909 Oh qui meublert oft meest, ell dies nichtge
704 2828 2930 2986 unsterblichteil - der Trösse Lage auf
524 2874 3029 3162 die beige der Unterlichkeit uns auf
580 3074 2955 3387 Und künfliger Welten Tank - so hef ik
2374 3306 2976 3479 stromi,
601 3412 2976 3729 Später geschlechter beendiges Verstor¬
