3480 4264
2780 276 3157 536 175
334 428 1918 710 dit gleich besorgen
1468 536 2773 765 will., in denen die
413 700 2994 1080 In Garten dietergehend, davon Fall
388 993 3201 1254 Wie sich empfiehlt, - verflad erwogen magst
435 1124 3016 1479 die, Sewilde - bleibet an seiner Seele
402 1392 3317 1700 Lese. Ich für ihm - Bürge - Valer, für dies Amt
2458 1602 3255 1787 ed fürkte fast
399 1671 3234 1947 Mahl geword andeen; - die es wollte sein
2846 1831 3266 2030 berigte
399 1845 3270 2124 tafrid it will - part de men Sie beiden
979 2084 1918 2262 Mies des gefällt -
500 2099 3328 2440 Ihr's Nicht darum geht. Jehst sich stellt ich ihn
392 2371 3244 2635 Mit Wochen - wieder fliebe. Nach en Mäd¬
413 2530 2965 2788 zu seinem Wächler marke, wieder sich
399 2697 3176 3074 As E'Elmai in shagre Heft empfindu
497 2918 3295 3284 him— The sayter: Heft – Ob stea, of wild
986 3219 2316 3436 gefangen sei auf - wird - Recht,
2331 3186 2664 3455 ter
2751 3226 3038 3444 and
504 3273 3259 3563 Ist. De eine Stände werden wir uns wied a
2342 3339 2512 3436 u
772 3447 2668 3668 dre libertere des Reste y
1378 3560 2443 3781 Terl. - Avrilen
399 3632 2229 3958 Aas heer Bruder - wt forte
