3416 4232
2707 288 3132 524 2th c
232 348 2738 671 Sers. Bedeutet solete Stunde drieine,
327 636 3040 886 Was dir, doch meuch. Einigkeit bescheidn -
341 826 1968 1104 Und mauche marlet den
352 988 647 1283 Syle
1294 1037 2615 1304 drie weept, ich sprach
323 1248 2812 1550 Il sont sefahrée, - fusil Eultonsdte du
327 1466 3058 1750 Von andere Stunden at de mollisch we will.
352 1733 2858 2021 Den, so begehrenswerth die reist; - wenn ich
323 2046 2949 2316 Mit sollte Jntrunst um dich werbe, ist
341 2225 3005 2520 nicht darin? Doch weil geweits alles
2387 2464 2875 2682 -siben
316 2471 2896 2858 Has ill gelett; - weil aber allen Werk
292 2749 1304 2998 Das ich vernich
1395 2812 2956 3097 , - wenn Wider die erahnt
306 3051 3132 3378 Und jetzt auch, da die untermeldert in hod-
320 3230 1216 3494 Nid dut erbo
1195 3279 2826 3638 it in meme sick pher
330 3473 2858 3877 Weissid dich nie bestimmt - in alle
1796 3765 2355 4004 Frans &c
