3496 4232
2946 239 3218 399 or m
2848 345 3141 573 198
250 457 3167 736 Dass ich nicht früher erkannt, war noch zu die
279 686 2775 969 Nas Kind ihm übermähtig zu die zog,
392 878 3000 1114 Und. jevreits weiues judicus bleib an
2539 1099 3018 1266 nah:-
363 1117 3181 1451 Sylv. Und wir die v öwstest - bist du ganz gewiss.
374 1400 3203 1672 Dafs nur Reçu schlimmer Julien dich befängt.
726 1534 867 1651 et
410 1542 3069 1850 Soll do Gefühl, daß du aus Rindheitslagte
457 1785 2964 2039 Getre i wir ubes en Jahrgebut bemahr
461 1952 3192 2264 Nur Wehr geweke an? Ist nicht vielmehr
377 2137 3087 2423 Ein Wohn der Zaubes, der dich heute umschlecht
424 2303 1814 2568 ad med vienti.
341 2507 751 2728 der
1418 2452 3094 2786 Er wird Ich seit Jedoch
348 2713 2964 3029 Mas di wubist, wird einig seri petii in
435 2949 2735 3207 Was nue - (wes Raas verstohen wie etc.)
2260 3131 3058 3363 dre Deutung
450 3199 2956 3544 me sine Freue (or den fermen Freund)
479 3428 751 3573 hen
508 3457 2978 3787 is dawerod is her wichte very vulich
