3512 4280
2804 355 3245 531 180
407 489 2990 799 Zal Franculippenge - so sanften Hout
799 703 1037 834 4.45
2832 699 3280 875 W Nulle
400 754 2801 1027 Ein kühlen u vres Sictters rutlos Heis
469 875 3056 1233 Und was ich wilt gestaffen, wie ich bin,-
424 1113 2732 1392 Neubätde, des hiederliches Strenge je,
458 1326 2384 1574 Je écue jattes Siebeslyrannes
500 1502 3156 1822 _c Weib in Tende unserregen selbst
475 1740 3180 1964 Nos in viel selbst nicht fest gebunden war
458 1902 3169 2253 Von Urbeginn - - Lass Bruder al, wenn Sr
462 2167 3100 2405 Iont unibetur leskend je enlveritr
438 2412 3076 2708 Hatt ist sent for which rele we'll bemcht
444 2649 3121 2849 trete at mir Einem nicht ist dass geboren.
482 2842 3252 3080 Und daß ich we ich so das bemerkte wich
