3288 4040
2543 313 2740 436 236
433 388 911 656 Freiherr:
436 585 2737 840 Ich weiss. Und leichter geh ich drum von dir
2168 769 2507 905 morgen
443 766 914 989 Leonilda:
1884 830 2772 969 dich in der Frühe
430 950 2730 1144 Ich bin nicht weit. Verlangt xxxx
439 1073 2507 1267 Nach deinem Kind,bin Mittag ich bei dir.
423 1250 911 1357 Freiherr:
1784 1280 2091 1419 met
543 1344 679 1444 Ln
430 1364 3028 1564 Doch fändest da mich nicht. Meinn unnütz Amt
443 1522 2423 1706 Ein Andrer mags verwalten. Unverzüglich
588 1648 924 1767 dein geht
427 1654 2511 1861 Leg ich s zurück in meines würsten Hand.
433 1864 2207 2003 Und zieh mit meinem alten Regiment
430 1994 2785 2178 Wie ichs für solchen Fall mir schwor, ins Feld
627 2107 2472 2194 du sebst - wis Feld, - oder Frevens Stüter – die
452 2110 549 2200 A
278 2152 2766 2356 75 Ein würdiger Ding ist Tat, selbst ohne Sinn,
420 2294 2711 2446 Als Wort,das ohne Macht, sei's noch so weise,
423 2446 1797 2633 Dominik: (tritt wieder ein)
417 2604 2756 2798 Herr Thoru ist nicht im Garten, nieht im Haus.
417 2756 1803 2979 Doch niemand sah ihn gehn.
1667 2911 2475 3118 Begreiflich; da
430 2924 905 3112 Freiherr:
420 3044 2459 3264 Das ganze Hausgesind ins Dorf gelaufen.
436 3205 2734 3406 Ist wenigstens der Kutscher bald zur Stelle?
423 3370 850 3587 Dominik:
423 3519 1583 3739 Der Wagen steht bereit
469 3671 979 3897 wieder/ab
