3368 4248
2866 239 3148 464 161
214 289 2923 571 Dem hatte yor dem Stadtthor Eure Wagen
293 525 3073 835 Auf ofrer Straße ist gekriegt - Ihr Falle
257 739 2748 1081 i voller Fahrt der rewer a fgehalten
243 953 2512 1260 Un-Frieden zu -ubetteln wären?
2580 1031 2909 1196 and
792 1174 2298 1545 Bewegers
278 1338 3044 1731 Tit. for are might. And ist hef from Fluk
268 1659 2816 1949 In seuer Haus n'est de Marquere au-
182 1852 3055 2106 Neh, et ich noch, - zum Antritt weines Amt
268 2077 2930 2387 Stein Raier dienstbereit wegweldete.
328 2266 2662 2619 Ich aufzurücken - angewesenen für
286 2520 1849 2766 Hos freuod aus bemerc
1866 2566 3016 2809 iten, der es drängl
289 2719 1784 3044 des hériod, et ce du
1938 2716 2976 3033 glad. des Land
2359 2962 2926 3183 wiliche
318 2991 2980 3333 Enkelder Mal u Herzlichkeit zu zwischen.
364 3237 2919 3576 So is and weht anders we will selbst
2084 3494 2787 3790 in Sim
