3448 4184
2621 263 2812 429 221
413 423 2796 723 Mit wem's auch sei, so bald mich zu vermählen.)
157 539 348 827 be.
423 726 905 892 Freiherr
429 811 2471 1043 Du sprachst zuerst.Verwunderlich genug,
445 1002 1572 1224 Doch dieser schweigt.
1497 1077 2508 1309 Was Leonilda sprach
467 1190 905 1346 Konrad:
2690 1221 3059 1412 aider
460 1284 2342 1506 Auf alle s.was ich etwa sagen dürfte,
467 1412 2824 1660 Gilt's wohl als Antwort. Also bleib ich stumm.
482 1631 996 1788 Freiherr:
482 1681 2796 1954 Dass du so schuchtern bist! Du solltest wohl
492 1857 2699 2107 Ein Wort zu finden wissen, dass die Antwort
501 2017 2862 2276 Dir würde wie du wünschst und wünschen musst,
507 2154 3031 2405 Konrad: Dass ich es fände - möglich. Doch gewiss
517 2280 2787 2577 Dass eins zu suchen jetzt die Stunde nicht.
535 2568 1027 2721 Leonilda:
488 2637 2884 2865 Und gle ich falls möglich nur, dass je nie käme.
535 2771 2799 3022 Und wenn sie kommt - gewiss dass nimmermehr
551 2978 2586 3181 Wir als die Gleichen uns genüberstehen.
564 3050 2727 3322 Frei geht an fort, ich bleibe frei zurück
1065 3116 1227 3241 d'er
316 2962 457 3391 e
573 3222 2643 3501 Und wie - ob wir einander wieder finden
592 3372 2881 3651 Weiss nur der Gott, vor dem wir uns vermählt,
