3432 4264
244 302 543 615 4.1927
2553 430 2759 639 210
2924 454 3127 708 18
656 629 948 777 siner,
440 636 2460 931 Gilt anderer Los, die von Geburts zu Tod
454 787 2354 990 yn enger Zeitenspanne sich vollenden
457 928 2560 1186 Gemeiner Fluch der Sterblichen auch dir?
402 1113 2622 1323 Und träf er dich;-wem wäre Macht verliehen
457 1237 2471 1515 Freund oder Frau, von dir zu nehmen was
467 1405 2935 1636 Wenn's dir verhängt ward nimmermehr das Gleiche
430 1577 2326 1832 WWe uns Vergänglichen bedeuten kann.
430 1746 972 1983 Sylvester:
423 1866 2911 2093 Höhnst du? Weisst du nicht, dass vnsterblichkeit
430 1972 3192 2258 Ein Märchen ist, dran wie an andern xxx ###
1663 2141 2041 2261 und
1210 2161 1629 2289 erst sei.
440 2158 2405 2409 Lebend de nur vergotzen? Dass wer sich
450 2337 2364 2550 Vom Dasein ungesättigt sterben legt,
454 2467 2728 2701 Mit Lust für einen planken Strahl der Sonne
440 2653 2254 2838 Des Himmels blauende Unendlichkeit
457 2790 2220 3010 Für einen Atemzug von Erdenlüften
460 2959 2429 3158 Den blassen Wundertrank der Ewigkeit;
467 3099 2484 3374 Den Wohnesang von tausend Engelschören
474 3271 2546 3484 Für einen holden Menschenlaut verkaufte
474 3364 3010 3636 Ein Druck von Freundeshand - ein Frühlingsmorgen
491 3570 2904 3759 Ein Becher Weins - ein Lied - Duft einer Blume
