3384 4136
2635 219 2850 493 22 3
402 516 2475 833 Wohin ihr Weg,wie tief, wie hoch er führt.
438 731 2406 966 Und solcher-Abenteurer Art ist s eben
451 878 2537 1081 Auf ihrem Weg - aus Laur’,aus Ängeduld -
451 996 2377 1254 Zu nehmen, was das gute Glück bescherte
1763 1094 2632 1241 teilen die.
460 1172 2661 1391 Sei s Göttin, Bauerndirn, Prinzessin - Nixe.
464 1407 970 1603 Freiherr:
480 1453 2318 1721 Doch wenns i allzu ungeduldig sind
1002 1652 1355 1760 du m'en
477 1659 2423 1900 Und allzu kühn mag wol in allem Glück
500 1757 2570 1985 Ein Ungemach solch wilden Fant begegnen,
549 1812 757 1952 Auch
1277 1900 2576 2037 wir uns knannt
640 1962 983 2083 etine
496 1946 3125 2171 Wie, dass man um geplanten Hochverrat  wegen Gestrum¬
522 1982 611 2057 Je
673 2086 1926 2204 Ihr xxx stellt
519 2126 2011 2318 In Haft ihn setzt Ha Dominik!
767 2227 1952 2390 Vorschleppent ihr stellt
1946 2237 2968 2419 Herr Kanzler, —:-/1
503 2328 993 2459 Konrad:
500 2400 2811 2612 Gewalt brauchts nicht Ich laufe nicht davon.
519 2560 2805 2765 Und da Ihr Eures Rechts Euch sicher glaubt
529 2694 2452 2945 Wozu der Umweg? Haltet Selbstericht.
535 2857 2769 3069 Denn andern Richtern, die sich nicht wie Ihr
2668 2974 2808 3125 7bre
542 3010 2579 3223 Just mich als Eidam in den Kopf gesetzt
571 3144 3007 3379 - Es ehrt mich sehr, doch ward Ihr allzu schlau -
549 3304 2599 3546 Wer weiss,ob Ihnen Hochverrat erschiene
552 3490 1600 3709 Was Euch souscheint.
1433 3585 2942 3833 Denkst du, mir gents um dich?
552 3660 1042 3911 Freiherr
