3304 4056
2370 189 2559 463 233
332 390 2574 655 Zieh frei dahin. Dein sei was du begehrst.
366 579 2672 746 Sei Tat und Ruhm, sei Himmel, Welt und Hölle.
393 746 2276 911 Zu stürmen und ergreifen bist du da
1547 871 1730 957 The
411 865 2653 1115 Nicht hinter dich zu sehen und zu bewahren.
405 1075 2623 1264 Und wenn an anderer Menschen Schritte sich
411 1191 2772 1386 Erinnrung gleich wie schwerer schatten heftet
402 1371 2437 1563 Dich trage flügelnd sie zu neuem Glück.
408 1544 804 1746 Konrad:
417 1666 2714 1907 Wie Segen klints, doch Abschied ist der Sinn.
417 1843 905 2029 Leonilda:
423 1992 2601 2154 Wunsch und Verheissung - also nimm es hin.
445 2151 2745 2346 (Sie küsst ihn auf die Stirne,er wendet sich
417 2300 2047 2492 zu gehen,blibt plözlich stehen)
323 2446 810 2644 Konrad:
423 2544 2556 2781 Noch eine Antwort fehlt.Sylvester Thorns.
414 2748 905 2952 Freiherr:
411 2909 853 3107 Er gi ng.
430 2973 2522 3223 Konrad: Er hörte mich, mein Wort besteht.
417 3183 2495 3406 Gesäumt genug,zum letzten Mal:Lebt wohl
426 3336 914 3506 Freiherr:
430 3421 2885 3677 Noch eins:Hetz nicht dein Ross zu Tod und sich
430 3628 1133 3793 seb wohl – uns
