3272 4040
332 415 2028 712 Mehr Euer Gnaden weiss ich nicht
1987 610 2280 808 Warum
323 655 808 827 Freiherr:
1699 719 2095 878 b.
329 802 2577 980 Hielt man nicht Einen auf? Den nächsten will
1265 942 1472 1051 Je
348 942 2673 1121 Ich sehn. Man bring ihn mir. D., Dominik,
367 1105 2929 1313 Verbleibst im Schloss in jedem Augenblick om et
329 1265 1884 1536 Gewärtigt meines Rufs zu sein.
342 1421 977 1590 Dominik: (ab)
1779 1511 2462 1766 Herr Kanzler,
342 1635 715 1737 Konrad:
335 1674 2523 1961 Wer auch begann, wohin der Sieg sich neige,
326 1865 2612 2105 Der Krieg ist da-und anders schaut die Welt.
345 2047 2478 2207 Dies Aug und diese Brust „Gewaff‘ und Hand
345 2169 2833 2357 Sie sind des Reichs, des Vaisers,nicht mehr mein,
326 2357 2833 2561 Und kehr ich wieder - leichtern Sinns als heut -
335 2545 2360 2711 Begleich ich jede rückgelassene Schuld,
329 2654 2507 2881 Und gern bekenn ich sie bevor ich scheide
348 2852 2600 3005 Ihr,Herr Sylvester Thorn, was auch geschehe
345 2938 2315 3184 Des ersten Anspruchs haltet Euch xxxiss
332 3114 2162 3341 Und eh der Friedensglocken verhallt
335 3248 2619 3488 Wohin Ihr mich beruft will ich mich stellen.
339 3433 2271 3634 Dir „Leonilda,beug ich Knie und Haupt
