3512 4264
2835 261 3236 498 176 b
362 401 3243 698 Hofs Ihr - das und der Kaiser, sich nach Schilp
358 648 2971 984 Mintzer Grolle gefunden, - bin ich frok
405 888 3236 1131 Tit. Cass der gedeten - auch mir - wie immer sich
394 1149 3057 1407 Ob jet ob, Meckl. de Reich p
444 1360 3261 1697 Moi ik durchfuhlt, durchlebt in dieser Tag.
490 1582 2950 1876 très bleibt en invoyangliches jedent
498 1722 1110 1915 Mw bleibte
2313 3895 2399 4042 e
