3432 4184
2806 142 3037 352 202
227 316 2806 636 Und also steht der glache heut or du
284 533 1616 895 Wee er twee Tagen gue
1673 590 2796 899 , - de glaite du
337 814 2956 1034 Versogt war seiner Sécution nach zu leben
352 973 2949 1219 weil nie ici rühroller Geil ihm mein
796 1165 2917 1346 Les di- als eut n'etre la peu
359 1197 3144 1485 Nod dir, dies endlich weit achver
149 1247 529 1407 Von dienst mehr
380 1407 3148 1663 I wendert dit ongenbert in unieb¬
270 1535 3130 1904 Sevn. Ich kann der nicht mehr geben dieser Glach
341 1766 3052 2071 Ion best work der du marst. Ich bin s'witt inde
334 1975 2959 2213 Ich war es ine - die die in mir geschr
306 2100 2981 2426 Sylo. S. Fists. Ich fühls. Beits welcke els de
2135 2370 2682 2544 gewesen
373 2394 2973 2718 He über deiner kühle Mädtenden
426 2604 2973 2952 Nu uns tield blaher Damersblein
433 2810 2920 3208 Nim uit, do er jerrits, billd de
2224 2849 2561 3055 la
2380 3183 3087 3421 als weil -
465 3208 3137 3624 ne Cvivendiden Winenden entgegen
476 3442 3009 3815 feht meiner werth - wie ich es seiner
2298 3719 2647 3901 be
