3464 4232
2758 220 3028 451 192
380 426 3160 710 dit seke de mes Freunds, de Marschall Sohn
394 607 3167 866 und - deine Tochter seh ich, - wenn Braut
444 792 3152 1104 Gefällt die, das wir dies bedenklich schon
355 990 3195 1299 Td. Mar it on deiner Stell - est giège wieder
312 1214 2428 1484 Wobei Dr. K. Waterich Rom
376 1441 3234 1679 Sylv (nach Sinne)  E'maré eine arme Welt
444 1637 2098 1945 Wen Jugend alles mai
1683 1810 2741 2048 Sie ist so viel
408 1839 589 2077 1ch
394 2024 3145 2339 Hofs Rühre. Nacht und Weisheit - alle an
415 2240 3142 2528 Men in des Mädchen Hoved dei Wage scharings
462 2450 3106 2705 So 1 dion nicht wegen as der bloude Flamm
412 2620 1651 2854 Um einen Knaben Sips
2815 2684 3206 2840 Acten
1377 2673 3206 2978 Meine u und daß ich
419 2883 3085 3188 Vonufrauen Hauptere Lorbeurteilung u Kirche
