3496 4248
2576 295 2788 452 16 d
692 316 956 546 floss
2767 285 3188 622 1690
375 396 2569 608 Hachen in unserm nnveremter Blick
341 594 3094 883 Was für den Fürsten, - Zwischen Volkern sich
372 827 2743 1036 A. Misverstand, on Übelrien, an Groll
365 1015 3003 1231 Wee willers in order Thismgewolk gebellt,
358 1178 3083 1464 Aus den die Drieven en auch dürger würden
382 1377 2541 1655 N in wehr at disvem Nebel auf & ab
400 1495 3010 1860 zwar i unver uort bedenklich anzuschau-
428 1714 3233 2110 Doch nicht so förder wede und underst draglich,
473 1898 3202 2256 don, wies and an deren Hollendriert geschehen
480 2061 2708 2374 Der mächtige Hieuelsowen der Vernehmung
518 2294 2920 2545 Sich wohl vermeine dürfte zu zerstweite
521 2458 2830 2753 Und w, eerst hoffneinprollen Händedruck
521 2659 1738 2868 (as it for ever I had)
848 2795 2889 2979 There I wbett der harpisse gruffte
608 2951 3139 3177 Vulichid itz - nad in der Kamer hat ich
740 3125 3219 3435 not it ist wever- and als Roogles, him
1829 3316 2232 3445 werden
706 3306 3219 3678 du Riede eues frotea Bol heft hin
