3288 4040
2508 351 2683 482 234
491 454 2785 716 Dass jeberhast nicht schlimmer dich verspäte
488 645 1735 868 Als Zögrung je vermocht.
1461 785 2306 982 Seid ohne Sorge.
488 839 873 1005 Konrad:
722 882 1341 1030 trouble that
482 967 2594 1150 Mit hellem Auge reit ich in die Schlacht
497 1142 2223 1321 im unter allen Feinden im Gedräng
491 1270 2546 1461 Den einen mir zu suchen -wisst Ihr noch
497 1438 2585 1612 Dem ich am Bach lustwandelnd im Gespräch
499 1581 2782 1732 Beinah ein Freund geworden. Träum ich —Krieg?
514 1727 2745 1903 Träum ich nur diesen Jüngling?) Seltsam hoch
488 1906 2614 2072 Seh ich ihn ragen - in die punde schauen
494 1995 2737 2209 Als sucht er just nach mir - und sehnte sich
497 2215 2480 2383 Nach einem andern Zwiegespräch mit mir
1096 2306 1327 2411 à ces
502 2360 2740 2568 Wie's besser uns geziemt. Er soll es haben.
519 2511 879 2728 (geht).
