3496 4248
2700 485 2892 639 185
471 684 1335 906 Sekretär (alle in.)
491 879 1442 1030 „Macht Euch bereit
1489 858 2229 1030 is a
2430 838 2685 1048 Herr
1400 989 2534 1146 Zu Euern Diensten, ja,
503 1012 1024 1208 (höhnisch)
485 1157 2791 1302 Doch bildet Euch nicht ein, dass Ihr es wart,
485 1258 2705 1468 Der mir befahl. Ich tat s durch Euern Mund.
2238 1388 2406 1477 de
867 1433 1154 1530 warum
494 1444 2791 1610 Jedoch war 4ch's tat? Hier liegt ein Rätsel.
491 1590 2868 1758 Und noch ein tiefres darin, dass des Freiherrn
503 1732 2480 1924 Hochmütger Ton, der doch der meine ist,
500 1880 2874 2093 Mich wurmt.Gesteh ich's nur, es war nicht klug
503 2105 2596 2250 Dem Dichter mein Geheimnis zu vertrauen,
506 2223 2557 2371 Sein Zweifel, war es auch der meine nur,
521 2359 2889 2572 Hat mich verwirrt. Wie sagt ich, nur der meine?
2167 2466 2294 2563 to me
657 2516 841 2643 not
379 2439 559 2723 Un
530 2483 2741 2741 So schlimmer, wenn's der meine ist, sann das
527 2685 2581 2862 Bedeutet, dass ich es für möglich hielte
533 2836 2797 3016 Sylvester Thorn, der Freiherr, dieses Schloss
542 3004 2611 3176 Die ganze Welt bestünde wirklich; nicht
548 3123 2682 3312 In diesem Schädel nur. Doch ist es nur zu,
551 3297 2812 3463 War's wiederum nicht ich, der Dichter war’s,
548 3428 2504 3688 Der zweifelte, ich aber zweifle nicht.
559 3644 1365 3857 Wie? oder Noch?
