3336 4136
2937 187 3177 410 a O0
300 251 2986 608 Der Weg ist mir versperrt. fernoben ist
396 505 3173 880 Her Heimat dämpfer Trag. Ministerit ist
2548 703 2926 919 todt.
421 841 3039 1205 Tidt cit de Kind, de jester nd gebar
300 1110 1901 1389 Sen. Mr - Arwer -!-
1265 1240 3134 1555 nicht beklagen sollt die mit
350 1290 686 1516 7th
364 1459 3156 1802 Den legt ich auch, aus Grau zu dieser beiden
318 1724 3163 2007 luit in die Grift, - werche ich Art. der Pro¬
332 1929 3138 2194 Mas wewe Schuld. Ja weiner Seele Gnaden
360 2163 3004 2467 Habich gewollt. Und scheint in Tages
2636 2364 3011 2562 helle
375 2421 3092 2756 Wunsch und geschebnis welte erweit geheimt
477 2650 2735 3000 In unsichtbar geheimniselber Retk
449 2869 3138 3311 "Vouewen" schlieft piu andam Ghed on Iher
