3416 4136
2744 202 2943 470 225
548 424 2377 626 Verhängen gleiche Strafe über mich.
531 545 2377 802 Denn ich bin gleichen Sinns mit ihm
2311 701 2798 972 Was kommt
554 753 1552 932 Freiherr: (lächelnd)
545 886 2285 1079 Dich, Leonilda an? Gelüstet/s dich
626 1039 2796 1243 So wie du s wohl in Keldensängen lasest
565 1128 2819 1466 Des Liebsten Los unschuldig-treu zu teilen?
1140 1359 1379 1460 gang
568 1344 2369 1584 Die Maske fältet über deiner Stirn
574 1463 2767 1708 Gesteh, dass du dich selber ihrer schämst.)
617 1711 1711 1852 zur Türe), öffnet sie
591 1754 2735 2040 Will keiner komme n? Ist das Haus verhext?
597 2045 1076 2161 Leonilda:
591 2048 2905 2343 Nicht Liebende, noch treu. Doch frage diesen
600 2268 2709 2458 Prag auf sein Schwert,auf seine Ehre ihn
603 2446 2925 2611 Wer ihm, dem Schwankenden, der schon bereit
2599 2510 2891 2622 zeigler
612 2533 2914 2810 Den leichten Weg zu gehen, den du ihm wiesest
2513 2663 2902 2781 Venête
615 2755 2709 2948 Den andern seiner würd‘gern wies? (Gefahr
635 2897 2718 3098 Ist da wie dort. Und keiner von uns weiss
640 3023 2943 3240 Wie sich das Spiel entscheidet. Möglich auch
635 3194 2894 3396 Dass moggen sch on Verräter heisst.wer heute
643 3370 2899 3551 Noch in der Faust die Kerkerschlüssel hält
646 3485 2940 3710 Und ist's nicht mehr als der es gestern war.
