3496 4248
2664 335 2855 517 191
480 446 2769 677 Als dir's von dort, woher die Zeichen kommen
477 603 2879 855 Vermeint sein mag. Und weandu zeichen glaubst
483 775 2473 963 So deute dies, das ohne Rätsel scheint.
505 947 2762 1147 (mit ihm in den Erker), weist in den Park hi-
480 1132 744 1243 nous j
471 1274 1403 1443 Sylvester: (ruhig)
483 1415 1387 1633 Ein Zeichen - wo?
477 1593 960 1766 Freiherr:
1298 1541 1790 1784 Sieh hin.
477 1750 2667 1901 Sylvester: (immer ruhig) Ich seh ein Paar,
477 1840 2753 2043 Gemächlich unter schatt'gen Zweigen wandeln
474 2021 2240 2206 Den Junker Grsenbeck und Leenilda
572 2160 1280 2252 ren deines
471 2187 2846 2326 Der eine, xxxdssx Freunds, des Marschall Sohn,
1843 2295 2750 2443 & it, weine Bart
612 2310 1098 2396 schrift Uhr
480 2344 2316 2501 Die andre deine Tochter, mir verlobt
471 2476 2944 2646 Gefällt s dir, dass mir dies bedenklich schein?
471 2639 2846 2852 Freiherr: mit all den til kunst den 10 xxx
477 2772 2867 2962 Wär' ich an der deiner Stell, ich ginge wieder,
477 2962 1215 3129 Woher ich kam,
1163 3052 2329 3249 Von allen Erdenflecken
474 3116 960 3307 Sylvster:
981 3233 1187 3322 me
468 3227 2772 3448 Dorthin nicht mehr.Die Welt ist wieder weit.
483 3424 963 3621 Freiherr:
468 3485 2529 3765 So harrt auch deiner irgendwo ein Glück
