3496 4248
2839 345 3143 549 166
349 446 2853 743 Nod itm der wie it keinesweg onkehle
428 694 2918 953 Jurirt mit überrascht und kühl empfin¬
477 929 3005 1202 Bald so ihm uur. Nein eben, daß sein
2545 1119 3036 1306 wagen
425 1198 3005 1457 Bereit in Ebfahrt for den Hause navn
408 1347 1057 1644 Wd. & C
1116 1433 3333 1706 - ex war wilt list. - Entscheidetur
463 1644 2874 1951 Mir selbst wie zuvoirrukker festzudete.
439 1713 3209 2172 The Houd ibm wie in longe in Ahdied druckk
473 2083 3215 2411 sub Freiheil nader Worte - will noch me
484 2328 3139 2642 worin wir oft vergeblich uns bemüht.
484 2549 3171 2836 wie wir in meiner Wierden Kleid geprängt.
501 2746 2704 3081 Relt abgewzne Worte nvieren
2770 2908 3129 3057 1/2
515 3005 3133 3312 Ruchtallige Gevander von der Stim¬
528 3260 2722 3557 Einander hoflid abgelever hatten
532 3461 3063 3778 Nim da, ea Ehbed noeier Feinde
3077 3623 3236 3806 sera
