3448 4200
2728 360 2944 607 189
2673 552 3016 744 faire de
456 590 936 720 Freiherr:
638 709 881 823 mécou
2649 751 2903 864 the
442 641 2447 932 Dem ich er dich zu (seiner) Tochter führt
449 850 2464 1039 Doch immerhin verstattet sei zu fragen
487 1004 2190 1148 Wird d. März. bei der Fallein begeben
456 1080 1145 1206 Dein Kind —.
408 1155 2824 1381 Sylvester: Es kam zur Welt Im Arm der Mutter
528 1333 2711 1505 Nichts war versäumt. Wehfrau und Arzt zur
2526 1433 2903 1573 Stelle
446 1498 2506 1693 Lag's mit gebrochnem Aug. Der Erde Luft
456 1676 2543 1823 In sich zu atmen war ihm nicht vergönnt,
442 1799 2584 2033 Die Nabelschnur der Mutter hat’s erwürgt.
476 1991 1193 2204 (Kleine Pause)
456 2135 936 2269 Freiherr:
446 2303 929 2464 Und sie?"
463 2434 994 2649 Sylvester:
874 2574 2955 2749 Weiss nichts und wird es niemals wissen.
456 2718 2615 2886 Sie grüsste lächelnd mich in seligem Wahn,
452 2931 2410 3109 Wies auf das tote Kind an ihrer Brust
459 3064 2516 3212 Und legte leis den Finger an die Lippen
442 3184 2862 3349 Als dürft ich's wecken nicht aus gutem Schlaf.
456 3314 2776 3520 Noch bot sie mir die Stirn zum Kusse,hauchte
466 3493 847 3654 Kaxskxx
456 3575 2643 3733 Ein unverständlich Wort - und war hinüber.
401 3715 3157 3883 S. A. Und die - ins kaum geschlossen Sages kommt
480 3825 1577 4027 as freier her?
