<?xml version="1.0" encoding="UTF-8" standalone="yes"?>
<PcGts xmlns="http://schema.primaresearch.org/PAGE/gts/pagecontent/2013-07-15" xmlns:xsi="http://www.w3.org/2001/XMLSchema-instance" xsi:schemaLocation="http://schema.primaresearch.org/PAGE/gts/pagecontent/2013-07-15 http://schema.primaresearch.org/PAGE/gts/pagecontent/2013-07-15/pagecontent.xsd">
    <Metadata>
        <Creator>prov=READ-COOP:name=TrHtr:version=2.1.0:model_id=51170:date=30_07_2023_00:42</Creator>
        <Created>2023-05-10T13:28:05.320+02:00</Created>
        <LastChange>2023-07-30T00:42:58.359+02:00</LastChange>
        <TranskribusMetadata docId="1428575" pageId="55412150" pageNr="77" tsid="131472916" status="IN_PROGRESS" userId="64420" imgUrl="https://files.transkribus.eu/Get?id=ECYPDINTYPOXWNLWHCJVEVAB&amp;fileType=view" xmlUrl="https://files.transkribus.eu/Get?id=EMDKTSGLNCFYNWQCDPVMVUIK" imageId="44686292"/>
    </Metadata>
    <Page imageFilename="1428575_0077.jpg" imageWidth="3416" imageHeight="4136">
        <ReadingOrder>
            <OrderedGroup id="ro_1711792106321" caption="Regions reading order">
                <RegionRefIndexed index="0" regionRef="tr_1"/>
                <RegionRefIndexed index="1" regionRef="tr_2"/>
            </OrderedGroup>
        </ReadingOrder>
        <TextRegion id="tr_1" custom="readingOrder {index:0;}">
            <Coords points="429,391 2909,391 2909,2080 429,2080"/>
            <TextLine id="tr_1_tl_1" custom="readingOrder {index:0;}">
                <Coords points="2707,469 2737,466 2756,484 2795,496 2814,490 2826,499 2835,493 2847,502 2890,502 2896,350 2862,350 2853,359 2814,329 2771,323 2740,298 2716,301"/>
                <Baseline points="2724,450 2766,447 2811,444 2855,444 2900,441"/>
                <TextEquiv>
                    <Unicode>226</Unicode>
                </TextEquiv>
            </TextLine>
            <TextLine id="tr_1_tl_2" custom="readingOrder {index:1;}">
                <Coords points="706,597 834,621 999,563 1063,591 1197,554 1282,600 1522,548 1623,582 1699,563 1711,420 1425,411 1285,481 1175,454 1136,484 1054,445 947,499 853,466 713,502"/>
                <Baseline points="722,599 766,599 811,596 856,593 901,581 945,572 990,569 1035,566 1080,564 1125,561 1169,555 1214,552 1259,549 1304,543 1348,540 1393,537 1438,537 1483,537 1527,534 1572,528 1617,525 1662,525 1706,525"/>
                <TextEquiv>
                    <Unicode>so halte ihn zu</Unicode>
                </TextEquiv>
            </TextLine>
            <TextLine id="tr_1_tl_3" custom="readingOrder {index:2;}">
                <Coords points="1711,554 1733,551 1769,572 1787,563 1806,582 1897,569 1924,585 2034,557 2034,448 1958,454 1937,442 1915,460 1876,457 1845,442 1815,448 1778,417 1711,411"/>
                <Baseline points="1727,558 1772,558 1817,561 1862,564 1906,561 1951,558 1996,558 2041,552"/>
                <TextEquiv>
                    <Unicode>A. W.</Unicode>
                </TextEquiv>
            </TextLine>
            <TextLine id="tr_1_tl_4" custom="readingOrder {index:3;}">
                <Coords points="496,722 1066,773 1239,676 1580,737 2220,627 2896,728 2908,493 834,621 639,545 502,615"/>
                <Baseline points="516,686 537,692 581,692 626,695 671,695 716,695 760,689 805,689 850,686 895,683 940,680 984,677 1029,677 1074,674 1119,674 1163,674 1208,671 1253,665 1298,662 1342,662 1387,662 1432,662 1477,659 1521,656 1566,653 1611,653 1656,650 1700,647 1745,647 1790,647 1835,644 1880,641 1924,638 1969,635 2014,635 2059,632 2103,629 2148,626 2193,623 2238,620 2282,620 2327,620 2372,623 2417,617 2461,614 2506,608 2551,605 2596,605 2640,602 2685,596 2730,593 2775,593 2820,593 2864,587 2909,587"/>
                <TextEquiv>
                    <Unicode>Verräter nennt ich ihnstät er um mich,</Unicode>
                </TextEquiv>
            </TextLine>
            <TextLine id="tr_1_tl_5" custom="readingOrder {index:4;}">
                <Coords points="1970,770 2001,764 2074,706 2150,725 2168,713 2211,731 2235,706 2272,719 2351,697 2354,655 2259,636 2250,646 2211,624 2168,627 2116,661 2095,642 2065,649 2025,627 2001,646 1982,642"/>
                <Baseline points="1993,707 1999,707 2044,704 2088,698 2133,695 2178,689 2223,683 2267,683 2312,680 2357,683"/>
                <TextEquiv>
                    <Unicode>gisse.</Unicode>
                </TextEquiv>
            </TextLine>
            <TextLine id="tr_1_tl_6" custom="readingOrder {index:5;}">
                <Coords points="515,910 1644,813 1851,883 2025,804 2329,828 2332,706 1169,703 1060,770 661,725 521,773"/>
                <Baseline points="534,853 549,853 593,847 638,847 683,847 728,847 772,844 817,841 862,841 907,841 951,835 996,832 1041,829 1086,826 1130,826 1175,823 1220,820 1265,820 1310,817 1354,817 1399,814 1444,814 1489,811 1533,811 1578,808 1623,808 1668,802 1712,802 1757,799 1802,796 1847,796 1891,796 1936,796 1981,790 2026,787 2070,784 2115,784 2160,781 2205,778 2250,775 2294,772 2339,769"/>
                <TextEquiv>
                    <Unicode>imedich,um kaiserliche Gunst, was er</Unicode>
                </TextEquiv>
            </TextLine>
            <TextLine id="tr_1_tl_7" custom="readingOrder {index:6;}">
                <Coords points="502,1047 2667,974 2704,828 509,904"/>
                <Baseline points="519,996 561,999 605,999 650,999 695,996 740,993 784,993 829,993 874,990 919,987 963,987 1008,981 1053,981 1098,978 1142,975 1187,975 1232,975 1277,975 1321,972 1366,972 1411,969 1456,963 1501,963 1545,963 1590,960 1635,960 1680,954 1724,951 1769,951 1814,948 1859,948 1903,945 1948,942 1993,940 2038,940 2082,937 2127,934 2172,934 2217,931 2261,928 2306,928 2351,925 2396,925 2441,922 2485,919 2530,916 2575,916 2620,919 2664,919 2709,922"/>
                <TextEquiv>
                    <Unicode>Und wenn's auch später hundertmal als klug</Unicode>
                </TextEquiv>
            </TextLine>
            <TextLine id="tr_1_tl_8" custom="readingOrder {index:7;}">
                <Coords points="512,1172 2482,1130 2850,1063 2856,968 515,1084"/>
                <Baseline points="528,1151 534,1151 578,1151 623,1151 668,1151 713,1151 757,1148 802,1145 847,1145 892,1142 937,1142 981,1139 1026,1136 1071,1136 1116,1130 1160,1130 1205,1130 1250,1128 1295,1125 1339,1122 1384,1122 1429,1122 1474,1119 1518,1116 1563,1116 1608,1116 1653,1110 1697,1107 1742,1107 1787,1104 1832,1104 1877,1098 1921,1095 1966,1092 2011,1092 2056,1089 2100,1089 2145,1086 2190,1086 2235,1083 2279,1080 2324,1080 2369,1077 2414,1074 2458,1074 2503,1071 2548,1068 2593,1065 2637,1065 2682,1062 2727,1062 2772,1056 2817,1053 2861,1053"/>
                <TextEquiv>
                    <Unicode>Und recht sich zeigte, heut als Unrecht fühlte</Unicode>
                </TextEquiv>
            </TextLine>
            <TextLine id="tr_1_tl_9" custom="readingOrder {index:8;}">
                <Coords points="408,1401 694,1303 2826,1258 2859,1102 1976,1118 1705,1218 414,1212"/>
                <Baseline points="429,1280 447,1289 492,1295 537,1301 581,1304 626,1301 671,1304 716,1301 760,1301 805,1298 850,1298 895,1295 940,1292 984,1289 1029,1286 1074,1286 1119,1280 1163,1280 1208,1280 1253,1277 1298,1274 1342,1274 1387,1274 1432,1274 1477,1274 1521,1268 1566,1265 1611,1262 1656,1262 1700,1262 1745,1259 1790,1256 1835,1250 1880,1250 1924,1247 1969,1247 2014,1241 2059,1238 2103,1238 2148,1238 2193,1235 2238,1232 2282,1229 2327,1229 2372,1226 2417,1223 2461,1223 2506,1220 2551,1220 2596,1217 2640,1217 2685,1214 2730,1211 2775,1211 2820,1208 2864,1205"/>
                <TextEquiv>
                    <Unicode>Dreifaches Unrecht,wie s mir selbst erscheint</Unicode>
                </TextEquiv>
            </TextLine>
            <TextLine id="tr_1_tl_10" custom="readingOrder {index:9;}">
                <Coords points="2159,1343 2241,1318 2460,1325 2497,1300 2549,1322 2582,1297 2664,1328 2670,1215 2603,1248 2485,1221 2162,1258"/>
                <Baseline points="2175,1318 2184,1318 2229,1316 2273,1310 2318,1307 2363,1304 2408,1298 2452,1295 2497,1295 2542,1292 2587,1289 2632,1292 2676,1292"/>
                <TextEquiv>
                    <Unicode>in the</Unicode>
                </TextEquiv>
            </TextLine>
            <TextLine id="tr_1_tl_11" custom="readingOrder {index:10;}">
                <Coords points="649,1431 767,1385 889,1398 941,1373 974,1392 1014,1364 1108,1389 1261,1355 1264,1291 1215,1315 1175,1291 1118,1331 1035,1328 980,1294 935,1315 862,1300 770,1325 703,1297 655,1318"/>
                <Baseline points="668,1372 686,1372 731,1372 775,1375 820,1375 865,1375 910,1372 954,1369 999,1366 1044,1363 1089,1357 1133,1354 1178,1351 1223,1345 1268,1345"/>
                <TextEquiv>
                    <Unicode>Guinte i a</Unicode>
                </TextEquiv>
            </TextLine>
            <TextLine id="tr_1_tl_12" custom="readingOrder {index:11;}">
                <Coords points="536,1522 1206,1440 2119,1483 2710,1407 2713,1340 1644,1300 691,1425 542,1367"/>
                <Baseline points="555,1453 572,1453 617,1453 662,1453 707,1453 752,1453 796,1453 841,1450 886,1450 931,1447 975,1444 1020,1441 1065,1441 1110,1438 1154,1435 1199,1432 1244,1429 1289,1429 1333,1426 1378,1426 1423,1426 1468,1420 1512,1420 1557,1423 1602,1420 1647,1414 1692,1411 1736,1411 1781,1408 1826,1408 1871,1405 1915,1402 1960,1399 2005,1396 2050,1396 2094,1396 2139,1396 2184,1393 2229,1390 2273,1387 2318,1387 2363,1384 2408,1378 2452,1375 2497,1375 2542,1375 2587,1375 2632,1375 2676,1378 2721,1375"/>
                <TextEquiv>
                    <Unicode>Wider sich selbst, dem Vater und das Land.)</Unicode>
                </TextEquiv>
            </TextLine>
            <TextLine id="tr_1_tl_13" custom="readingOrder {index:12;}">
                <Coords points="536,1696 603,1693 646,1660 770,1681 801,1653 926,1669 944,1653 1011,1656 1017,1498 968,1474 856,1510 743,1492 545,1529"/>
                <Baseline points="555,1614 575,1611 620,1608 665,1611 710,1611 754,1608 799,1602 844,1602 889,1599 934,1596 978,1596 1023,1596"/>
                <TextEquiv>
                    <Unicode>Freiherr:</Unicode>
                </TextEquiv>
            </TextLine>
            <TextLine id="tr_1_tl_14" custom="readingOrder {index:13;}">
                <Coords points="533,1815 1398,1736 2065,1787 2418,1687 2613,1754 2765,1708 2771,1538 2034,1589 1723,1526 1568,1629 536,1693"/>
                <Baseline points="549,1757 578,1760 623,1760 668,1760 713,1757 757,1757 802,1757 847,1754 892,1751 937,1751 981,1751 1026,1748 1071,1745 1116,1742 1160,1739 1205,1739 1250,1736 1295,1733 1339,1733 1384,1733 1429,1730 1474,1730 1518,1727 1563,1724 1608,1724 1653,1718 1697,1715 1742,1715 1787,1712 1832,1712 1877,1709 1921,1706 1966,1706 2011,1703 2056,1703 2100,1703 2145,1697 2190,1694 2235,1692 2279,1692 2324,1692 2369,1689 2414,1686 2458,1683 2503,1680 2548,1680 2593,1680 2637,1677 2682,1674 2727,1671 2772,1671"/>
                <TextEquiv>
                    <Unicode>Wär s Unrecht auch in diesem Augenblick, —</Unicode>
                </TextEquiv>
            </TextLine>
            <TextLine id="tr_1_tl_15" custom="readingOrder {index:14;}">
                <Coords points="557,1964 2719,1873 2878,1845 2887,1675 2582,1778 1127,1833 822,1757 563,1833"/>
                <Baseline points="578,1918 605,1915 650,1915 695,1915 740,1915 784,1912 829,1909 874,1903 919,1903 963,1900 1008,1900 1053,1897 1098,1897 1142,1894 1187,1894 1232,1888 1277,1891 1321,1888 1366,1885 1411,1882 1456,1882 1501,1882 1545,1877 1590,1874 1635,1871 1680,1871 1724,1871 1769,1868 1814,1865 1859,1862 1903,1859 1948,1856 1993,1856 2038,1853 2082,1853 2127,1850 2172,1847 2217,1847 2261,1844 2306,1841 2351,1838 2396,1835 2441,1835 2485,1832 2530,1832 2575,1829 2620,1829 2664,1829 2709,1826 2754,1826 2799,1826 2843,1826 2888,1829"/>
                <TextEquiv>
                    <Unicode>Ist's dieser nicht, nicht Menschen seiner Art,</Unicode>
                </TextEquiv>
            </TextLine>
            <TextLine id="tr_1_tl_16" custom="readingOrder {index:15;}">
                <Coords points="548,2113 2457,2074 2603,2049 2613,1879 1797,1967 554,1964"/>
                <Baseline points="566,2070 596,2070 641,2070 686,2068 731,2065 775,2065 820,2065 865,2062 910,2059 954,2056 999,2056 1044,2053 1089,2050 1133,2047 1178,2047 1223,2044 1268,2044 1313,2041 1357,2041 1402,2041 1447,2038 1492,2038 1536,2032 1581,2029 1626,2026 1671,2026 1715,2023 1760,2020 1805,2017 1850,2017 1894,2014 1939,2014 1984,2011 2029,2008 2073,2008 2118,2005 2163,2002 2208,2002 2253,2002 2297,1999 2342,1996 2387,1993 2432,1993 2476,1987 2521,1987 2566,1984 2611,1984"/>
                <TextEquiv>
                    <Unicode>Die unruhvoll nach Täten drängend, wären</Unicode>
                </TextEquiv>
            </TextLine>
        </TextRegion>
        <TextRegion id="tr_2" custom="readingOrder {index:1;}">
            <Coords points="566,2068 2960,2068 2960,3620 566,3620"/>
            <TextLine id="tr_2_tl_1" custom="readingOrder {index:0;}">
                <Coords points="545,2278 2305,2156 2652,2217 2951,2174 2954,2061 551,2147"/>
                <Baseline points="566,2232 587,2229 632,2223 677,2220 722,2217 766,2217 811,2214 856,2214 901,2211 945,2211 990,2208 1035,2208 1080,2205 1125,2202 1169,2202 1214,2199 1259,2199 1304,2196 1348,2193 1393,2193 1438,2190 1483,2187 1527,2184 1572,2184 1617,2181 1662,2178 1706,2178 1751,2172 1796,2172 1841,2169 1885,2169 1930,2166 1975,2163 2020,2163 2065,2160 2109,2157 2154,2154 2199,2154 2244,2154 2288,2154 2333,2151 2378,2148 2423,2145 2467,2145 2512,2142 2557,2139 2602,2133 2646,2133 2691,2130 2736,2127 2781,2127 2825,2124 2870,2121 2915,2121 2960,2118"/>
                <TextEquiv>
                    <Unicode>Sie sinnlos auch—; nach puhm verlangend,müssten</Unicode>
                </TextEquiv>
            </TextLine>
            <TextLine id="tr_2_tl_2" custom="readingOrder {index:1;}">
                <Coords points="545,2421 2597,2299 2868,2366 2899,2171 2293,2162 1568,2296 551,2272"/>
                <Baseline points="566,2378 572,2378 617,2378 662,2375 707,2369 752,2369 796,2366 841,2366 886,2366 931,2363 975,2363 1020,2357 1065,2357 1110,2354 1154,2354 1199,2351 1244,2351 1289,2351 1333,2348 1378,2348 1423,2345 1468,2342 1512,2339 1557,2336 1602,2333 1647,2333 1692,2330 1736,2327 1781,2327 1826,2324 1871,2324 1915,2321 1960,2321 2005,2321 2050,2315 2094,2312 2139,2312 2184,2309 2229,2309 2273,2303 2318,2300 2363,2300 2408,2300 2452,2297 2497,2294 2542,2294 2587,2291 2632,2291 2676,2288 2721,2291 2766,2291 2811,2294 2855,2303 2900,2306"/>
                <TextEquiv>
                    <Unicode>Sie tausendfach mit fremden Blut ihn zahlen,</Unicode>
                </TextEquiv>
            </TextLine>
            <TextLine id="tr_2_tl_3" custom="readingOrder {index:2;}">
                <Coords points="737,2463 783,2457 822,2491 1017,2442 1121,2463 1303,2454 1370,2430 1373,2369 1267,2403 1172,2399 1127,2369 1057,2415 962,2384 740,2384"/>
                <Baseline points="754,2449 796,2452 841,2452 886,2452 931,2452 975,2446 1020,2441 1065,2441 1110,2441 1154,2438 1199,2435 1244,2432 1289,2429 1333,2426 1378,2426"/>
                <TextEquiv>
                    <Unicode>site in devin</Unicode>
                </TextEquiv>
            </TextLine>
            <TextLine id="tr_2_tl_4" custom="readingOrder {index:3;}">
                <Coords points="557,2533 734,2588 2214,2466 2424,2558 2814,2454 2820,2305 825,2494 563,2418"/>
                <Baseline points="575,2533 578,2533 623,2533 668,2533 713,2530 757,2527 802,2527 847,2524 892,2524 937,2521 981,2518 1026,2515 1071,2512 1116,2512 1160,2509 1205,2509 1250,2509 1295,2503 1339,2506 1384,2503 1429,2497 1474,2500 1518,2497 1563,2491 1608,2488 1653,2488 1697,2482 1742,2482 1787,2479 1832,2479 1877,2479 1921,2476 1966,2473 2011,2473 2056,2473 2100,2473 2145,2467 2190,2464 2235,2461 2279,2458 2324,2455 2369,2455 2414,2452 2458,2449 2503,2449 2548,2446 2593,2444 2637,2444 2682,2441 2727,2441 2772,2441 2817,2441"/>
                <TextEquiv>
                    <Unicode>Sind s diese nicht, die eignes Land und Welt</Unicode>
                </TextEquiv>
            </TextLine>
            <TextLine id="tr_2_tl_5" custom="readingOrder {index:4;}">
                <Coords points="582,2734 2083,2634 2613,2692 2655,2576 1809,2530 585,2616"/>
                <Baseline points="599,2688 608,2685 653,2685 698,2685 743,2682 787,2679 832,2679 877,2676 922,2676 966,2673 1011,2673 1056,2670 1101,2670 1145,2667 1190,2664 1235,2664 1280,2661 1324,2661 1369,2655 1414,2658 1459,2655 1504,2649 1548,2649 1593,2646 1638,2643 1683,2643 1727,2640 1772,2637 1817,2634 1862,2632 1906,2629 1951,2629 1996,2629 2041,2626 2085,2623 2130,2623 2175,2620 2220,2617 2264,2614 2309,2611 2354,2611 2399,2608 2444,2605 2488,2608 2533,2608 2578,2611 2623,2614 2664,2602"/>
                <TextEquiv>
                    <Unicode>In solcher Augenblicke WirrnissWühren.</Unicode>
                </TextEquiv>
            </TextLine>
            <TextLine id="tr_2_tl_6" custom="readingOrder {index:5;}">
                <Coords points="582,2862 609,2874 694,2847 728,2868 807,2838 874,2859 920,2838 956,2859 1054,2847 1060,2722 938,2747 847,2734 740,2789 633,2750 585,2759"/>
                <Baseline points="599,2849 614,2846 659,2843 704,2840 749,2837 793,2834 838,2834 883,2834 928,2831 972,2831 1017,2828 1062,2825"/>
                <TextEquiv>
                    <Unicode>Leonilda:</Unicode>
                </TextEquiv>
            </TextLine>
            <TextLine id="tr_2_tl_7" custom="readingOrder {index:6;}">
                <Coords points="579,3054 2515,2954 2521,2826 2138,2771 1812,2881 1352,2826 1218,2905 585,2923"/>
                <Baseline points="599,2996 641,2999 686,2993 731,2993 775,2990 820,2990 865,2987 910,2984 954,2981 999,2981 1044,2981 1089,2978 1133,2975 1178,2975 1223,2972 1268,2969 1313,2966 1357,2963 1402,2963 1447,2960 1492,2960 1536,2957 1581,2954 1626,2954 1671,2951 1715,2948 1760,2948 1805,2945 1850,2942 1894,2939 1939,2936 1984,2936 2029,2933 2073,2927 2118,2927 2163,2927 2208,2924 2253,2921 2297,2921 2342,2918 2387,2918 2432,2918 2476,2918 2521,2918"/>
                <TextEquiv>
                    <Unicode>Ob dieser an der Gegenwart Verwirrung</Unicode>
                </TextEquiv>
            </TextLine>
            <TextLine id="tr_2_tl_8" custom="readingOrder {index:7;}">
                <Coords points="576,3188 1909,3100 2406,3155 2765,3100 2771,2966 582,3054"/>
                <Baseline points="596,3151 626,3148 671,3148 716,3148 760,3145 805,3145 850,3142 895,3142 940,3139 984,3136 1029,3133 1074,3133 1119,3133 1163,3130 1208,3127 1253,3124 1298,3121 1342,3121 1387,3118 1432,3118 1477,3115 1521,3112 1566,3109 1611,3109 1656,3106 1700,3106 1745,3103 1790,3100 1835,3097 1880,3097 1924,3094 1969,3094 2014,3091 2059,3088 2103,3085 2148,3085 2193,3085 2238,3082 2282,3076 2327,3076 2372,3076 2417,3073 2461,3070 2506,3070 2551,3067 2596,3067 2640,3064 2685,3064 2730,3067 2775,3067"/>
                <TextEquiv>
                    <Unicode>So schuldig ist als er dir gilt, ich weiss,</Unicode>
                </TextEquiv>
            </TextLine>
            <TextLine id="tr_2_tl_9" custom="readingOrder {index:8;}">
                <Coords points="591,3346 1200,3359 1471,3276 1705,3331 1958,3246 2658,3292 2731,3276 2737,3139 594,3225"/>
                <Baseline points="608,3309 638,3303 683,3303 728,3303 772,3300 817,3297 862,3297 907,3294 951,3294 996,3291 1041,3291 1086,3288 1130,3285 1175,3285 1220,3285 1265,3282 1310,3279 1354,3276 1399,3273 1444,3270 1489,3267 1533,3264 1578,3264 1623,3261 1668,3258 1712,3255 1757,3255 1802,3252 1847,3249 1891,3246 1936,3246 1981,3243 2026,3243 2070,3240 2115,3234 2160,3234 2205,3234 2250,3234 2294,3231 2339,3228 2384,3228 2429,3225 2473,3225 2518,3222 2563,3219 2608,3219 2652,3219 2697,3219 2742,3219"/>
                <TextEquiv>
                    <Unicode>Es nicht. Dass heut noch einer stark genug</Unicode>
                </TextEquiv>
            </TextLine>
            <TextLine id="tr_2_tl_10" custom="readingOrder {index:9;}">
                <Coords points="600,3480 2765,3420 2801,3279 606,3356"/>
                <Baseline points="617,3461 656,3458 701,3455 746,3455 790,3455 835,3449 880,3449 925,3449 969,3449 1014,3443 1059,3440 1104,3440 1148,3437 1193,3434 1238,3434 1283,3431 1327,3428 1372,3425 1417,3422 1462,3422 1506,3419 1551,3416 1596,3416 1641,3413 1686,3413 1730,3413 1775,3410 1820,3404 1865,3404 1909,3401 1954,3398 1999,3395 2044,3392 2088,3389 2133,3389 2178,3389 2223,3386 2267,3384 2312,3384 2357,3381 2402,3381 2446,3378 2491,3375 2536,3375 2581,3372 2626,3369 2670,3366 2715,3366 2760,3363 2805,3360"/>
                <TextEquiv>
                    <Unicode>Der Dinge Lauf nach eignem Sinn zu wandeln</Unicode>
                </TextEquiv>
            </TextLine>
            <TextLine id="tr_2_tl_11" custom="readingOrder {index:10;}">
                <Coords points="600,3678 1574,3575 1900,3633 2095,3785 2473,3575 2856,3578 2868,3365 2077,3508 1763,3450 606,3529"/>
                <Baseline points="620,3607 626,3607 671,3610 716,3607 760,3607 805,3604 850,3601 895,3601 940,3598 984,3595 1029,3595 1074,3595 1119,3589 1163,3589 1208,3586 1253,3583 1298,3580 1342,3580 1387,3577 1432,3577 1477,3574 1521,3572 1566,3569 1611,3569 1656,3566 1700,3566 1745,3563 1790,3566 1835,3566 1880,3557 1924,3554 1969,3551 2014,3551 2059,3545 2103,3545 2148,3542 2193,3539 2238,3539 2282,3536 2327,3533 2372,3530 2417,3530 2461,3530 2506,3527 2551,3527 2596,3527 2640,3524 2685,3521 2730,3518 2775,3515 2820,3515 2864,3512"/>
                <TextEquiv>
                    <Unicode>Bezweifte ich so wie du. Dies aber fühl ich</Unicode>
                </TextEquiv>
            </TextLine>
        </TextRegion>
    </Page>
</PcGts>
