2532 4103
1580 833 1833 941 15.6.98.
365 909 2096 1034 würs chen liess. Ich denke auch immer: plötzlich wird er
367 1010 2051 1136 ein sehr guter Director sein; bei mir kam's auch über
363 1116 1949 1276 Nacht.- Was ist denn mit diesem Frank oder Franke?
358 1263 792 1390 Kein Gedanke?
680 1341 2049 1470 Kerr habe ich in Venedig getroffen, er macht
358 1468 2075 1593 mir aber noch mehr Sorge als Schlenth.; der arme Mensch
367 1589 2018 1736 ist so nervös und überreizt, scheint mir, dass man ihm
365 1712 2064 1844 manche Dummheit verzeihen und herzliches Mitleid haben
363 1861 548 1988 muss.
678 1941 2042 2055 Hier lebe ich still und friedlich und denke
373 2064 2034 2198 etliche Zeit, vielleicht die ganzen Ferien, zu bleiben;
373 2178 2010 2297 am 5.August will ich in Berlin eintreffen. Wie war's
367 2323 2042 2413 in Kärnthen? Die Nachricht von B.-H!s Ehe war mir neu
373 2420 1958 2524 ergötzlich; ich wünsche, dass sie es ihm auch stets
361 2556 613 2679 bleibe.
678 2627 2075 2750 Wie Sie sehen, kann ich in den Ferien Briefe
369 2755 1993 2884 schreiben wie ein Pensionatsfräulein; bitte stellen
365 2906 1900 3014 Sie mich weiter auf die Probe.-Herzlich grüssend
1058 2973 1177 3078 Ihr
1179 2994 1330 3135 O.B.
