4923 4023
1600 705 1937 858 (27.7.05.)
387 869 2042 1006 Das andre Stück, nauenlos wie das erste, ist sozusagen
404 965 2045 1116 fertig- bis auf eine gewisse Schwierigkeit im 3.Akte
404 1079 2068 1236 zu deren Ueberwindung (die mir ein formales Hindernis
404 1210 2002 1348 gibt) vielleicht eine Stunde - allerdings eine sehr
411 1335 2019 1473 gute, nothwendig ist. Bald nach meiner Rückkehr hoff
430 1456 2058 1574 ich sie zu finden. Und ich fahre schon Samstag nach
428 1563 2019 1716 Wien zurück, was ich freundlichst zu beachten bitte.
439 1692 2062 1853 Sie erhalten das Ding also vielleicht noch in der er-
441 1804 2062 1929 sten Augusthälfte zugesandt. Immerhin möcht ich vor-
441 1911 1995 2066 läufig daran festhalten, aus den in einem früheren
439 2032 2169 2193 Brief angedeuteten Gründen, dass sich jenes zweite Stück
454 2169 2008 2298 mehr für das Reinhardt Theater eignet als fuer das
462 2268 2169 2421 Ihre. Mehr äussere, vielleicht selbst äusserliche Grün-
462 2386 2113 2548 de. Der Stil dieses zweiten Stückes geht nämlich, ins-
471 2503 2120 2649 besondere im 2.Akt, stark nach dem phantastischen hin,
462 2647 2176 2791 und mir ist wohl erinnerlich, mit welchem, freilich nur
482 2758 2139 2902 innern, Widerstand Freund Lessing anlässlich ähnlicher
475 2883 2163 3040 Versuche meinerseits an die gestellten Aufgaben heran-
4083 703 4410 875 (27.7.05.)
2853 854 4448 1017 gegangen ist. Wesentlicher vielleicht noch scheint
2881 989 4485 1144 mir, dass die Hauptrolle in diesem Stück wie für die
2862 1131 4433 1279 Höflich geschaffen sein dürfte. Aber über all das
2875 1245 4567 1376 eingehender zu reden hat wohl erst Sinn, wenn Sie's ge-
2877 1346 4513 1471 lesen haben. Dass ich in keinem Fall Ihnen das erste
2862 1456 4586 1595 Stück aufzudrängen die Absicht habe, brauch ich hoffent-
2885 1606 4489 1718 lich ebenso wenig zu betonen als dass es keineswegs
2885 1703 4405 1845 Reinhardt ist, den ich mehr liebe als Sie, sondern
2887 1840 3595 1967 höchst ens mich selbst.
2894 1944 4530 2079 Von Weiss erhielt ich heut ein Telegramm, er möchte
2894 2073 4526 2176 betreffs meines neuesten Stückes mit mir Rücksprache
2894 2202 4541 2311 nehmen. Schon im vorigen Jahr hat er den Wunsch aus-
2885 2283 4515 2455 gedrückt, dass die eventuellen Premieren in Wien und
2887 2402 4539 2537 Berlin mindestens am selben Abend stattfinden mögen.
2887 2554 4545 2660 Können Sie sich die Komödie (wie wollen es vorläufig
2907 2679 4552 2789 bei dieser Bezeichnung belassen- „Schauspiel" schien
2900 2780 4582 2900 mir direkt gefährlich) an Volksth. dargestellt denken
