5036 4153
1297 415 1652 591 1,1,11
2135 542 2303 776 n
1420 799 2024 993 Berlin, 21.10.1911.
959 938 1427 1055 Lieber Freund,
536 1074 2192 1208 nun will ich Ihnen den Inhalt meiner Telegramme noch-
525 1208 2226 1318 mal bestätigen und ergänzen. Wir sind mit dem Gang der
529 1312 2177 1388 Ereignisse zufrieden, und die Kritiken scheinen nicht
536 1442 2150 1529 so zerschmetternd gewirkt zu haben, wie es bei einem
536 1544 2150 1644 minder etablirten Autor der Fall wäre. Dichtung und
525 1656 2213 1748 Darstellung wirken weiter; und wenn Sie herkommen, wer-
525 1775 2203 1877 den wir einen sehr erwünschten, neuen Impuls erhalten.
525 1888 2235 1977 Das Publikum benimmt sich ja ganz brav, also lassen Sie
534 2022 2058 2124 die Unschuldigennicht entgelten, was die „Jdioten"
536 2145 2213 2213 gesündigt haben, und kommen Sie nicht nur wegen meiner,
523 2254 2203 2356 sondern auch wegen der lieben Berliner her! Die kluft
525 2384 2177 2475 zwischen Nord und Stid hat sich diesmal etwas weit er-
529 2488 2109 2564 wiesen, aber zuletzt sind wir doch herübergekommen,
519 2617 2171 2709 und das ist wohl die Hauptsache.-Ihre Charakteristik
529 2715 2113 2809 von Eloesser und Kerr find ich richtig, während ich
512 2832 2184 2949 bei P.G.mehr Ohnmacht und Schwerfälligkeit sehe. Sal-
525 2955 2235 3043 ten las ich, seine Bemerkungen über die Gestalt des Hof-
4261 406 4433 600 Monsieur
4659 540 4869 778 1.
3598 821 3755 940 301
4212 895 4535 984 21.10.11.
2947 987 4565 1131 reiter haben mir sehr gefallen, hier versagt P.G. in
2947 1118 3651 1250 unbegreiflicher Weise!
2953 1244 4578 1367 Es wäre sehr schön, wenn Frau Olga mit Ihnen käme, be-
2947 1357 4648 1488 freit von den allerletzten Spuren dieses zudringlichen
2953 1471 3247 1624 Katarrhs.
3311 1533 3719 1633 Herzlich Ihr
3723 1601 3874 1707 O.B.
2936 1756 4584 1850 Eben kommt der Mittagsrapport, nach dem ich den Abend
2938 1871 4119 1992 auf 4000 taxire, den Sonntag auf 5000.
