5037 4151
1657 865 1904 991 8.2.03.
4115 906 4368 996 8.2.03.
317 968 1938 1058 Mann, oder vielmehr 2 in spe, die aber beide nicht in
2850 957 4437 1075 Ihre Worte über das Neue, das Sie bringen und nicht
319 1090 1897 1169 die Erscheinung getreten sind, wir suchen also nach
2850 1083 4539 1169 bringen, klingen so geheimnisvoll, dass ich nicht weiss,
308 1199 1964 1283 einem neuen. Ein Mägdulein in Hosen neben der Dumont
2850 1158 4407 1338 soll ich lächeln oder traurig sein: also auch aus
310 1310 1938 1413 schien mir doch bedenklich.-Die 19 Jahre der Rosina
2850 1287 4422 1385 diesem Grunde kommen Sie bald! Wir fangen,wie ich
321 1439 1895 1542 brauchen wir ja nicht auf dem Zettel zu verrathen,
2850 1400 4490 1505 schon schrieb, Montag den 16.mit den Bühnenproben an.
3011 1533 4503 1636 Was macht denn der Hugo? Ist der arme Lord wie-
325 1559 1867 1634 behaupten wir sie sei 22½. Italienerinnen sind ja
2844 1644 4193 1741 der ins Stocken gekommen mit seiner Arbeit?
310 1679 1139 1756 früh so „reif“, wie die D.!
2850 1760 4465 1861 Eigentlich sollte ich nächstens nach Brünn und Graz
310 1786 1916 1889 Wir haben bisher nur wenige kleine Striche gemacht,
308 1925 1968 2011 mit denen Sie gewiss einverstanden sein werden, etwai-
2837 1865 4559 2041 zu den jungen Talenten fahren; vielleicht hole ich Sie
2837 1983 3227 2116 in Wien ab!
310 2036 1904 2111 ge weitere wollen wir bis zu Ihrem Kommen verschie-
310 2141 1908 2214 ben. Andrea im II.Akt steht, zu Lessings Schmerz, da
3184 2083 3717 2231 Herzliche Grüsse
3672 2184 3861 2283 Ihres
3850 2208 4011 2338 O.B.
302 2263 1968 2358 Sie mir darüber schon in Agnetendorf Ihren Willen ins
295 2370 955 2469 Herz geprägt hatten.
298 2490 1938 2587 Ueber den Termin werden wir auch am besten weiterre-
302 2608 1886 2715 den, wenn Sie hier sind (Sie sehen, Sie müssen recht
291 2737 1934 2809 bald in meine Arme eilen). Wir haben ja das gemein-
285 2865 1914 2936 sene Interesse, das Stück herauszubringen, so bald es
287 2970 1820 3075 fertig ist, und da werden wir uns leicht einigen.
