4907 4007
1509 680 1825 807 (2.8.04.)
347 809 2036 948 aufgegangen,wodurch allerlei Plötz-und Verletzlichkei
358 920 2049 1079 ten vermieden worden wären.- Jetzt aber bliebe nur der
358 1033 1995 1175 Monolog im 4.Akt als Rettungsanker - und die äussere
364 1166 2062 1277 Verständlichkeit muss auf Kosten einer innern Wahrheit
364 1277 2073 1408 erkauft werden- auf die gerade innerhalb dieses Stückes
351 1419 2027 1563 kaum zu verzichten ist. Aber freilich... die Aussicht
358 1511 2030 1648 auf ein Wiedererstehn von Bassermann-Sala könnte mich
347 1648 2056 1746 zu mancher auch sträflichen That verleiten. Ob ich das
347 1770 1995 1879 Stück dem Josefsstädterthea er hier geben werde,will
358 1884 2060 2014 ich erst nach Einblick ist das Wesen des Jarnoschen Per-
364 2008 2117 2115 sonals entscheiden. Aber was soll man schliesslich thun.
364 2115 2032 2226 Der Sturmgeselle Paul gibt eben nur sichre Stücke-von
362 2245 1707 2378 echten Dramatikern-Diplomatig...Timandra...
351 2363 2062 2472 Ich sende dieses Schreiben und die herzlichsten Grüsse,
347 2481 1995 2588 auch vo n Olga, nach Agnetendorf, wo Sie ja in 2 Tagen
347 2596 2036 2732 eintreffen.- (Wer gibt den Hetmann in Hidalla?) (Wette.)
990 2784 1160 2919 A.S.
3353 667 4212 822 37 Wien, 8. August 1904.
2697 778 4423 961 Lieber Freund, Sie kennen ein kleines Stück von mir, der
2723 903 4362 1090 tapfere Cassian betitelt,und ein andres,Marionetten,
2721 1059 4384 1173 das s.Z.von Wolzogen in Grund und Boden gespielt wur-
2729 1151 4399 1273 de und sind jedenfalls meiner Ansicht, dass sich diese
2723 1277 4417 1434 beiden Burlesken zur Aufführung an einem grossen Thea-
2732 1402 4438 1513 ter nicht eignen. Ausser diesen 2 Sachen existiert ein
2732 1524 4347 1663 etwas frocher Einakter, den ich schon ein paar Jahre
2740 1637 4445 1761 liegen habe, weil ich zu seiner eventuellen Verwerthung
2747 1746 4369 1877 erst die richtige Gelegenheit abwarten wollte. Dass
2747 1862 4340 1993 Reinhardt schon lange etwas von mir geben will, ist
2738 2017 4445 2123 Ihnen nicht unbekannt, und nun hat er sich telegrafisch
2749 2121 4371 2245 wegen di eser 3 Einakter an mich gewandt, die er noch
2747 2243 4367 2361 nicht kennt (höchstens den Cassian), auf die er aber
2747 2350 4452 2461 durch Steinrück, dem ich die zwei Einakter neulich vor-
2762 2472 4377 2601 las, in der lebhaftesten Weise hingewiesen worden zu
2762 2590 4445 2718 sein scheint. Ich halte es nun für mögl ich, dass die 3
2758 2692 4491 2875 Einakter im Kleinen Theater, zur Faschingszeit eventuell
2771 2856 4367 2969 und gleich als „burlesker Abend“ bezeichnet, wirken
