5039 4040
863 347 1129 492 10th May.
1151 843 1714 966 Berlin, 23.8.1904.
838 841 1104 976 159
686 1023 1153 1156 Lieber Freund,
273 1138 2056 1254 haben Sie besten Dank für Ihr Eingehen auf meine Wünsche.
283 1269 1992 1397 Ich sitze nun seit Donnerstag in Berlin wieder, schinde
285 1414 2019 1495 mich redlich mit Morgen-und Abendproben und beneide ein
290 1520 2078 1615 wenig freie Männer, die auf Balkonen in die Wälder blicken
285 1625 1918 1716 und mit kleinen Jungen in die Wurstl gehen. Dass Ihr
285 1738 2019 1839 Lustspiel so gut fortschreitet, freut mich sehr; und ich
285 1849 2019 1969 möchte für heute Sie nur fragen, in aller Wile, ob Sie in
290 1977 2090 2063 einer demnächst zu versendenden Notiz über unser sogenann-
285 2115 2031 2205 tes Programm mit diesem Stück (Titel?) in mehr oder min-
285 2235 1967 2304 der bestimmter Weise genannt sein wollen? Mir wäre es
290 2324 2033 2432 lieb, Ihren vieltheuren Namen bei dieser Gelegenheit aus-
285 2444 1997 2564 rufen zu können; bitte geben Sie mir Antwort in gewohn-
290 2562 779 2665 ter Promptheit!
278 2680 2014 2766 Halten Sie nur die E.W.-Gedanken fest,Verehrter und im-
273 2796 2056 2891 mer Verehrterer! - Der Einakter-Plan, für den ich übrigens
1325 2869 1544 2946 gehabt
273 2901 2036 3037 am liebsten etwas Neues von Ihnen hätte,ist et-
278 3041 1283 3130 was zurückgetreten.-Herzlich Ihr
1291 3103 1451 3189 O.B.
2628 374 4600 543 1 1/1 r. p. a. v....,,.,.., 7 1/4 „ 4 „
3393 961 3730 1070 Telegramm.
3924 1008 4345 1124 August 1904
2759 1200 3914 1301 Bitte wegen Einakter Brief abwarten.
3880 1320 4126 1426 Brahm.
