4929 4168
1628 890 1966 1040 (25.2.96.)
514 1034 2209 1173 auf dreissig unaufgeführte und auf ein durchgefallenes
520 1156 2090 1283 Stück! Nun ist die stölze Wehmut des Verkanntseins
520 1281 2095 1380 vorbei, und ich muss im schamlosen Lichte des Erfol-
501 1382 2120 1511 ges wandeln. Man sollte eigenülich jede neue Arbeit
520 1503 2131 1640 unter einem neuen Autornamen veröffentlichen dürfen-
520 1636 2114 1765 und ebensowenig wie eine überstandene Strafe sollte
520 1761 1983 1885 einem ein verbüsster Erfolg vorgeworfen werden.
501 1877 2131 1997 Bitte grüssen Sie Ihre Freunde herzlich von mir und
520 1985 2198 2107 seien Sie meiner aufrichtigen und wärmsten Ergebenheit
501 2090 1292 2249 für alle Zeit versichert.
1086 2327 1678 2424 Arthur Schnitzler.
4435 419 4629 537 1,4
3999 932 4295 1042 15.6.96.
3122 1063 4061 1167 Mein verehrter Herr Direktor,
2980 1175 4648 1292 haben Sie Ihr Reiseprogramm schon entwarfen? Wie lang
2972 1315 4652 1406 bleiben Sie bestimmt noch in Berlin? Wohin wenden Sie
2991 1439 4591 1524 sich? Das zu erfahren würde mich sehr interessieren
2980 1539 4623 1632 und für eine rasche Antwort wäre ich Ihnen ganz be-
2985 1678 3511 1778 sonders dankbar.
3323 1757 4037 1890 Mit herzlichen Grüssen
3541 1894 4325 2002 Ihr aufrichtig ergebener
3796 2002 4367 2124 Arthur Schnitzler
2985 2126 3433 2243 Wien, 15.6.96.
