4929 4168
1053 795 1213 906 2a
1286 876 1707 987 Wien, 25.2.96.
560 991 2164 1081 Verehrtester Herr Direktor,vielen Dank für Ihre so
562 1128 2235 1213 freundlichen Zeilen. Sie werden sich nicht wenig wun-
566 1241 2224 1337 dern, plötzlich, als herbe Erwiderung, ein Stück in Ver-
560 1359 2247 1515 sen eingesandt zu erhalten. Bitte sehr,betrachten Sie
555 1495 2126 1570 es nicht als „eingereicht“. Ich weiss heute selbst
553 1600 2162 1688 nicht recht, ob es überhaupt möglich ist. Es wäre am
534 1707 2170 1797 Burgtheater „beinahe“ aufgeführt worden, und in Bres-
543 1829 2200 1938 lau"beinahe wirklich". Manche Leute finden es hübsch,
549 1961 2153 2047 einige sogar aufführbar. Für den Fall, dass Sie sich
536 2064 2170 2160 letzteren anschliessen, habe ich mir gedacht, dass Sie
540 2185 2145 2282 es gelegentlich zur Liebelei dazugeben könnten. Ich
523 2296 2089 2405 hätte Ihnen wohl schon in Berlin davon gesprochen,
513 2412 2143 2508 wenn ich nur daran gedächt hätte. Nun bin ich durch
523 2544 2126 2625 einen Freund wieder daran erinnert und auf die Idee
504 2619 2143 2747 gebracht worden es Ihnen zu schicken. Sie wis sen al-
519 2781 2149 2867 so wer gegebenenfalls zu verfluchen ist? der Freund.
500 2886 2091 3004 Das wird mir minder schmerzlich sein. Da die Sache
4149 912 4469 1040 (25.2.96).
3033 1017 4723 1151 sechs Jahre alt ist, werde ich Ihren voraussichtlichen
3044 1154 4755 1312 Refus mit lächelnder würde ertragen. Die Viertelstunde,
3033 1273 4723 1401 die ich Ihrem Leben raube, nehme ich auf mich. Ich ver-
3031 1380 4736 1538 mute, dass Sie hundert Jahre alt werden, dann ist dieses
3033 1523 4610 1624 Stück eine Viertelstunde wert. Können Sie es nicht
3033 1619 4670 1765 brauchen, so senden Sie es mir gütigst zurück. Es ist
3021 1741 4700 1869 das letzte Exemplar von hundert - denn es gibt manche
3019 1865 4666 1991 gute Menschen, die sich dramatische Gedichte schenken
3014 1982 4687 2096 lassen und noch mehr böse Theaterdirektoren, die einem
3012 2083 4621 2211 dramatische Gedichte nicht zurückschicken. Sie aber
3012 2243 4713 2335 sind weder ein songuter Mensch noch ein so böser Thee-
3027 2309 4629 2476 terdirektor.- Meine von Ihnen so heftig bezweifelte
2997 2465 4663 2576 Praxis lässt mir mehr Zeit zum Schreiben (Pose - ich
3001 2578 4642 2707 meine eigentlich „Dichten“), als ich darauf verwende.
2997 2707 4589 2826 Trotzdem hoffe ich im Frühjahr fertig zu sein. Was
3004 2826 4640 2942 war das für eine schöne Zeit, da ich auf keine andere
2997 2967 4653 3063 literarische Vergangenheit zurückzuschauen hatte als
