5090 4088
998 705 1199 876 247.
1148 757 1693 902 Gries, 10.4.1909.
449 887 2043 1009 Lieber Freund, ich las heute Ihren Brief vom 28. März
440 990 2086 1126 nochmals durch - man kann das offenbar gar nicht oft
440 1116 2039 1261 genug - und fand, dass ich Ihnen noch auf die Frage:
428 1246 2086 1364 Kainz nicht geantwortet habe. Es ist freilich nichts
428 1379 2133 1490 Bestimmtes darauf zu antworten, da nur eine gegenseiti-
430 1492 2076 1599 ge Geneigtheit bis jetzt existiert, zusammenzukommen;
442 1620 2020 1712 eine Form dafür woll erst in nächster Zeit gesucht
430 1734 2097 1847 werden.- Wir kommen am 15. Mai ins Strauss-Theater, und
430 1855 2086 1947 ich freue mich dann von Ihren Arbeiten das Nähere hö-
436 1958 2018 2078 ren zu dürfen.-Glauben Sie, dass man ein Abonnement
417 2058 2046 2197 auf den Jbsen-Cyclus eröffnen sollte? In Berlin hat
430 2191 964 2315 sich das bewährt.
573 2281 2125 2418 Frau Olga, die ich herzlich grüsse, geht es hoffent-
419 2415 1028 2531 lich wieder besser?
406 2533 2063 2668 Ich denke bis 17. hier zu bleiben; der Aufenthalt sagt
419 2657 2041 2764 mir sehr zu, der Katarrh ist im Abmarsch, und ich bin
421 2753 2088 2856 besser bei Wege, genauer: bei Fusse,und sonnenfreudiger
419 2847 1870 2948 als in Seis.-Ihrigst, mit allen guten Wünschen.
1828 2905 1984 3012 O.B.
3401 680 3638 791 248 b
3555 725 4157 887 Nerlin, 24.4.1909.
3358 876 3711 1030 Telegramm.
2958 966 4677 1122 Freue mich Ihres Prager Rufes und Hervorrufes. Ist Aus-
2958 1084 4551 1246 führung für unser Gastspiel möglich und erwünscht?
3608 1223 3933 1370 Herzlich
3901 1323 4149 1460 Brahm.
