4906 4167
1552 840 1864 1000 (7.1.97.)
382 991 2091 1119 erzählt, dass moderne junge Mädchen in Wien keinen Mann
373 1094 2181 1235 nehmen, dem die „Mütter" nicht gefallen? Ich habe übrigens
393 1222 2127 1350 dieser Tage einen neuen Beweis für seine Popularität er-
395 1341 2132 1453 halten.Ein junger Autor schickte mir eins der komisches-
398 1467 1992 1586 ten Trauerspiele, die ich je gelesen habe. Der Held,
393 1570 2138 1698 moderner Gymnasiast und Dichter, wird dadurch charakteri-
398 1705 2064 1835 siert, dass er gestern Abend bei den „Müttern“ war und
393 1806 2071 1930 heute in die „Jugend“ geht. Auch Sie kommen in diesem
393 1943 2053 2053 Trauerspiel vor- wenn auch nur hinter der Szene. Aber
393 2053 2091 2186 Sie führen die Katastrophe herbei. Die Verwicklung ist
398 2174 2102 2298 nämlich, dass der Held alles weitere von der Annahme ei-
398 2300 2008 2419 nes Stück es am Deutschen Theater, dessen Direktor er
395 2399 2096 2507 kennt, abhängig macht. Er schreibt diesem Direktor, dass
393 2484 2163 2657 er innerhalb 24 Stunden Antwort haben muss - der Direktor
395 2637 2102 2763 (wie gut sind Sie charakterisiert!) schickt ihm sofort
393 2740 2150 2891 Antwort - er refusiert das Stück und der Held wird wahr-
404 2875 988 3028 sinnig (sofort!) -
3250 402 3666 609 Votre très de lui faire
4102 881 4405 1013 (7.1.97.)
2877 1015 4585 1112 Weil wir gerade von Stücken reden, erinnern Sie sich an
2864 1094 4531 1229 Lorenzomo von Musset? Haben Sie eine Ahnung, wie
2877 1235 4526 1363 Sie sich einer guten deutschen Bearbeitung gegenüber
2877 1361 4531 1474 verhalten würden? Es handelt sich natürlich nicht um
2889 1498 4495 1597 mich, sondern um jemanden, von dem ich überzeugt bin,
2889 1608 4560 1727 dass er die Sache gut machen würde. Keinesfalls, bitte
2889 1716 4585 1851 sehr, erwähnen Sie irgend wem gegenüber, dass die betref-
2882 1835 4513 1961 fende Idee in irgend einem deutschen Uebersetzerkopf
2889 1956 4632 2085 besteht. - Haben Sie die „Verliebten“ von Donnay gelesen?
2889 2107 4596 2222 Ich finde sie entzückend. Machen Sie doch gelegentlich
2877 2215 4663 2341 die Sorma darauf aufmerksam, wenn sie das Stück noch nicht
2877 2327 4596 2448 kennen sollte. In Berlin ists ja übrigens verboten wor-
2875 2424 3057 2549 den.-
2882 2543 4578 2696 Sie schreiben mir hoffentlich bald wieder; ich habe mit
2882 2664 4598 2794 Ihren Briefen immer eine ganz besondere Freude, was ich
2877 2790 4560 2889 nicht erst zu versichern brauche.Grüssen Sie gütigst am
2882 2875 4576 2961 discretion. Auf Wiedersehen und viele herzliche Grüsse!
2889 2934 3369 3044 Ihr treuer A.S.
