2490 4103
732 322 906 466 1/1 1
1484 765 1763 880 18.7.98.
161 861 1772 1054 genug, es sprechen zu viele zufälle mit. Das Gleiche
168 1035 1821 1170 gilt für die Einakter, die ich gern kennen lernen wer
163 1158 1673 1252 de: dass ich sie bringe und zu guter Zeit bringe
163 1276 1864 1398 glaube ich versprechen zu können, aber einen bestimmten
161 1385 1797 1523 Monat,wie den Februar, kann ich heute nicht fixieren.
468 1456 1823 1617 In der Besetzung des „Vermächtnisses“ blei-
165 1611 1866 1718 ben wir bei den von Ihnen Genannten stehen; den Gustav
183 1733 1836 1873 (der mir übrigens früher ein bischen zu pransziska zu
168 1804 1806 1986 neigen sch ien, was mir gut gefiel und was ich diesmal
170 1984 1860 2113 vermisste: ist er „nur“ Freund?)*) den Gustav will ich
168 2098 1718 2236 einem neuen und guten Manne, Winterstein,geben; die
168 2199 1812 2347 Franziska möchte ich noch offen lassen, bis die neuen
170 2328 1269 2420 Damen sich etwas kommentiert haben.
477 2435 1722 2530 Ob der Tod des Kindes nicht ein bischen
178 2540 1877 2663 überraschend kommt? Auch dies wäre wohl leicht auf den
170 2697 1896 2772 Proben zu ändern. Das publikum ist gegen starke Ueber-
178 2775 1789 2895 *) Bitte die Klammer zu streichen, ich sehe, dass ich
174 2873 713 2996 mich geirrt habe.
