5104 4088
1098 733 1993 919 234 Berlin, 22.5.1908.
1043 947 1506 1072 Lieber Freund,
615 1050 2366 1216 ich danke schön für den amüsanten „Familientag“,wünsche,
602 1183 2207 1347 dass er Weiteres nach sich ziehe und dann die welt-
607 1294 2250 1438 bedeutenden Bretter dahier überschreite. Und was ma-
607 1419 2272 1600 chen die grossen Dramenpläne? Will xxx sich noch kein
596 1550 1798 1646 Gebild gestalten,mit 77 Verwandlungen?
736 1648 2261 1825 Ich gebe die Hoffnung nicht auf, Sie diesen Sommer
583 1779 2244 1936 zu sehen, finde mich aber augenblicklich so reparatur-
583 1916 2200 2017 bedürftig, dass ich morgen zunächst ins Kurleben ein-
576 2004 2176 2152 treten will: diesmal geht's nach Homburg. Ur den 1.
565 2121 2172 2270 Juli herum würde ich vermutlich präsentabler sein,
572 2257 2113 2381 vernehmungsfähiger: wo denken Sie dann zu weilen?
552 2340 2193 2473 Hoffentlich irgendwo,wo Sie und die Ihrigen mich ge-
565 2471 1096 2608 brauchen können!
1052 2599 1630 2732 Herzlich grüssend
1578 2726 1729 2881 O.B.
3691 725 4286 880 Homburg, 14.6.1908.
4031 770 4433 923 Savoy-Hotel.
3062 897 4684 1102 Lieber Freund, ich komme sehr gern nach diesem Seis,
3093 1017 4690 1205 (sei's nun dieses oder ein anderes, das Sie wählten)
3086 1150 4729 1327 und bitte Sie mir wenn Sie dort sind zu sagen, ob ich
3095 1270 4699 1399 Anfang Juli Quartier haben kann. Ich kann es ja ev.
3088 1395 4753 1517 nieten dann. Hoffentlich ist Wald in der
3106 1388 3536 1471 telegraphisch
3099 1515 4662 1661 Nähe, Sonne ist mir unsympathisch. (Sagen Sie nicht:
3110 1626 4712 1757 o diese Directoren). Und gibt es auch andere Knödel
3112 1733 4777 1870 als Tirolische? Heben Sie mir Auskunft, als ein landes-
3112 1864 4732 1977 üblicher Wahrmund, und seien Sie nebst Frau Olga und
3112 2001 3955 2124 Heini schönstens gegrüsst.
4033 2156 4201 2252 O.B.
3125 2237 4769 2425 Danke herzlich für den Roman. Ich freue mich auf die
3132 2418 3418 2512 Lektüre.
3156 2460 4498 2639 Muss man einen Seis - mögraphen mitbringen?
