2496 4104
963 784 1061 890 61
1157 816 1753 989 Breslau, 10.9.1899.
762 969 1484 1059 Lieber Herr Schnitzler,
418 1087 2000 1198 Sie haben mir in Ihrem Ischler Briefe zwei wie Sie
423 1174 2033 1296 sagen verfrühte Mittheilungen gemacht, über Beatrice
431 1319 2065 1441 und Freiwild,aber diese meine Antwort auf Commis-vo-
423 1413 2120 1561 yajeur-Papier werden Sie schwerlich als zu früh empfin-
429 1554 2058 1665 den, eher als verspätet. Was ist der Mensch? Hundert-
436 1659 2069 1787 mal wollte er ihnen schreiben, der Mensch, aber kam er
444 1800 1996 1911 wohl dazu? Im Trubel der letzten Helgeländer Tage,
433 1907 2041 2024 wo sich die dramatischen Autoritäten in der Nordsee
446 2026 2020 2154 auf die Füsschen traten, so wenig, wie im Trubel der
446 2129 2052 2237 ersten Saisontage,wo wiederum die Dramatiker,mit be-
450 2237 2047 2381 drohlichen Stössen (von Papier) Attentate auf meine
446 2357 2011 2474 eben ein bischen geflickte Gesundheit unternahmen.
450 2468 2050 2596 Erst dieser Sonn-und Ruhetag in Breslau,wo ich eine
444 2603 2114 2765 gewisse Ilung amtlich festzustellen habe, gibt mir, mit
457 2718 2126 2814 einem letzten Rest von Ferienstimmung, die Stunde frei-
446 2833 2156 2933 zwischen einem hübschen Spaziergang auf den Wällen und
457 2961 2171 3079 an der Oder, und einem hoffentlich nicht zu knappen Mit-
