5022 4039
744 704 899 868 211
953 792 1531 922 Berlin, 27.9.1906.
661 942 1147 1086 Lieber Freund,
153 1048 1750 1190 beim he hätten Sie mich auf dem Semmering erschaut;
153 1183 1839 1329 ich hatte eine starke Erkältung. „anzubringen“ und ging
148 1329 1871 1439 auf 8 Tage zu Lehmann, da leid er die Dinge hier zu Hause
153 1410 1884 1565 zu wenig geklärt waren, um weitere Südbahn-Sprünge zu ge-
155 1556 1875 1675 statten: sonst wär ich herzlich gern gekommen. Seit ges-
157 1666 1788 1788 tern bin ich zurück, ziemlich in Ordnung wieder.- Das
137 1797 1846 1887 Luisentheater hat einen ziemlich niedrigen Rang, und ich
137 1920 1792 2001 meine, Sie thäten, auch ohne Rücksicht auf das Lessing-
137 2022 1830 2139 Th. recht, wenn Sie sich diesem Kunstinstitut versagten
137 2139 1857 2240 (d.h.: jenem?). Ob wir in absehbarer Zeit Liebelei geben
128 2240 1864 2375 können, vermag ich nicht zu sagen; es fehlt auch die pas-
130 2384 1824 2474 sende Besetzung. An den Einsamen Weg hatte ich für den
130 2483 1821 2609 September auch gedacht, es ging aber nie recht zusammen,
128 2595 1839 2732 und nun wird sich schwer noch eine passende Gelegenheit
110 2723 358 2827 finden.
319 2797 1810 2955 Mein Jbsen-,werk" ist ein einfacher Aufsatz, den
106 2937 1799 3043 ich in Helgland geschrieben habe, und der im Dezember-
3931 794 4248 915 27.9.06.
2564 891 4372 1088 Heft der N.Bundschau erscheinen soll. Und was machen Ihme
2575 1041 4221 1181 gesammelt - zu sammelnden Werke? Herzlich alles gute
2575 1192 3474 1293 für Frau Olga, Sie und Heini.
3452 1313 3605 1423 O.B.
