4905 4008
1712 725 2025 835 (5.2.03.)
454 816 2092 950 den Teresinas Bruder fordert; immerhin wird ihm das
454 953 2194 1089 dunkle Feuer fehlen.». doch man möcht auf nichts andres
464 1135 1109 1217 verzichten miissen! -
460 1198 2033 1306 Ob weitere Striche erforderlich scheinen; theilen
471 1322 2135 1445 Sie mir mögl ichst bald mit; ich besorge das gern sel-
464 1482 2094 1558 ber. Dass die Andrea-Teresina-Scene (als ganzes) im
471 1582 2155 1690 2. Akt nicht fortfallen darf, glaube ich bereits gesagt
484 1736 799 1810 zu haben.-
471 1788 2088 1933 Was den Termin anlangt, so wäre mir ein Verschieben,
484 1933 2059 2031 wenigstens in den ersten Märztagen, sehr erwünscht.
477 2042 2185 2146 Der Grund ist der, dass am 14.März im Volksth. die Leb.
484 2166 2190 2281 St. gespielt werden und das dieser Termin fixiert wur-
482 2281 2081 2387 de,weil ich als spätesten Berliner Beatrice-Termin
484 2398 2209 2515 den 28.Feber angegeben hat te, so dass die Proben von Be-
484 2563 2172 2645 ginne an in meinem möglichst leitenden Beisein hätten
495 2658 2194 2756 stattfinden sollen und können.- Nun kann ich aber, wenn
475 2767 2159 2871 Sie auf den 7.März beharren,-selbst den Fall gesetzt,
3975 688 4281 825 (5.2.03.)
2890 809 4535 968 dass man mich sofort nach der Premiere aus der Stadt
2890 907 4544 1074 jagt,-erst am Dienstag zu einer Probe - unter andern
2897 1059 4535 1200 Umständen erst Mittwoch oder Donnerstag;-das ist mir
2884 1154 4566 1295 nicht angenehm:-könnte sogar,da man die nominelle Re-
2899 1259 4561 1406 gie schon mit Rücksicht auf meine Mitwirkung bei den
2897 1374 4629 1560 Proben verliehn hat, für die Aufführung mußlich werden
2910 1489 4616 1675 Ueberlegen Sie, lieber Herr Brahm, ob Sie nicht Mittwoch
2908 1649 4277 1782 oder Donnerstag vor dem 7. heraus könnten?-
2908 1716 4561 1894 Ich werde gewiss früh nach Berlin kommen; etwa 10-12
2910 1866 4496 1988 Tage vor der Præ und es wäre mir lieb, wenn Manche.
2923 1981 4403 2153 uns angenehme Enttäuschung erleben sollten.-
2923 2094 4596 2265 Dass ich Ihnen aus ser mir selber noch was andres mit-
2927 2224 4618 2389 bringe, ist nun wirklich wahrscheinlich - ob eine fünf-
2934 2337 4585 2489 te oder sechste Bearbeitung - oder ob nur Fragmente,-
2934 2450 4668 2639 oder gar nur eine Entschuldigung,wenn ich wieder einmal
2932 2569 4639 2780 zweifle oder verzweifle - kann ich freilich noch nicht
2934 2741 3641 2864 sagen.- Herzlichst Ihr
3661 2745 3819 2890 A.S.
