<?xml version="1.0" encoding="UTF-8" standalone="yes"?>
<PcGts xmlns="http://schema.primaresearch.org/PAGE/gts/pagecontent/2013-07-15" xmlns:xsi="http://www.w3.org/2001/XMLSchema-instance" xsi:schemaLocation="http://schema.primaresearch.org/PAGE/gts/pagecontent/2013-07-15 http://schema.primaresearch.org/PAGE/gts/pagecontent/2013-07-15/pagecontent.xsd">
    <Metadata>
        <Creator>prov=READ-COOP:name=TrHtr:version=2.1.0:model_id=51170:date=26_07_2023_01:56</Creator>
        <Created>2023-05-02T07:44:40.036+02:00</Created>
        <LastChange>2023-07-26T01:56:01.662+02:00</LastChange>
        <TranskribusMetadata docId="1416706" pageId="54950660" pageNr="97" tsid="130870332" status="IN_PROGRESS" userId="64420" imgUrl="https://files.transkribus.eu/Get?id=VQTRTULDQIQWYHMNWGTUZAVL&amp;fileType=view" xmlUrl="https://files.transkribus.eu/Get?id=TXFWQNCHOSOGMSJKELPLBDEV" imageId="44454386"/>
    </Metadata>
    <Page imageFilename="1416706_0097.jpg" imageWidth="2435" imageHeight="4104">
        <ReadingOrder>
            <OrderedGroup id="ro_1711829291913" caption="Regions reading order">
                <RegionRefIndexed index="0" regionRef="tr_1"/>
                <RegionRefIndexed index="1" regionRef="tr_2"/>
            </OrderedGroup>
        </ReadingOrder>
        <TextRegion id="tr_1" custom="readingOrder {index:0;}">
            <Coords points="438,755 2199,755 2199,2096 438,2096"/>
            <TextLine id="tr_1_tl_1" custom="readingOrder {index:0;}">
                <Coords points="1018,836 1036,832 1060,845 1067,838 1106,845 1122,834 1139,836 1144,744 1117,746 1106,753 1080,742 1034,768 1021,768"/>
                <Baseline points="1032,808 1056,808 1101,805 1146,805"/>
                <TextEquiv>
                    <Unicode>58</Unicode>
                </TextEquiv>
            </TextLine>
            <TextLine id="tr_1_tl_2" custom="readingOrder {index:1;}">
                <Coords points="1214,924 1299,900 1348,918 1447,878 1484,904 1583,878 1629,891 1655,878 1677,896 1699,880 1741,887 1745,801 1648,770 1427,834 1357,806 1218,836"/>
                <Baseline points="1229,880 1256,877 1301,871 1346,868 1390,868 1435,868 1480,865 1525,862 1569,859 1614,856 1659,853 1704,853 1749,853"/>
                <TextEquiv>
                    <Unicode>Berlin, 9.7.1899.</Unicode>
                </TextEquiv>
            </TextLine>
            <TextLine id="tr_1_tl_3" custom="readingOrder {index:2;}">
                <Coords points="656,1065 1034,1025 1166,1047 1319,1010 1385,1029 1407,935 1302,900 1135,933 1036,913 970,964 828,972 755,946 718,979 661,948"/>
                <Baseline points="671,1020 692,1017 737,1011 781,1011 826,1008 871,1005 916,1002 961,1002 1005,999 1050,996 1095,993 1140,993 1184,993 1229,990 1274,987 1319,987 1364,984 1408,990"/>
                <TextEquiv>
                    <Unicode>Lieber Herr Schnitzler,</Unicode>
                </TextEquiv>
            </TextLine>
            <TextLine id="tr_1_tl_4" custom="readingOrder {index:3;}">
                <Coords points="426,1150 825,1190 915,1141 1839,1157 2039,1139 2044,1034 1464,1023 716,1100 430,1060"/>
                <Baseline points="438,1146 480,1143 525,1140 570,1137 614,1137 659,1134 704,1134 749,1134 793,1131 838,1128 883,1128 928,1125 973,1122 1017,1119 1062,1116 1107,1116 1152,1113 1196,1110 1241,1107 1286,1104 1331,1104 1375,1101 1420,1098 1465,1098 1510,1095 1555,1095 1599,1092 1644,1089 1689,1086 1734,1083 1778,1083 1823,1083 1868,1080 1913,1077 1957,1077 2002,1071 2047,1068"/>
                <TextEquiv>
                    <Unicode>in der fragl. Angelegenheit möchte ich wünschen, dass</Unicode>
                </TextEquiv>
            </TextLine>
            <TextLine id="tr_1_tl_5" custom="readingOrder {index:4;}">
                <Coords points="424,1284 1688,1282 1958,1240 1962,1137 428,1227"/>
                <Baseline points="438,1262 444,1259 489,1259 534,1259 579,1256 623,1253 668,1253 713,1250 758,1250 802,1247 847,1244 892,1241 937,1238 981,1238 1026,1235 1071,1235 1116,1232 1161,1229 1205,1226 1250,1226 1295,1223 1340,1220 1384,1217 1429,1214 1474,1214 1519,1211 1563,1211 1608,1208 1653,1205 1698,1202 1743,1199 1787,1196 1832,1196 1877,1196 1922,1193 1966,1193"/>
                <TextEquiv>
                    <Unicode>lieber die Herren von der „Zeit" oder Sie selbst</Unicode>
                </TextEquiv>
            </TextLine>
            <TextLine id="tr_1_tl_6" custom="readingOrder {index:5;}">
                <Coords points="435,1394 1552,1411 1903,1319 2052,1346 2055,1271 439,1317"/>
                <Baseline points="447,1378 492,1378 537,1375 582,1375 626,1372 671,1369 716,1369 761,1367 805,1364 850,1364 895,1361 940,1358 984,1358 1029,1355 1074,1352 1119,1352 1164,1349 1208,1346 1253,1343 1298,1343 1343,1340 1387,1340 1432,1334 1477,1331 1522,1331 1566,1331 1611,1328 1656,1325 1701,1322 1746,1319 1790,1319 1835,1316 1880,1316 1925,1313 1969,1310 2014,1310 2059,1307"/>
                <TextEquiv>
                    <Unicode>sich direct an Hauptmann wenden; ich könnte es auch</Unicode>
                </TextEquiv>
            </TextLine>
            <TextLine id="tr_1_tl_7" custom="readingOrder {index:6;}">
                <Coords points="432,1501 1699,1510 1861,1442 2087,1436 2090,1374 435,1457"/>
                <Baseline points="444,1498 480,1495 525,1495 570,1492 614,1489 659,1489 704,1486 749,1483 793,1483 838,1480 883,1477 928,1477 973,1474 1017,1471 1062,1471 1107,1468 1152,1465 1196,1465 1241,1462 1286,1459 1331,1456 1375,1453 1420,1450 1465,1450 1510,1447 1555,1447 1599,1444 1644,1441 1689,1441 1734,1441 1778,1438 1823,1435 1868,1432 1913,1432 1957,1429 2002,1426 2047,1423 2092,1423"/>
                <TextEquiv>
                    <Unicode>nur schriftlich thun, und unterstützen könnte ich die</Unicode>
                </TextEquiv>
            </TextLine>
            <TextLine id="tr_1_tl_8" custom="readingOrder {index:7;}">
                <Coords points="437,1644 1833,1626 1951,1554 2134,1552 2136,1499 441,1567"/>
                <Baseline points="450,1614 483,1614 528,1611 573,1608 617,1608 662,1605 707,1605 752,1605 796,1602 841,1599 886,1599 931,1596 976,1593 1020,1590 1065,1590 1110,1587 1155,1584 1199,1584 1244,1581 1289,1578 1334,1578 1378,1575 1423,1575 1468,1569 1513,1569 1558,1566 1602,1563 1647,1561 1692,1561 1737,1555 1781,1555 1826,1552 1871,1552 1916,1552 1960,1549 2005,1546 2050,1546 2095,1540 2140,1537"/>
                <TextEquiv>
                    <Unicode>Sache doch nicht, da auch Haupt., wie ich bestimmt glau-</Unicode>
                </TextEquiv>
            </TextLine>
            <TextLine id="tr_1_tl_9" custom="readingOrder {index:8;}">
                <Coords points="448,1749 1798,1756 2079,1716 2083,1611 450,1681"/>
                <Baseline points="459,1731 474,1731 519,1731 564,1731 608,1728 653,1728 698,1728 743,1725 787,1722 832,1722 877,1719 922,1713 967,1713 1011,1710 1056,1707 1101,1707 1146,1704 1190,1701 1235,1698 1280,1698 1325,1692 1369,1692 1414,1692 1459,1689 1504,1686 1549,1686 1593,1683 1638,1680 1683,1677 1728,1677 1772,1674 1817,1674 1862,1671 1907,1668 1952,1665 1996,1665 2041,1662 2086,1656"/>
                <TextEquiv>
                    <Unicode>be,wenig geneigt sein wird. Was sollte also der Mit-</Unicode>
                </TextEquiv>
            </TextLine>
            <TextLine id="tr_1_tl_10" custom="readingOrder {index:9;}">
                <Coords points="459,1870 2013,1866 2033,1749 1620,1727 463,1802"/>
                <Baseline points="474,1847 513,1847 558,1847 602,1844 647,1844 692,1844 737,1841 781,1838 826,1835 871,1835 916,1832 961,1832 1005,1826 1050,1826 1095,1823 1140,1820 1184,1820 1229,1817 1274,1814 1319,1811 1364,1811 1408,1808 1453,1808 1498,1805 1543,1805 1587,1799 1632,1799 1677,1796 1722,1796 1766,1793 1811,1790 1856,1787 1901,1787 1946,1784 1990,1781 2035,1778"/>
                <TextEquiv>
                    <Unicode>telsmann eines Mittelsmannes wohl ausrichten? Ent-</Unicode>
                </TextEquiv>
            </TextLine>
            <TextLine id="tr_1_tl_11" custom="readingOrder {index:10;}">
                <Coords points="450,2004 1093,2004 1438,1936 2127,1921 2195,1864 454,1923"/>
                <Baseline points="465,1969 498,1966 543,1966 587,1966 632,1963 677,1963 722,1960 767,1960 811,1957 856,1954 901,1952 946,1952 990,1949 1035,1946 1080,1943 1125,1940 1170,1940 1214,1937 1259,1937 1304,1934 1349,1931 1393,1928 1438,1928 1483,1925 1528,1925 1572,1922 1617,1919 1662,1919 1707,1916 1752,1913 1796,1910 1841,1910 1886,1907 1931,1907 1975,1904 2020,1901 2065,1898 2110,1898 2154,1895 2199,1895"/>
                <TextEquiv>
                    <Unicode>schuldigen Sie mich bitte, und seien Sie mir nicht böse.-</Unicode>
                </TextEquiv>
            </TextLine>
            <TextLine id="tr_1_tl_12" custom="readingOrder {index:11;}">
                <Coords points="459,2094 1152,2125 1438,2052 2164,2035 2182,1975 461,2046"/>
                <Baseline points="471,2086 486,2086 531,2086 576,2083 620,2080 665,2077 710,2077 755,2074 799,2071 844,2071 889,2068 934,2065 978,2062 1023,2062 1068,2059 1113,2059 1158,2056 1202,2053 1247,2050 1292,2050 1337,2047 1381,2044 1426,2041 1471,2041 1516,2038 1561,2035 1605,2035 1650,2035 1695,2029 1740,2029 1784,2026 1829,2023 1874,2023 1919,2020 1963,2017 2008,2017 2053,2014 2098,2014 2143,2008 2187,2008"/>
                <TextEquiv>
                    <Unicode>Dass die Arbeit schlummert, ist ja wenig tröstlich; ich</Unicode>
                </TextEquiv>
            </TextLine>
        </TextRegion>
        <TextRegion id="tr_2" custom="readingOrder {index:1;}">
            <Coords points="474,2078 2256,2078 2256,3039 474,3039"/>
            <TextLine id="tr_2_tl_1" custom="readingOrder {index:0;}">
                <Coords points="459,2235 1038,2191 1460,2226 1668,2155 2092,2160 2134,2090 463,2138"/>
                <Baseline points="474,2205 480,2205 525,2202 570,2202 614,2199 659,2199 704,2196 749,2193 793,2190 838,2190 883,2187 928,2184 973,2181 1017,2181 1062,2181 1107,2178 1152,2178 1196,2175 1241,2172 1286,2169 1331,2166 1375,2166 1420,2163 1465,2160 1510,2160 1555,2157 1599,2154 1644,2151 1689,2151 1734,2149 1778,2149 1823,2146 1868,2143 1913,2140 1957,2137 2002,2134 2047,2134 2092,2128 2137,2128"/>
                <TextEquiv>
                    <Unicode>habe immer eine Ahnung, als würden sie doch, nach eini-</Unicode>
                </TextEquiv>
            </TextLine>
            <TextLine id="tr_2_tl_2" custom="readingOrder {index:1;}">
                <Coords points="465,2346 2017,2274 2131,2261 2134,2199 468,2272"/>
                <Baseline points="477,2328 480,2328 525,2322 570,2319 614,2316 659,2313 704,2313 749,2307 793,2307 838,2307 883,2304 928,2301 973,2301 1017,2295 1062,2295 1107,2295 1152,2292 1196,2292 1241,2289 1286,2286 1331,2286 1375,2280 1420,2277 1465,2277 1510,2274 1555,2271 1599,2271 1644,2268 1689,2265 1734,2265 1778,2262 1823,2259 1868,2259 1913,2256 1957,2253 2002,2250 2047,2247 2092,2244 2137,2238"/>
                <TextEquiv>
                    <Unicode>ger Zeit der Erfrischung, auf den bewussten „Schleier“</Unicode>
                </TextEquiv>
            </TextLine>
            <TextLine id="tr_2_tl_3" custom="readingOrder {index:2;}">
                <Coords points="474,2463 1828,2379 2011,2412 2147,2382 2151,2298 479,2395"/>
                <Baseline points="489,2435 495,2435 540,2435 585,2432 629,2432 674,2429 719,2426 764,2426 808,2426 853,2423 898,2423 943,2420 987,2417 1032,2417 1077,2414 1122,2411 1167,2408 1211,2408 1256,2408 1301,2405 1346,2402 1390,2399 1435,2396 1480,2396 1525,2393 1569,2390 1614,2387 1659,2387 1704,2384 1749,2381 1793,2381 1838,2378 1883,2378 1928,2372 1972,2372 2017,2369 2062,2366 2107,2363 2151,2360"/>
                <TextEquiv>
                    <Unicode>zurückgreifen. Aber auch gegen die schöne Posse hätte</Unicode>
                </TextEquiv>
            </TextLine>
            <TextLine id="tr_2_tl_4" custom="readingOrder {index:3;}">
                <Coords points="479,2588 1242,2526 1591,2540 1596,2461 1023,2498 821,2467 628,2518 483,2483"/>
                <Baseline points="492,2557 525,2554 570,2554 614,2551 659,2551 704,2548 749,2545 793,2542 838,2540 883,2540 928,2540 973,2537 1017,2534 1062,2531 1107,2528 1152,2525 1196,2522 1241,2522 1286,2519 1331,2516 1375,2516 1420,2513 1465,2510 1510,2510 1555,2510 1599,2507"/>
                <TextEquiv>
                    <Unicode>ich nicht das Mindeste einzuwenden.</Unicode>
                </TextEquiv>
            </TextLine>
            <TextLine id="tr_2_tl_5" custom="readingOrder {index:4;}">
                <Coords points="481,2687 2044,2630 2151,2599 2155,2526 483,2632"/>
                <Baseline points="492,2671 501,2671 546,2671 590,2668 635,2668 680,2665 725,2662 770,2659 814,2656 859,2656 904,2656 949,2656 993,2653 1038,2650 1083,2647 1128,2644 1172,2638 1217,2638 1262,2635 1307,2635 1352,2635 1396,2629 1441,2629 1486,2626 1531,2623 1575,2623 1620,2620 1665,2620 1710,2617 1755,2617 1799,2614 1844,2614 1889,2611 1934,2608 1978,2605 2023,2602 2068,2599 2113,2596 2157,2596"/>
                <TextEquiv>
                    <Unicode>Von mir ist wenig Erfreuliches zu berichten, ich labo-</Unicode>
                </TextEquiv>
            </TextLine>
            <TextLine id="tr_2_tl_6" custom="readingOrder {index:5;}">
                <Coords points="483,2807 1095,2812 1914,2728 2151,2761 2191,2649 485,2755"/>
                <Baseline points="495,2787 534,2787 579,2787 623,2784 668,2784 713,2781 758,2778 802,2778 847,2775 892,2775 937,2772 981,2772 1026,2769 1071,2766 1116,2763 1161,2760 1205,2757 1250,2754 1295,2754 1340,2754 1384,2751 1429,2748 1474,2748 1519,2745 1563,2742 1608,2739 1653,2739 1698,2736 1743,2734 1787,2734 1832,2731 1877,2731 1922,2728 1966,2725 2011,2725 2056,2722 2101,2722 2146,2722 2190,2722"/>
                <TextEquiv>
                    <Unicode>rire an einer Magenverstimmung und blase hier Trübsal,</Unicode>
                </TextEquiv>
            </TextLine>
            <TextLine id="tr_2_tl_7" custom="readingOrder {index:6;}">
                <Coords points="483,2924 2182,2871 2213,2785 672,2873 487,2838"/>
                <Baseline points="498,2907 513,2907 558,2907 602,2904 647,2901 692,2898 737,2898 781,2895 826,2892 871,2892 916,2889 961,2889 1005,2886 1050,2886 1095,2883 1140,2880 1184,2877 1229,2877 1274,2874 1319,2871 1364,2871 1408,2871 1453,2868 1498,2865 1543,2862 1587,2862 1632,2859 1677,2856 1722,2853 1766,2853 1811,2850 1856,2850 1901,2850 1946,2847 1990,2844 2035,2841 2080,2841 2125,2838 2169,2835 2214,2841"/>
                <TextEquiv>
                    <Unicode>hoffe aber Mittwoch abzureisen, zunächst nach Helgeland.</Unicode>
                </TextEquiv>
            </TextLine>
            <TextLine id="tr_2_tl_8" custom="readingOrder {index:7;}">
                <Coords points="489,3029 1352,3036 1881,2974 1984,3014 2250,2970 2252,2897 492,2957"/>
                <Baseline points="501,3029 510,3029 555,3026 599,3023 644,3023 689,3020 734,3017 779,3017 823,3014 868,3011 913,3011 958,3008 1002,3005 1047,3005 1092,3005 1137,2999 1181,2999 1226,2996 1271,2993 1316,2990 1361,2987 1405,2987 1450,2987 1495,2984 1540,2981 1584,2978 1629,2975 1674,2972 1719,2972 1763,2969 1808,2969 1853,2966 1898,2966 1943,2963 1987,2963 2032,2960 2077,2960 2122,2957 2166,2954 2211,2951 2256,2948"/>
                <TextEquiv>
                    <Unicode>Lockt es Sie nicht, ein bischen Nordseeluft zu schnappen?</Unicode>
                </TextEquiv>
            </TextLine>
        </TextRegion>
    </Page>
</PcGts>
