5015 4088
1456 718 2030 889 16 Jann 1908
771 731 946 845 222
795 891 1150 1018 Telegramm.
1321 988 1575 1104 Berlin,
298 1172 1993 1327 Herzlich freue ich mich Ihrer Ehrung und wünsche dass
311 1292 1851 1450 Sie nach so schwerer Zeit Ihnen doppelt wohl tut.
1426 1386 1658 1542 Brahm.
3283 731 3454 858 223
3679 777 4255 902 Berlin, 27.1.1908.
3353 972 3815 1082 Lieber Freund,
2856 1086 4575 1202 heute naht sich Ihnen die Direction mit folgender Ange-
2854 1235 3213 1338 legenheit:
2862 1290 4592 1428 Es ist möglich - nicht sicher - dass wir zu Anfang näch¬
2856 1430 4575 1551 ster Woche an die Einstudierung der Lebendigen Stunden
2856 1555 4590 1680 gehen könnten. Nun habe ich mir die Weisheiten der Ber-
2867 1693 4527 1798 iner Kritik von Anno 1902 zu Gemüthe geführt wieder,
2873 1798 4625 1894 und bin dabei auf eine allgemein unfreundliche Beurthei-
2873 1929 4610 2021 lung des ersten Stück es gestossen (das ich,wie Sie sich
2867 2024 4577 2133 vielleicht erinnern, grade gern habe). Eine sogenannte
2873 2168 4551 2249 Bühnenwirkung hat es in der That nirgends
2869 2247 4511 2356 gehabt; ob sich diesmals die Chancen nicht noch ver-
2867 2383 4566 2470 schlechtern würden,- die Frage scheint mir nicht über-
2873 2492 4555 2586 flüssig, da sowohl Reinhart wie Rittner nicht mehr ins
2886 2580 4581 2716 Feld zu führen sind, und der Ersatz für den zweiten be-
2886 2705 4643 2845 sonders schwer, (Sie sagen Bassermann? Ja, wenn der nicht
2880 2851 4560 2952 so bockbei nig wäre). Ich bin deshalb auf die Erwägung
2873 2946 4507 3064 gekommen, dass man wohl gut thäte, den "Puppenspieler"
