2329 4103
2030 388 2169 511 1. I.
965 854 1715 969 Berlin, 1. November 1895.
192 965 1034 1106 Herrn Dr.Arthur Schnitzler
1140 1038 1434 1123 Wien IX.
1159 1102 1598 1206 Frankgasse 1.
413 1209 1246 1329 Sehr geehrter Herr Doktor!
167 1338 1821 1442 Mit bestem Dank für Ihre gefällige Mittheilung sehen
165 1454 1821 1542 wir der Einsendung des Buches von „Liebelei" mit den
165 1573 1788 1698 von Ihnen beliebten Aenderungen entgegen und werden
165 1696 1832 1780 das Nöthige in den Rollen veranlassen. Die erste Auf-
171 1807 1763 1923 führung haben wir für Januar ins Auge gefasst. Den
165 1919 1777 2040 Einakter „Die Rechte der Seele“, den uns Herr Eisen-
163 2048 1557 2157 schütz zuge hen liess, werden wir uns ansehen.
438 2161 1415 2280 Hochachtungsvoll und ergebenst
661 2273 1536 2386 Deutsches Theater zu Berlin
911 2394 1367 2488 Dr.Otto Brahm.
165 2492 1836 2628 Ich hoffe, dass wir das Vergnügen haben werden, Sie zur
156 2638 1088 2767 Aufführung hier zu begrüssen?
