5047 4153
1164 893 1343 1002 282
1888 953 2210 1088 10.12.10.
483 1037 2030 1195 Monnard hat sehr gut gefallen, auch in der Presse;
465 1155 2090 1336 achten Sie doch nicht auf den Jacobs., den ich nicht
465 1274 2105 1423 gelesen habe. (Solche Leute soll man m.E. nur lesen,
483 1394 2114 1562 wenn sie in grossen Zeitungen losgelassen werden, wie
465 1511 1254 1647 der amicable Goldmann).
465 1618 2174 1806 Nun aber D.w.L. Fr. Triesch hat das Buch, resp. die Rol-
465 1791 2243 1895 le erhalten, da Sie einverstanden waren mit der Besetzung.
465 1862 2119 2017 Der Gefahr, dass das less.-Th. angesteckt wird, wollen
465 1979 2185 2163 Sie mich doch nicht aussetzen (und die deutsche Kunst)?
452 2092 2105 2256 Sie, d.h.Fr.T. ist aufs Höchste angetan vom stück und
470 2212 2119 2396 der Genia. Diese liegt, nach meiner unveränderten Mei-
452 2325 2037 2462 nung,zwischen der T. und L., doch so, dass die erste
468 2458 2066 2626 sie in den wichtigsten Momenten besser fassen wird.
452 2569 2012 2746 Dazu rechne ich vor allem die - nicht von jeder
450 2702 2101 2843 Schauspielerin glaubhaft zu machende - Beziehung zum
452 2801 2041 2968 Stieler des Stückes, der glaub ich Otto heisst; bei
457 2906 2003 3058 der L. würd ich fürchten, nicht an sie zu glauben.
457 3030 2003 3196 Doch wir reden ja de lege lata, nicht ferenda; und
3568 822 3754 946 282
4224 878 4546 982 10.12.10.
2897 1013 4477 1168 diese Besetzung ääre nur durch schwere Klementar-
2908 1148 4537 1301 ereignisse, Tod, Kontraktbruch, Muttermordung, zu besei-
2910 1212 4550 1396 tigen. - Was eine Verschiebung des Stückes auf näch-
2930 1314 4659 1511 stes Jahr angeht, so könnt ich im Augenblick dazu nicht
2928 1480 4621 1651 ja sagen, zweifle auch, dass Sie selbst (nach Ihren Zei-
2923 1605 4614 1751 len vom 8.) den Wunsch danach noch haben. Sollte „Ana-
2932 1704 4588 1890 tol" sich weiter so gut „aufführen“, und sollten auch
2932 1837 4603 1977 Die Ratten den Schiff nicht verlassen - dann liesse
2952 1950 4528 2092 sich ja weiter über diese Frage reden, Schon heute
2945 2054 4568 2199 aber bitte ich sagen zu dürfen, dass ich dem 2-Tage-
2956 2161 4674 2323 Voraus vor Wien sehr widerspreche, selbst auf die Gefahr
2948 2309 4581 2445 hin, Sie auch bei dieser Aufführung nicht bei uns zu
2959 2460 3176 2558 sehen.
2963 2520 4561 2671 Ich bin seit vorgestern wieder in Tegel, wo ich gut
2976 2624 4645 2777 arbeiten kann. Diesmal geh ich an den Kleist, der seit
2968 2735 4608 2899 August geruht hat, und noch einige Wochen ruhiger Ar-
2983 2841 4597 3023 beit braucht. Der Verleger drängt, denn das Buch ist
