5036 4153
2163 446 2315 638 1, 1
3369 862 3528 985 144
1681 864 1963 1041 8.11.03.
4079 931 4375 1030 8.11.03.
2707 1043 4500 1135 Die Besetzung dächte ich so. Professor - Sauer, Gabriele-
244 1041 2001 1169 Fassungen weggeworfen haben, und bitte Sie sehr dringend,
2711 1169 4314 1263 Pauly, Felix - Stieler, Johanna - Triesch. Julian -
255 1160 1941 1272 zu erwägen, ob nicht mancherlei wieder aufzunehmen oder
2711 1278 4502 1366 Rittner. Sala - Bassermann. Jrene - Lehmann (die hoffent-
253 1281 1934 1384 neu zu formen wäre, was Aufschluss gibt. (Ebenso liegt
2700 1397 4451 1487 lich keine Schwierigkeiten macht). Doctor - Godeck. Wir
251 1406 1941 1516 der Doctor zu sehr im Dunkeln,für die Bühne,z.B. sein
251 1509 2046 1645 unausgesprochener Entschluss S.35).- Sie sehen, auch Thea-
2693 1509 4328 1632 können auch darüber mündlich weiter verhandeln. Sie
2695 1630 4406 1731 bleiben doch in Wien? Ich gehe Dienstag von hier fort,
249 1641 1874 1740 terdirektoren können, statt zu streichen, vom Dichter
2707 1746 4486 1840 allerlei Leute ansehen und komme hoffentlich in der über-
260 1746 1999 1867 stürmisch das Gegenteil verlangen: mehr, mehr Licht! Das
2700 1876 4314 1966 nächsten Woche nach V..Briefe treffen mich über das
255 1867 1934 1990 Stück leidet entschieden an zu grosser Knappheit,z.B.
2684 1988 4395 2087 Theater am besten. Seien Sie herzlich gegrüsst und be-
255 1968 2017 2104 gleich der 1.Aktschluss, dann die kleine Scene im II.Akt,
251 2102 1999 2221 wo Irene mit Felix zusammentrifft und „ahnt“, und vieles
2684 2113 4435 2196 dankt für Ihr Werk, dessen feine und seltene Schönheiten
262 2205 1986 2310 im IV.Akt.- Damit ich meinen Stand aber nicht ganz ver-
2684 2221 3237 2326 ah warm empfinde.
269 2331 1988 2429 leugne, füge ich hinzu, dass mir anderes entbehrlich oder
262 2447 1941 2554 zu ausführlich erscheint,z.B. die Erzählung vom alten
3300 2469 3457 2572 O.B.
266 2559 2001 2662 Klavierspieler,die Erörterungen über die Expedition, die
269 2695 1948 2781 Schilderung des Bildes im 3.Akt, die Erzählung Julians
273 2816 2024 2924 ebenda, so dass,wenn diese einge schränkt werden,Platz ge-
269 2944 1975 3027 wonnen würde, für die Aufschlüsse über die inneren Vor-
266 3038 967 3157 gänge in Johanna u.A.
