2444 4105
1329 388 1498 569 11
1125 730 1221 874 55
1264 786 2099 934 Kal tenleutgeben, 24.5.1899.
582 895 2288 1028 Lieber Herr Schnitzler, seit Samstag sitze ich hier und
575 1037 2262 1172 lasse mich maltraitieren; hoffentlich kommen Sie bald
582 1153 2243 1264 heraus und sehen nach mir. Die Cur ist hauptsächlich
588 1275 2159 1399 Vormittags, und Sie treffen mich von 12½ ab sicher;
586 1421 2286 1505 Anzeige zuvor ist nicht nöthig, doch immerhin angenehm.
579 1513 2288 1620 Das grüne Thierchen führt sich in Berlin, wenn es nicht
582 1635 2288 1756 zu heiss ist, brav auf und wird Ihnen zum Monatsschluss
582 1775 1195 1889 goldene Eier legen.
573 1854 2301 1992 Was macht unsere Posse? Doch das erzählen Sie mündlich,
985 1994 1801 2125 Ihrem herzlich grüssenden
1620 2118 1753 2215 O.B.
588 2251 2245 2344 Morgen Donnerstag kommen Georg und Fr.Hirschfeld her.
