4910 4024
941 740 1113 899 190
1759 822 2074 950 30.12.05.
368 923 2065 1078 nicht, wie wir hier das Ideal erreichen könnten?- Prak-
381 1075 2109 1194 tisch angesehen, in der Oekonomie des Stück es und des Ah-
388 1161 2149 1316 tes, halte ich die Gestalt nicht für sehr entscheidend, die
377 1294 2016 1428 Wirkung oder Nicht- Wirkung wird mehr vom Oberst und
381 1424 2032 1556 von Max ausgehen, als von ihr.- Nicht gern, aber in Er-
370 1538 1994 1664 mangelung besserer Mögl ichkeiten, frage ich Sie also,
381 1653 1983 1778 ob wir es nicht mit der (sehr zu schulenden und zu
381 1772 2047 1900 stimulirenden) Schiff wagen wollen? (So muss denn doch
370 1893 1964 2025 die Hexe dran). Sie hat freilich im „Zwischenspiel“
377 2010 2016 2151 uns nicht erfreut; aber sie hatte,wie sich später he-
357 2100 1970 2241 rausstellte, damals andere Dinge im Kopf,glaubte die
357 2219 2047 2380 kleine Scene leicht nehmen zu dürfen, während sie dies-
357 2332 1988 2486 mal fühlen würde, dass es für sie und Sie viel gilt,-
361 2468 1313 2572 sagen wir,Graz und noch etwas,
560 2578 2030 2689 Noch haben Sie mich in Ihrer Situation mit dem
346 2689 2030 2812 Burgtheater um Rath gefragt - ja lieber Freund, da ist
346 2821 2089 2924 schwer rathen, Mir scheint es, dass Schl. wirklich nicht
346 2935 2102 3057 recht auf den Geschmack gekommen ist, und dass er demnach
4269 815 4579 948 30.12.05.
2810 930 4582 1084 seinen persönlichen Eindruck an dem der ersten Aufführung
2803 1058 4482 1247 noch kontrollieren will. Wie viel das Burgtheater, wie-
2810 1155 4469 1375 viel das Völksth. Ihnen werth ist aber, das wissen Sie
2805 1344 3848 1481 doch schliesslich besser als ich!
3024 1402 4529 1598 Ich habe heute Hugo's Akt in der Neuen Rundschau
2810 1538 4467 1668 gelesen, und stehe noch ganz unter diesem Eindruck, der
2810 1651 4571 1772 von der Gestalt des Oedipus ein aus serordentlich starker
2810 1776 4443 1911 ist. Das Ganze vielleicht kein so einheitlicher Wurf
2814 1911 4425 2052 wie Elektra, aber doch ein sehr erfreuender Ausdruck
2821 2019 3980 2164 seiner wachsenden undreifenden Kraft.
3162 2149 3797 2279 Alles Gute für 1906.
3376 2274 3709 2402 Herzlichst
3801 2349 3967 2503 O.B.
