4906 4167
1479 939 1820 1056 (23.5.97.)
358 1027 2000 1181 Die Eleganz ist hier mehr als etwas wohlthuendes, das
358 1187 1971 1321 äusserlich über allem liegt, die Dingen und Menschen
358 1295 1986 1418 angenehme Farben und Töne gibt; die Eleganz ist hier
364 1414 2125 1552 eine Weltanschauung, die jede andere beinahe auszuschlies-
358 1523 2068 1655 sen scheint. Denn diesen Figuren bleibt einfach nichts,
358 1646 1986 1785 wenn man ihnen die Eleganz nimmt. Darüber Märe noch
358 1765 2024 1910 manches zu sagen; sogar besser zu Sagen als zu schrei-
358 1888 1971 2013 ben, denn wenn man schriftlich vieles zusammenfassen
362 2017 2008 2140 will, lässt man sich nothwendig zu leichten Uebertrei-
364 2131 1866 2274 bungen und Stilisierungen verführen.Also genug.-
347 2243 1954 2366 Goldmann erwidert bestens Ihre freundlichen Grüsse.
347 2373 1975 2491 Ich selbst hoffe bald angenehmes von Ihnen zu hören;
351 2485 2035 2641 der Katarrh ist wohl nicht mehr xxx einer Erkundigung
347 2619 615 2739 werth? -
472 2720 1791 2871 Ich bin und bleibe Ihr herzlich ergebener
1330 2827 1517 2968 A.S.
3922 830 4232 959 22.11.97.
3049 964 3850 1078 Lieber Herr Doktor Brahm,
2871 1043 4462 1172 ich komme jetzt nicht nach Berlin, obwohl es in der
2864 1168 4603 1308 Zeitung ge standen ist. Das Stück war so gut als fertig
2882 1288 4585 1416 da hab ich bemerkt, dass es so schlecht als fertig ist -
2878 1403 4491 1534 zugleich ist mir aber eine Idee gekommen, wodurch es
2878 1517 4579 1664 erheblich zu verbessem sein wird. Die Figur der Toni
2878 1662 4513 1789 ist mir nämlich plötzlich (etwas verspätet) klar ge-
2878 1776 4579 1877 worden; sie hat was ganz andres erlebt als ich mir bis
2889 1883 4579 2026 jetzt eingebildet habe. Ich hoffe zuversichtlich -nein,
2882 1997 4491 2142 nicht so - ich hoffe, dass Sie das Stück vor Neujahr
2878 2125 3332 2256 haben werden.-
2880 2243 4489 2397 Noch etwas: ist mir eingefallen. Seiner Zeit einmal
2882 2357 4528 2515 äusserte die Sorma die Lust (Lust ist vielleicht ein.
2882 2498 4539 2614 zu starker Ausdruck) die Weihnachtseinkäufe gelegent-
2882 2608 4544 2733 lich zu spielen. Wie wär es, wenn Sie sich, da nun eben
2882 2722 4546 2845 dieses herrliche Fest naht, entschlössen, die Plauderei
2882 2829 4530 2972 ohne eigentliche Premierenpretension Ihrem Spielplan
