5038 4058
1913 807 2236 980 24.4.06.
632 982 2281 1135 Hände in Unschuld.- Als Adresse genügte Grunewald bei
621 1115 884 1237 Berlin.
1051 1230 1587 1354 Herzlichen Gruss
1536 1456 1698 1582 O.B.
621 1600 2382 1709 R.wäre jedesfalls um wahnsinnigste Discretion anzuflehen;
625 1709 1600 1851 ob's hilft, ist ne andere Frage.
4080 813 4667 966 Berlin, 29.4.1906.
3681 807 3890 957 203
3420 991 3872 1144 Lieber Freund,
3114 1106 4798 1265 Donnerstag Abend zu guter Zeit komme ich zu Ihnen und
3120 1252 4661 1385 bitte um ein Glas Giesshübler oder dergleichen. -
3114 1379 4887 1498 Gestern habe ich mir den Einsamen Weg nochmals angesehen
3120 1498 4774 1607 und R. xxx in Maske und Spiel besser, wenngleich etwas
3114 1609 4869 1735 farblos gefunden. Dass er die Berliner nicht abschreckt,
3103 1720 4831 1815 mögen Ihnen die Ziffern beweisen: Sonntag 3600, Donners-
3114 1857 4865 1961 tag2100,gestern 2700. Das ist, in Anbetracht der Jahres-
3103 1957 4885 2057 seit, ein sehr schöner erfolg. In wien soll das Stück zwi-
3109 2072 4800 2156 schen 15.und 19.heraus.- Rosmersholm und Wildente kom-
3103 2176 4818 2281 men mitgefahren.- Dass Sie an R.sichwandten,nehme ich
3103 2318 4858 2427 natürlich absolut nicht „ubel“, bedauere nur, dass es um -
3112 2402 3448 2522 sonst war.
3420 2515 4284 2646 Auf gutes Wiedersehen denn.
4375 2706 4530 2819 O.B.
