5019 4136
1149 417 1310 583 II
1674 762 1972 888 14.8.02.
380 864 2065 1025 nen sympathischen Eindruck gemacht hat, freut mich für
393 983 2041 1131 ihn, mehr als für Sie; das Hjalmar-E,Wulhafte seines
380 1122 2089 1235 Wesens und die Verwandtschaft mit Lautenburg zu erken-
378 1230 2041 1383 nen wird Ihnen hoffentlich erspart bleiben. Aber Sie
393 1330 2103 1502 meinen vielleicht, meine Collegen machten mir überhaupt
380 1482 2048 1584 keinen sympathischen Eindruck? Gefehlt, mein Herr, ich
387 1606 2041 1727 kann sowohl meinen Nachfolger P.L., wie Ihren Nachbar
400 1716 2112 1855 in der Garnisonsgasse sympathisch finden: ist das kein
393 1844 826 1935 Gegenbewei s? -
709 1935 2070 2089 Möge der Meilenstein 1904 Sie nicht dauernd
380 2072 2056 2160 betrüben; ich wünsche in diesen 2 Jahren noch ein an-
400 2189 2094 2324 genehmes Stück Weges mit Ihnen durchwandern zu können!
866 2315 1151 2441 Herzlich
1248 2438 1427 2584 O.B.
4327 420 4530 537 ###
3614 422 3854 554 1 1 1/2
3980 353 4186 570 Monsieur de
3850 784 4437 884 Berlin, 25.8.1902.
2909 914 4568 1071 Lieber Herr Schnitzler, Ihr Brief, der mich bei meiner
2922 1036 4482 1188 Ankunft in Berlin so freundlich begrüsste, hat mir
2922 1155 4607 1277 ziemlich viel Kopfnicken abgenötigt. Ich sage freudig
2909 1266 4616 1407 xx ja: zu Ihrer Absicht, mich beim Umzuge 1904 ev. zu
2922 1365 4616 1502 begleiten; zu dem schnellen Fortschreiten Ihrere neuen
2927 1504 4643 1637 Arbeit; zu den Feststellungen über die Nicht-Aehnlich-
2940 1617 4610 1778 keit vom „Schleier“ und M.V.,-von der ich nur wünsch-
2946 1738 4590 1880 te, Sie hätten sie früher gemacht, Sie wären dann wohl
2951 1860 4663 1999 weniger nervös gewesen. Auch dass Monna V. leichter zu
2949 1992 4634 2105 spielen ist, als der Schleier, stimmt, und ich hab es ja
2909 2089 4658 2220 schon selber ausgesprochen und deshalb gemeint: gelingt
2918 2209 4599 2346 uns das eine, so können wir uns besseren Muthes an das
2924 2343 4579 2465 andere machen,misslingt es uns, so wird es im Beider-
2922 2463 4685 2573 seitigen Interesse (übersehen Sie das doch nicht!) sein,
2935 2578 4601 2721 jetzt nicht an den „Schleier" zu gehen.Ich hoffe aber
2942 2681 4623 2790 sehr, dass es uns nicht misslingt, daß Sie selbst sich
2929 2776 4627 2902 die Vorstellung, nebst Paphaels Shakespeare, ansehen, und
2942 2898 4716 3048 dass wir dann das Weitere verabreden. Jetzt einen Termin
