5047 4072
878 707 1769 876 276 Berlin, 4.10.1910.
668 858 1145 985 Lieber Freund,
320 970 1895 1153 ich schreibe Ihnen aus Tegel bei Berlin, wohin ich
335 1070 1889 1285 heute gefahren bin, um in einem Kurhaus, das früher
350 1180 2005 1375 „Schloss Tegel" und Humboldtisch war, ein bischen aus-
344 1285 2040 1499 zuruhen. Vielleicht auch, zu arbeiten. Vielleicht such,
350 1403 2009 1635 owas über Kainz zu schreiben. Natürlich ist das Wet-
357 1598 1941 1749 ter sofort umgeschlagen, und ich sitze um 5 bei der
352 1655 1948 1865 Lampe. Natürlich ist auch die Concurrenz bei Wege,
359 1773 2009 1994 und die Empfangsdame fragte mich zuvorkommend, ob ich
357 1952 1733 2119 einen Tisch etablieren wolle, - mit Moissi.
357 1994 1948 2213 Aber das alles wollen Sie ja gar nicht wissen. Das
357 2130 1996 2333 ist selbst Ihnen ein zu weites Land; und ich wen-
363 2226 2011 2460 de mich zum näheren. O,lieber Schnitzler, weshalb ha-
376 2346 2027 2563 ben Sie nicht die Nr.3 damals acceptiert, dann wären
374 2475 2031 2686 wir aus dem Hin und Her raus. Theater ist eine ris-
381 2655 2073 2804 kante Sache, allemal doch; deshalb hilft alles Chancen-
381 2712 2020 2904 Erwägen nichts, der Mensch soll zugreifen! Ob Sie gut
381 2889 2038 3038 tun, Berlin, wenn das Burgtheater noch nicht mitkommen
4369 788 4666 900 4.10.10,
3443 755 3657 924 276.
2920 981 4601 1129 kann, wir-zulassen, das kann ich, so sehr mich Ihr Ver-
2920 1110 4537 1252 trauen ehrt, nicht entscheiden; pro und contra lässt
2924 1241 4564 1357 sich so viel sagen, dass nur Sie das Ja oder Nein sa-
2913 1344 4456 1491 gen dürfen. - Den Januar kann ich Ihnen nun beim
2924 1466 4553 1617 schönsten Willen nicht mehr zusichern, wohl aber die
2924 1591 4610 1736 Mitte des Februar, die auch noch eine sehr schöne Zeit
2929 1701 4531 1841 ist. Es ist für mich ungeheuer schwer,in diesem Ge-
2931 1817 4472 1961 dränge von Autoren, urlaubheischenden Mimen (und -
2913 1933 4669 2068 glücklicherweise - auch von Publikum) auf Monate hinaus
2920 2057 4498 2204 zu disponieren, das habe ich Ihnen immer wieder zu
2922 2162 4579 2322 predigen. Insbesondere der Triesch schulde ich einen
2924 2283 4568 2430 Urlaub, und habe den, da sie den Dezember nicht accep-
2924 2399 4634 2537 tirt, nun in den Januar gelegt, woraus eben der Februar-
2924 2513 4603 2655 Termin resultirt. - Also überlegen Sie sich bitte die
2913 2633 4581 2778 Sache mit Ihrem Daimation; seien Sie nicht zu schnell
2913 2762 4531 2915 mit dem Entschluss: nächste Saison rate ich nicht -
2924 2874 4509 3020 weshalb, des wüssten Sie ja selbst, wenn ichs Ihnen
