2532 4103
1744 882 1999 991 1.2.98.
424 942 1622 1085 (ein bischen alt, aber doch der Beste).
723 1070 2001 1205 Ich könnt Ihnen noch viel sagen, über das
415 1190 2127 1318 Stück, und über das menschliche Leben; aber für diesmal
419 1325 2014 1427 haben Sie wohl genug von meinen Krähenfüssen. Also
413 1419 2136 1564 adieu, und lassen Sie von sich hören. Hirschfeld grüsst,
419 1552 1340 1699 er hat seinen roman begonnen.
1010 1671 1132 1787 Ihr
1260 1703 1404 1834 O.B.
422 1800 2091 1930 Ihre Briefe kosten jetzt immer strafporte, das ich be-
417 1945 860 2074 glückt zahle!
