2499 4104
1671 884 1944 1003 21.9.96.
343 956 1766 1100 Sie uns vielleicht welche billig verschaffen?
647 1081 1953 1211 Sie denken wohl, dass ich sehr zerknirscht
352 1221 2006 1304 bin wegen der „Athenerin“? Nicht für 5 Pfennige; ich
350 1310 2050 1452 bin verstockt genug, meine Meinung für eine unbefangene
356 1427 2016 1560 zu halten, die Viener für das Gegenteil.- Frl. Pless-
356 1552 1940 1662 ner soll aber darum doch liebevoll gelesen werden.
666 1671 2014 1798 Haben Sie übrigens Veranlassung über origi-
367 1781 1537 1893 nelle Schriftzüge zu ulken,mein Herr?
678 1895 2010 2022 Mit herzlichem Gruss, und in der bestimmten
371 2018 1995 2131 Hoffnung, dass in Ihrem nächsten Stück gar keine To-
371 2148 1984 2283 desart vorherrschen wird, denn es muss ein Lustspiel
375 2260 2059 2404 sein (wozu hätten Sie denn sonst diesen neckischen Hu-
377 2389 818 2521 mor?) bin ich
990 2453 1121 2603 Ihr
1406 2555 1552 2639 O.B.
