5046 4071
934 720 1112 885 240
1536 743 1877 926 25.8.08.
371 893 2014 1028 sonst wird es zu spät für das stimmungsvolle Kassen-
381 1005 2048 1163 stück des October.- Schade, dass Ihr Bruder von meiner
375 1118 2020 1268 Aorta nicht so viel abschneiden kann, wie dem Nauhei-
375 1262 1939 1410 mer zu viel war; dann brauchte ich keinen Röntgen
381 1433 938 1519 und keinen Kraus.
686 1448 2057 1622 Also leben Sie wohl und seien Sie ergiebig.
1215 1705 1671 1823 O.B.
381 1800 1753 1933 Wie heisst der englische Herodes- Marianne?
3636 761 4204 885 Berlin, 14.9.1908.
3319 872 3809 1018 Lieber Freund,
2978 986 4669 1144 bei Ihrer Rückkehr sollen Sie meine guten Wünsche be-
2991 1108 4703 1256 grüssen, fürs Wiener Leben und Schaffen! Es freute mich
2995 1258 4686 1354 sehr, zu erfahren, dass Sie mit dem Stückchen nun besser
2995 1337 4639 1500 vorwärts kamen; das heimische Milieu wird weiter und
3182 1427 3332 1508 Ende
2978 1465 4673 1575 zum guten helfen, hoff ich. (Oder nimmt es ein schlech-
2991 1596 4602 1725 tes Ende?) - Von mir ist zu melden, dass der Geh.Rat
2995 1720 4703 1828 Kraus meine erweiterte Ao in das Bereich der Fabel ver-
2991 1830 4611 1960 wiesen und nur eine leichte Schwäche des Herzens an-
2991 1958 4673 2044 erkannt hat, die aber weiter keine Consequenzen zu zie-
2991 2061 4602 2155 hen braucht. Also wieder ein Beweis für - Ergänzung
2991 2192 4632 2303 nach dem Belieben des freundlichen Lesers! - Ihr und
2991 2286 4709 2440 Ihrer Frau Freude an der Lossen betrübt mich gar nicht;
2993 2410 4669 2530 ich theile sie, wenn ich auch mehr für die Schauspiele-
2978 2532 4626 2670 rin als für das Gretchen eingenommen bin.- Nun blei-
2985 2672 4703 2781 ben Sie aber doch zu Hause, Sie Globetrotter? Damit man
2978 2790 4647 2890 Sie doch trifft, wenn man eines Tages - - Das heisst,
2978 2882 4639 3008 nach Berlin dürfen Sie auch kommen, und Ihre Zelte in
