4906 4167
1602 903 1951 1057 (22.11.97.)
439 1024 2048 1167 einzufügen? Wenn Sie die Idee einer Neuaufnahme der
442 1160 2146 1303 „Liebelei“ noch nicht aufgegeben haben, eventuell dazu?-
442 1282 2139 1435 Es bleibt Ihnen unbenommen, über diesen Vorschlag wort-
442 1379 1492 1535 los zur Tagesordnung überzugehen.
429 1513 2042 1667 Zum Freiwerden des Johannes gratuliere ich bestens.
459 1648 2137 1788 Ich fahre übermorgen Früh auf ein paar Tage nach Prag;
452 1754 1451 1905 vorlesen und aufgeführt werden.
448 1881 2005 2011 Seien Sie herzlich gegrüsst und erfreuen Sie mich
448 1979 2081 2130 nach langer Zeit wieder einmal mit einer Zeile Ihrer
452 2115 2065 2249 hochgeschätzten Hand. Grüssen Sie freundlichst auch
442 2223 1277 2384 Hirschfeld,Kerr und andre.
905 2332 1247 2488 Ihr treuer
1251 2420 1405 2522 A.S.
3440 777 4259 959 12. Wien, 4. Jänner 98.
2860 940 4559 1061 Lieber Herr Direktor, in einigen Tagen werden Sie mein
2871 1089 4581 1169 Stück zugeschickt bekommen. Mit diesem verhält es sich
2864 1221 4607 1293 so. Burckhard, der nicht auf die letzte Abschrift warten
2884 1308 4583 1422 wollte, lies es sich neulich von mir aus dem Manuscript
2888 1451 4581 1528 vorlesen, und erklärte mir sofort nach dem Anhören, dass
2884 1546 4592 1658 er es noch im Jänner aufführen wolle und ersuchte mich,
2884 1702 4464 1767 der grössern Raschleit halber, die Sache gleich dem
2869 1797 4557 1951 Burgtheaterschreiber zu übergeben; ich bedang mir aus,
2888 1899 4466 2072 dass ich zugleicher Zeit zwei Abschriften erhalten
2886 2011 4555 2117 müsse, da ich das Stück dem Deutschen Theater zugleich
2877 2161 4516 2258 mit dem Burgtheater übergeben möchte. Dies wurde mir
2875 2271 4555 2412 zugesagt und so werde ich Ihnen wohl in wenigen Tagen
2888 2392 3722 2483 die Sache schicken können.
2895 2468 4449 2600 Am Tag nach Burckhard hab ich das Stück strengern
2884 2626 4598 2713 Richtern vorgelesen: Hofmannsthal,Beer-Hofmann, Salten,
2895 2747 4521 2838 Schwarzkopf - da hat sich mancherlei herausgestellt,
2888 2871 4564 2951 *) Ich schwöre Ihnen, dass Kaiser und Hex das schönste
2895 2940 3494 3063 von den drein ist!
