5090 4088
1121 657 1830 857 Bad Neuheim, 3.7.1909.
570 854 1056 1015 Lieber Freund,
221 969 1768 1141 nun hoffe ich Sie also in guter Ruh in E. sitzend
232 1063 1928 1251 und die Trennung vom Freunde des Medardus nicht allzu
243 1175 1900 1375 schmerzlich empfindend. Mich freut's sehr, dass Sie so
243 1288 1952 1507 verlockende Fernsichten beim P.S. haben, mögen sie näher
254 1427 1863 1618 und näher kommen. Von ihm ist es gewiss richtig, das
260 1553 1915 1748 Wiener Werk den Wienern zu zeigen, anno 9. Kann schon
269 1646 2015 1833 sein, dass indirect der Kainz bei der Annahme mitspricht;
273 1781 1945 1954 wer soll denn den M. spielen? Gerasch? - Ich bin mit
278 1906 1887 2091 K. wie Sie jetzt schon wissen, nicht einig geworden.
284 2021 1867 2197 d.h. Sie wussten es ja eigentlich schon in unseren
304 2136 1971 2312 Gastspieltagen - er wollte nur Oct.,Nov.kommen, und zu
317 2266 1909 2422 anderen Bedingungen, als in Aussicht genommen; diese
323 2342 1952 2542 waren mir zu viel, jene zu wenig.-Das „Konzert" könnt
321 2468 2019 2665 ich Ihnen wohl nur schicken, wenn ich Bahr darum frage;
340 2605 2019 2809 ist Ihnen das recht, oder wollen Sie's etwa selber tun?
351 2698 2045 2913 (Er ist in Bayreuth, bei Fr.Pfarrer Richter).-Ueber die
334 2830 1987 3038 Procente hab ich noch nicht mit ihm gesprochen, halte
4292 731 4546 831 3.7.09.
2867 820 4483 993 aber auch 7 und 3 für das Angemessene.- Mit dem Kl.
2878 922 4546 1106 Th. möchte ich nie concurriren, also auch nicht in ei-
2871 1039 4485 1230 ner Tantiemen-Garantie, deren gleichen ich bei Berl.
2865 1212 4570 1342 Aufführungen noch nie gezahlt habe! Nun ist ja die Da-
2867 1293 4533 1447 me Mizzi gewiss von besonderem Schlag; aber dass ich
2887 1399 4531 1570 dieses kleinen Fräuleins wegen eine neue Einrichtung
2878 1544 4557 1687 schaffe, so weit wird doch der Herr Vater nicht gehen?
2893 1687 4609 1817 (Er ist ja nicht der Conte Veith).- Wir haben hier end-
2893 1776 4576 1909 lich wieder schönes Wetter heut, und ich wünsche Ihnen
2895 1937 4296 2043 ein gleiches in Ihren Höhen- und Tieffahrten.
3043 2039 3893 2182 Alles Schöne an Frau Olga.
3986 2240 4142 2355 O.B.
