4822 4025
1428 701 1720 868 (2.9.05.)
4006 742 4318 874 (2.9.05.)
286 828 2012 986 bereit erklärt. Nicht nur um die Sorma handelt es sich,
2756 857 4338 988 Vorschlag, die beiden Stücke betreffend, anzunehmen.
303 975 1937 1105 (Sie haben ganz recht- die Männerrollen sind bei Ih-
2745 975 4371 1098 Der Gedanke: Amadeus - Bassermann lässt mich beinah
303 1087 1988 1217 nen ungleich, ja unendlich besser zu besetzen), sondern
2763 1105 4432 1258 wünschen... aber nun muss eben das Verhängnis seinen
310 1206 1950 1344 auch um den Termin (Ende Oktober, Anfang November, aus
2752 1221 4454 1362 Lauf nehmen. Man sollte sich nie Zwillinge einbrocken.
316 1316 1999 1478 russischen und Wiener Gründen, worüber vielleicht doch
3402 1366 3901 1496 Herzlichst Ihr
316 1432 1702 1568 noch demnächst, unerlässlich) u. um Garantie.-
3837 1467 4002 1590 A.S.
340 1562 1924 1674 - Was, lieber Freund, ist's nun mit uns, wenn sich die
310 1671 1895 1792 Reinhardt Sache realisiert? Ein Grund, dass Sie mir
723 1768 1100 1854 Einreichung
327 1808 1946 1909 dann die nach Einsendung des Gesamtstücks Nr.2 fäl-
321 1898 1950 2032 lig gewesen wärenden (auch mein Deutsch hat sich ge-
334 2038 1983 2150 waschen) drei tausend nicht auszahlen, soheint mir um-
332 2135 2001 2297 so weniger vorzuliegen, als mir ja (was Ihnen hoffent-
340 2260 1996 2390 lich nicht erpresserisch klingt) beim Nachbarn ähnli-
332 2396 962 2523 ches geblüht hätte.
347 2482 1937 2618 Realisiert sich aber die Reinhardt Sache nicht, was
347 2592 1961 2737 innerhalb der nächsten 8-10 Tage feststehen muss, so
347 2684 2108 2864 bin ich in der (was Ihnen hoffentlich nicht ausschliess-
351 2851 1948 2972 lich geldgierig klingt) sehr angenehmen Lage Ihren
