5090 4088
860 678 1113 792 249
935 738 1669 873 Bad Nauheim, 11.6.1909.
320 852 1952 1008 Lieber Freund, ich wohne Hotel Hohenzollern. Während
326 944 2016 1135 Sie den Borkmann bewunderten, so ungefähr in St.Pölten,
335 1051 1894 1242 nahm ich mir vor, Sie zu fragen, ob Sie die „Mizzi"
352 1190 2040 1351 im September spielen lassen wollen, mit passenden Ergän¬
356 1289 1965 1502 zungen. Etwa einen Anatol (Weihnachtseinkäufe?) den
363 1452 2023 1587 ich, wenn Sie ein Exemplar zur Hand haben, mir zu sohi-
365 1555 1982 1697 cken bitte. Der frühe Termin wäre mit Rücksicht auf
388 1669 2083 1830 weitere Taten des geschätzten Verfassers (worüber die
369 1806 1873 1961 Pr.die zuverlässigste Quelle ist) zu empfehlen.
674 1922 1628 2070 Herzliche Grüsse für Sie alle.
3509 508 3659 684 d
3533 678 3702 794 250
3556 744 4153 886 Nauheim, 27.6.1909.
3338 871 3810 1012 Lieber Freund,
2971 989 4575 1122 ich hoffe, dass unser Heini sich jetzt wieder besser
2964 1113 4584 1221 befindet, und dass Sie keine arge Unruhe und Störung
2982 1231 4700 1375 in Ihren Absichten erleiden.-Von Heini zu seinem Freund
2977 1353 4668 1476 Medardus ist der Weg nicht so lang, wie vom Anfang die-
2988 1461 4607 1596 see Dichtung bis zum Schluss. Ich bin ihn aber gern
2992 1581 4670 1703 gegangen, stets festgehalten von einer feinen und star-
2977 1701 4668 1819 ken Hand. Selten nur spürt man den Zwang des Chronika-
3001 1823 4633 1935 lischen, der den Dichter hemmt in freierer Entfaltung
3001 1930 4603 2055 (z.B.in der langgestreckten atlantengeschichte); und
2986 2040 4567 2166 oft bewundert man den Künstler, der formt, und baut,
2988 2179 4713 2287 und widerstrebende Massen mit seinem resoluten Poeten-
2988 2263 4580 2405 komme in Ordnung hält. Der Tod der beiden jungen
2988 2407 4676 2529 Leute am Anfang, und, in anderer Weise, die Scene wo der
3005 2525 4676 2643 General ins Haus des Herzogs kommt, erscheinen mir als
3005 2630 4717 2756 Höhepunkte Ihres Schhaffens; und insbesondere etwas von
3005 2752 4653 2885 der Art der letzteren wird selten in Deutschland ge-
3012 2851 4734 3029 schrieben.-Kann ich das Buch noch eine Weile hierbehal-
