2472 4105
902 808 993 916 18
1576 855 1850 972 5.10.96.
257 1001 1958 1105 ein Wunder bei uns am Wochentage - pradikal ausverkauft
259 1095 1850 1232 sein, scheint's. Hält das einigermassen nur so an, so
252 1258 1937 1366 schädige ich Sie, Sudermann und mich, wenn ich Ihr Stück
252 1360 1922 1442 zu dem Termin, den ich Ihnen neulich nannte, herausbrin-
248 1432 1882 1591 ge. Sie haben's ja auch nicht so eilig. Wir werden
250 1589 1892 1720 aber jedesfalls weiter probieren: bereit sein ist al-
242 1699 1841 1820 les, sagt Hamlet. Und Sie sollen rechtzeitig citiert
250 1818 1215 1941 werden zur letzten Probenwoche.
547 1918 1841 2062 Nicht unmögl ich ist es, dass ich meiner Di-
235 2062 1884 2172 rectionsstuhl-Kleberei eine Fahrt zu den Wiener "Müt-
235 2187 1899 2282 tern" abringe; verrathen Sie es aber nicht dem Hirsch-
235 2276 1890 2389 feld, dieweils es noch ungewiss ist. Viele Grüsse also
235 2386 1428 2526 und auf Wiedersehen hüben oder drüben.
969 2535 1092 2618 Ihr
1215 2579 1362 2705 O.B.
