4929 4168
1128 791 1567 948 Wien. 25. f. 96.
412 950 2007 1068 Verehrtester Herr Direktor, vielen Dank für Ihre so
429 1091 2075 1166 freundlichen Zeilen. Sie werden sich nicht wenig wun-
418 1198 2079 1308 dern, plötzlich, als herbe Erwiderung, ein Stück in Ver-
422 1314 2092 1406 sen eingesandt zu erhalten. Bitte sehr, betrachten Sie
422 1451 2000 1518 es nicht als „eingereicht“. Ich weiss heute selbst
422 1565 2030 1651 nicht recht, ob es überhaupt möglich ist. Es wäre an
422 1674 2043 1764 Burgtheater „beinahe“ aufgeführt worden, und in Bres-
418 1801 2069 1874 lau, beinahe wirklich“. Manche Leute finden es hübsch,
418 1914 2030 1981 einige sogar aufführbar. Für den Fall, dass Sie sich
422 2030 2054 2103 letzteren anschliessen, habe ich mir gedacht, dass Sie
418 2159 2030 2238 es gelegentlich zur Liebelei dazugeben könnten. Ich
418 2260 1994 2335 hätte Ihnen wohl schon in Berlin davon gesprochen.
416 2362 2037 2476 wenn ich nur daran gedächt hätte. Nun bin ich durch
418 2497 2030 2575 einen Freund wieder daran erinnert und auf die Idee
418 2620 2045 2699 gebracht worden es Ihnen zu schicken. Sie wie sen al-
422 2742 2056 2832 so wer gegebenenfalls zu verfluchen ist: der Freund.
418 2789 2000 2950 Des wird mir minder schmerzlich sein. Da die Sache
4354 390 4701 596 1. 7 / 1
4024 840 4360 988 (25.6.96)
2943 971 4622 1115 sechs Jahre alt ist, werde ich Ihren voraussichtlichen
2937 1115 4661 1239 Refus mit lächelnder Würde ertragen. Die Viertelstunde,
2956 1250 4628 1338 die ich Ihrem Leben raube, nehme ich auf mich. Ich ver-
2956 1342 4652 1471 mute, dass Sie hundert Jahre alt werden, dann ist dieses
2950 1475 4532 1593 Stück eine Viertelstunde wert. Können Sie es nicht
2961 1591 4592 1702 brauchen, so senden Sie es mir gütigst zurück. Es ist
2950 1713 4630 1820 das letzte Exemplar von hundert - denn es gibt manche
2956 1811 4588 1947 gute Menschen, die sich dramatische Gedichte schenken
2950 1932 4618 2043 lassen und noch mehr böse Theaterdirektoren, die einem
2961 2054 4564 2174 dramatische Gedichte nicht zurückschicken. Sie aber
2967 2176 4648 2300 sind weder ein so guter Mensch noch ein, so böser Thea-
2961 2270 4564 2405 terdirektor.- Meine von Ihnen so heftig bezweifelte
2950 2429 4609 2506 Praxis lässt mir mehr Zeit zum Schreiben (Pose - ich
2956 2560 4594 2635 meine eigentlich „Dichten“), als ich darauf verwende.
2961 2658 4558 2759 Trotzdem hoffe ich im Frühjahr fertig zu sein. Was
2956 2789 4598 2892 war das für eine schöne Zeit, da ich auf keine andere
2950 2915 4605 3027 literarische Vergangenheit zurückzuschauen hatte als
