4941 4008
949 707 1741 865 24 Wien, 23.9.1901.
645 843 1259 991 Lieber Herr Brahm,
348 977 2047 1105 Frageh,Vorschläge, Mittheilungen. - Wie denken Sie drü-
343 1092 1580 1217 ber,wenn man Literatur Anekdote nennte.
918 1162 1103 1237 nicht,
343 1200 1964 1321 Oder glauben Sie xxxx, es wäre am besten, jedes
354 1316 1964 1464 einzelne der 5 Stücke ohne Untertitel und dem Titel
348 1433 1891 1545 gleich das Personenverzeichnis folgen zu lassen? -
357 1578 2074 1686 - Die letzten Masken sind fertig,werden in den nächsten
357 1684 1986 1772 Tagen dictiert.Damit Sie nicht erschrecken, sage ich
357 1820 1917 1897 Ihnen gleich, dass sie im allgemeinen Krankenhause
361 1915 2001 2021 spielen.- Der Ruppenspieler wartet noch auf ein oder
363 2036 1975 2133 zwei gute Stunden zur Vollendung. Dieses Stück näxx
357 2164 1499 2265 wäre „Charakterstudie" zu benennen.-
357 2265 2003 2373 Ich nehme an, dass beide Stücke etwa um den 5.Oktober
368 2397 2120 2527 herum bei Ihnen eintreffen werden. Die Reihenfolge dürf-
370 2507 2003 2613 te eine schwierige Frage werden. - Berger fragte an,
357 2624 2126 2738 oh er vor der Cykluspremiere die Stücke einzeln auffüle -
361 2749 1638 2879 ren könnte, was ich natürlich refusierte,
354 2859 1964 2969 Glauben Sie, dass Sie die Sachen bald herausbringen
4037 737 4449 861 (23.9.1901.)
2802 814 4524 997 können? (Erste Novemberhälfte?) Annähernde Bestimmung,
2815 988 4061 1109 wege n des Volkstheaters,von Interesse.-
2815 1096 4455 1213 -Lassen Sie die Triesch schon mit und ohne Dolch ma-
2815 1237 3000 1345 len?-
2969 1323 3905 1481 Leben Sie wohl, herzlichst Ihr
3861 1459 4022 1574 A.S.
