4871 4168
876 406 1047 558 11. De
1523 842 1852 1019 (14.9.96.)
286 993 1912 1143 nach seinem Sinne. Er findet, dass Paul den Karinski
286 1119 1970 1282 niederschiessen müsste" ;da Paul auf den Angriff K.'s
291 1254 1995 1374 gefasst keineswegs warten würde,bis der ihm zuvorkäme.
297 1389 1989 1502 „Sonst wär er ja ein Trottel." Ich setze diese Einwen-
303 1498 1995 1609 dung, die mir im Augenblick, da sie ausgesprochen wurde,
310 1626 1946 1741 sehr plansibel schien, jedenfalls hieher. Aus die Be-
301 1735 1995 1852 fürchtung B.'s, dass das Publikum seinen Unmut über Ka-
310 1852 1965 1974 rinski nach alter guter Theaterweise am Autor auslas-
316 1985 1910 2108 sen könnte, sei erwähnt. Weniger wichtig scheint mir
308 2089 1965 2217 ein anderer Einfall Burckhards: dass die Naive (oder
316 2224 1995 2320 wenn Sie wünschen Sentimentale) schliesslich noch den
316 2333 1982 2452 Karinski niederschiessen sollte. Auch knallt es, sogar
310 2448 2019 2578 wenn Damen schiessen, und so sind sie ja von vornherein
323 2559 1935 2685 ein Gegner dieses Abschlusses (hier hätten Sie den
316 2675 1972 2796 guten Spass: „Abschusses“ nicht unterdrücken können.) -
327 2822 1953 2931 *) wobei es aber, wie ich zu bemerken bitte, nicht we-
399 2867 878 2976 niger knallte.
3926 891 4258 1042 (14.9.96.)
2728 1017 4407 1158 Dieser Tage schicke ich das Stück dem Dtsch.Volksthea-
2734 1139 4390 1275 ter; es ist wohl nicht dran zu denken, dass es hier die
2734 1265 4416 1378 Censur passiert; sollte das unglaubliche doch geschehn,
2741 1391 4396 1491 so wird der Unannehmlichkeit, hier die allererste Auf-
2741 1523 4356 1604 führung zu erleiden, hoffentlich nicht schwer zu ent-
2734 1624 4450 1745 gehen sein, Besetzen lässt sich das Stück im Volksthea-
2751 1745 4377 1835 ter,mit Ausnahme weniger Rollen, sowieso nicht. Burck-
2758 1863 4394 1959 hard will ganz bestimmt zur Premiere nach Berlin kom-
2747 1965 4407 2076 men, und hat mich ersucht, ihm den Termin so zeitig als
2745 2100 4309 2196 mögl ich bekannt zu geben. Bald hätt ich vergessen,
2751 2209 4349 2309 dass auch er bei der Riedel nach der Sorma und beim
2747 2346 4366 2433 Karinski nach dem Kainz geschrieen hat. Geschrieen -
2762 2446 4379 2564 ist vielleicht etwas übertrieben, und das erzähl ich
2764 2585 4091 2677 Ihnen ja auch nur sozusagan im Plauderton.
2747 2679 4390 2798 zum Hannele und auch zum Sudermann-Abend viel Glück!
2764 2818 4448 2929 Hier haben wir am 19. die Athenerin - aber das wird Sie
2758 2922 3753 3051 ja erst am 20. interessieren! -
