2504 4103
1711 397 1893 528 1111
1036 797 1143 910 21
1581 876 1863 972 13.5.97.
446 957 2066 1075 „Freiwild" im wunderschönen Monat Mai wieder bei uns
446 1077 1946 1222 erschienen ist, zwei Mal jauchzend begrüsst? Also
438 1235 2123 1329 hübsch fleissig, mein Herr,und caeterum censeo: schrei-
442 1329 1989 1436 ben Sie eine Bombenrolle für die gisela Schneider,
442 1438 2034 1547 die sich neulich wieder in einer Matinee,bei „Guten
442 1579 2138 1705 Morgen,Herr Fischer“, als eine famose Soubrette erwiesen
427 1700 577 1792 hat.
741 1779 2128 1925 Ihr Herr Schalent oder Szalit hat sich prompt
427 1895 1974 2021 eingestellt, er fand aber schon bei Ehrlich seinen
421 2027 2070 2177 Kismet, als welcher das Stück für indiscutabel erklär-
427 2132 2094 2264 te. Dass Sie mir von Paris ein gutes Stück mitbringen,
421 2249 2027 2386 dagegen habe ich gar nichts; wenn nur die Franzosen
419 2358 2021 2506 nicht so verflucht perdu wären. Oder haben Sie doch
421 2482 1060 2636 eine Perle gefunden?
714 2630 2108 2713 In Wien war es recht schön, abgesehen von dem
412 2741 2049 2854 oben erwähnten Mangel an einem Liebling der Grazien.
399 2869 2117 2972 Den Anfang des Juni werde ich möglicherweise in Schrei-
399 2989 2002 3076 berhau sein, und wenn Sie dorthin kämen oder unsere
