2526 4103
1021 744 1118 856 51
1094 817 1786 956 Berlin, 14. April 1899.
510 934 1367 1090 Herrn Dr.Arthur Schnitzler
1142 1042 1827 1185 Wien IX.prankgasse 1.
740 1187 1585 1295 Sehr geehrter Herr Doctor!
407 1289 2015 1403 Der starke Erfolg,welchen „Hans“ von Max preyer er-
413 1388 2063 1520 zielt, veranlasst mich, die Premiere Ihrer Stücke noch
415 1514 2085 1669 etwas zu verschieben und zwar auf Freitag den 28.d.M.
417 1644 2002 1760 Ich habe mich dazu umso eher entschlossen, als dies
417 1754 2093 1890 auch der sorgfältigeren Einstudierung Ihrer Stücke zu
417 1892 2154 2005 Gute komnt und Ihnen deshalb nur angenehm sein kann. Das
415 1994 1970 2115 Repertoir der künftigen Woche mit den angesetzten
415 2132 2031 2249 Proben werden wir Ihnen morgen zusenden.Hoffentlich
424 2240 1289 2370 sehe ich Sie nun bald hier!
794 2366 1352 2493 Herzlich grüssend
822 2508 943 2597 Ihr
1140 2599 1289 2720 O.B.
