2435 4104
1922 748 2160 932 9.7.99.
565 907 2234 1089 Ich möchte gern von Ihnen erfahren, wie eigentlich die
565 1034 2270 1223 Vernünftigen in Wien sich zu dem Gastspiel bei Raimund
571 1162 2202 1342 stellen? Wiener und Berliner Berichte sind so wider-
576 1321 1829 1442 sprechend, dass man gar kein Bild kriegt.
573 1414 2173 1567 Die „Schaffnerin" schicke ich Ihnen zurück, den Tel-
576 1542 2238 1691 stoi, wenn Sie ihn nicht brauchen, behalte ich noch und
573 1667 2200 1767 hoffe, dass Sie ihn sich im Herbst abholen. Ich werde
582 1792 2185 1933 ca. den 26. August wieder in Berlin sein,Adresse bis
573 1892 1310 2028 dahin stets Dt.Theater.
854 2043 1412 2160 Machen Sie's gut!
1223 2122 1629 2253 Herzlich Ihr
1633 2251 1784 2383 O.B.
