<?xml version="1.0" encoding="UTF-8" standalone="yes"?>
<PcGts xmlns="http://schema.primaresearch.org/PAGE/gts/pagecontent/2013-07-15" xmlns:xsi="http://www.w3.org/2001/XMLSchema-instance" xsi:schemaLocation="http://schema.primaresearch.org/PAGE/gts/pagecontent/2013-07-15 http://schema.primaresearch.org/PAGE/gts/pagecontent/2013-07-15/pagecontent.xsd">
    <Metadata>
        <Creator>prov=READ-COOP:name=TrHtr:version=2.1.0:model_id=51170:date=26_07_2023_02:00</Creator>
        <Created>2023-05-02T07:45:06.347+02:00</Created>
        <LastChange>2023-07-26T02:00:03.846+02:00</LastChange>
        <TranskribusMetadata docId="1416706" pageId="54951228" pageNr="225" tsid="130870979" status="IN_PROGRESS" userId="64420" imgUrl="https://files.transkribus.eu/Get?id=GIRRAWSZHWPPWTZUMWFEKTUT&amp;fileType=view" xmlUrl="https://files.transkribus.eu/Get?id=CXJAMYKAVPENDJOBWFGFRSYU" imageId="44454954"/>
    </Metadata>
    <Page imageFilename="1416706_0225.jpg" imageWidth="5022" imageHeight="4039">
        <ReadingOrder>
            <OrderedGroup id="ro_1711829390355" caption="Regions reading order">
                <RegionRefIndexed index="0" regionRef="tr_2"/>
                <RegionRefIndexed index="1" regionRef="tr_1"/>
            </OrderedGroup>
        </ReadingOrder>
        <TextRegion id="tr_2" custom="readingOrder {index:0;}">
            <Coords points="89,798 1828,798 1828,2083 89,2083"/>
            <TextLine id="tr_2_tl_1" custom="readingOrder {index:0;}">
                <Coords points="751,875 793,895 815,882 831,887 853,878 871,893 922,904 918,766 900,768 878,789 853,771 846,780 835,768 817,764 802,775 777,773 766,764 748,768"/>
                <Baseline points="764,848 854,848 926,854"/>
                <TextEquiv>
                    <Unicode>209</Unicode>
                </TextEquiv>
            </TextLine>
            <TextLine id="tr_2_tl_2" custom="readingOrder {index:1;}">
                <Coords points="1475,884 1586,880 1617,902 1659,902 1691,931 1724,911 1755,936 1780,931 1780,771 1746,760 1713,786 1695,777 1648,793 1610,826 1535,815 1495,838 1475,835"/>
                <Baseline points="1487,872 1577,872 1666,872 1756,872 1786,872"/>
                <TextEquiv>
                    <Unicode>19.8.06.</Unicode>
                </TextEquiv>
            </TextLine>
            <TextLine id="tr_2_tl_3" custom="readingOrder {index:2;}">
                <Coords points="74,1080 1176,1016 1305,1051 1408,1002 1619,1016 1657,967 809,936 370,982 256,931 76,991"/>
                <Baseline points="89,1039 137,1033 227,1033 316,1033 406,1027 495,1027 585,1021 675,1021 764,1015 854,1015 944,1009 1033,1003 1123,1003 1212,1003 1302,997 1392,997 1481,997 1571,991 1661,997"/>
                <TextEquiv>
                    <Unicode>Also zu wenig für einen ainakter, würden Sie sagen.</Unicode>
                </TextEquiv>
            </TextLine>
            <TextLine id="tr_2_tl_4" custom="readingOrder {index:3;}">
                <Coords points="281,1158 1045,1187 1292,1127 1782,1125 1822,1065 648,1040 281,1100"/>
                <Baseline points="292,1147 304,1147 394,1147 483,1141 573,1141 663,1135 752,1135 842,1135 932,1129 1021,1129 1111,1123 1200,1117 1290,1117 1380,1117 1469,1117 1559,1111 1649,1111 1738,1105 1828,1099"/>
                <TextEquiv>
                    <Unicode>Ich gehe am Mittwoch von hier weg, bin ganz fleis-</Unicode>
                </TextEquiv>
            </TextLine>
            <TextLine id="tr_2_tl_5" custom="readingOrder {index:4;}">
                <Coords points="80,1294 1664,1265 1766,1256 1771,1165 85,1176"/>
                <Baseline points="95,1272 161,1272 250,1266 340,1260 430,1260 519,1260 609,1254 699,1248 788,1248 878,1248 967,1242 1057,1242 1147,1236 1236,1236 1326,1236 1416,1230 1505,1224 1595,1224 1684,1224 1774,1224"/>
                <TextEquiv>
                    <Unicode>sig an der Jbsen-Arbeit gewesen, und habe allerlei Stö-</Unicode>
                </TextEquiv>
            </TextLine>
            <TextLine id="tr_2_tl_6" custom="readingOrder {index:5;}">
                <Coords points="76,1399 1786,1372 1804,1299 682,1274 76,1348"/>
                <Baseline points="89,1386 107,1380 197,1386 286,1380 376,1380 466,1374 555,1374 645,1368 734,1368 824,1368 914,1362 1003,1356 1093,1356 1183,1356 1272,1350 1362,1350 1451,1344 1541,1350 1631,1338 1720,1338 1810,1338"/>
                <TextEquiv>
                    <Unicode>rungen im Theater - Triesch krank,Launenhaftigkeit Ih-</Unicode>
                </TextEquiv>
            </TextLine>
            <TextLine id="tr_2_tl_7" custom="readingOrder {index:6;}">
                <Coords points="82,1537 1628,1486 1726,1470 1729,1403 466,1383 82,1472"/>
                <Baseline points="95,1505 119,1499 209,1499 298,1499 388,1493 477,1493 567,1487 657,1487 746,1481 836,1481 926,1475 1015,1475 1105,1475 1194,1469 1284,1463 1374,1463 1463,1463 1553,1457 1643,1457 1732,1463"/>
                <TextEquiv>
                    <Unicode>res geliebten Bassermann - Dank schöner Segelfahrten</Unicode>
                </TextEquiv>
            </TextLine>
            <TextLine id="tr_2_tl_8" custom="readingOrder {index:7;}">
                <Coords points="74,1639 1795,1610 1798,1524 76,1555"/>
                <Baseline points="89,1619 101,1619 191,1619 280,1613 370,1613 460,1607 549,1607 639,1607 728,1607 818,1595 908,1595 997,1589 1087,1589 1177,1589 1266,1583 1356,1583 1445,1583 1535,1577 1625,1571 1714,1571 1804,1565"/>
                <TextEquiv>
                    <Unicode>mit Geduld ertragen. Aber jetzt will ich unter sie tre-</Unicode>
                </TextEquiv>
            </TextLine>
            <TextLine id="tr_2_tl_9" custom="readingOrder {index:8;}">
                <Coords points="89,1755 1753,1722 1789,1633 91,1648"/>
                <Baseline points="101,1732 179,1732 268,1732 358,1726 448,1726 537,1720 627,1720 716,1720 806,1714 896,1714 985,1714 1075,1708 1165,1702 1254,1702 1344,1702 1433,1696 1523,1696 1613,1696 1702,1690 1792,1690"/>
                <TextEquiv>
                    <Unicode>ten und fürchterlich Musterung halten - was mich nicht</Unicode>
                </TextEquiv>
            </TextLine>
            <TextLine id="tr_2_tl_10" custom="readingOrder {index:9;}">
                <Coords points="82,1853 1702,1860 1726,1769 85,1780"/>
                <Baseline points="95,1852 119,1846 209,1852 298,1846 388,1846 477,1840 567,1840 657,1834 746,1834 836,1834 926,1828 1015,1828 1105,1828 1194,1822 1284,1822 1374,1822 1463,1816 1553,1816 1643,1810 1732,1810"/>
                <TextEquiv>
                    <Unicode>hindert, Ihrer lieben Frau und Ihnen die herzlichsten</Unicode>
                </TextEquiv>
            </TextLine>
            <TextLine id="tr_2_tl_11" custom="readingOrder {index:10;}">
                <Coords points="96,2011 163,1974 221,1994 330,1967 517,1989 568,1969 657,1971 659,1887 506,1876 468,1900 412,1871 332,1884 301,1862 276,1882 203,1873 129,1909 98,1902"/>
                <Baseline points="107,1971 125,1965 215,1965 304,1965 394,1965 483,1959 573,1959 663,1959"/>
                <TextEquiv>
                    <Unicode>Grüsse zu senden.</Unicode>
                </TextEquiv>
            </TextLine>
            <TextLine id="tr_2_tl_12" custom="readingOrder {index:11;}">
                <Coords points="733,2105 755,2098 782,2116 815,2112 824,2118 849,2105 887,2103 887,2000 864,1998 858,2003 840,1991 824,2000 809,1985 777,1998 753,1978 746,1985 733,1985"/>
                <Baseline points="746,2073 836,2073 890,2073"/>
                <TextEquiv>
                    <Unicode>O.B.</Unicode>
                </TextEquiv>
            </TextLine>
        </TextRegion>
        <TextRegion id="tr_1" custom="readingOrder {index:1;}">
            <Coords points="2670,828 4457,828 4457,2603 2670,2603"/>
            <TextLine id="tr_1_tl_1" custom="readingOrder {index:0;}">
                <Coords points="3279,909 3335,909 3359,933 3404,951 3421,944 3435,953 3455,949 3455,789 3426,784 3406,804 3395,800 3381,811 3359,806 3348,813 3308,789 3279,793"/>
                <Baseline points="3292,878 3381,878 3459,878"/>
                <TextEquiv>
                    <Unicode>210</Unicode>
                </TextEquiv>
            </TextLine>
            <TextLine id="tr_1_tl_2" custom="readingOrder {index:1;}">
                <Coords points="3638,971 3711,960 3738,976 3802,947 3967,1000 4036,969 4081,993 4143,953 4170,958 4170,880 4070,869 4025,891 3954,871 3874,900 3809,873 3760,898 3729,882 3638,887"/>
                <Baseline points="3650,938 3740,938 3829,938 3919,938 4009,938 4098,938 4176,938"/>
                <TextEquiv>
                    <Unicode>Berlin, 2.9.1906.</Unicode>
                </TextEquiv>
            </TextLine>
            <TextLine id="tr_1_tl_3" custom="readingOrder {index:2;}">
                <Coords points="3112,1114 3308,1120 3343,1100 3368,1118 3566,1123 3566,1058 3526,1054 3504,1071 3375,1058 3359,1042 3326,1058 3239,1042 3221,1051 3183,1018 3136,1045 3112,1038"/>
                <Baseline points="3124,1105 3214,1105 3304,1105 3393,1105 3483,1105 3572,1105"/>
                <TextEquiv>
                    <Unicode>Lieber Freund,</Unicode>
                </TextEquiv>
            </TextLine>
            <TextLine id="tr_1_tl_4" custom="readingOrder {index:3;}">
                <Coords points="3364,1172 3386,1165 3408,1183 3459,1176 3495,1185 3504,1176 3562,1183 3571,1174 3609,1181 3606,1112 3589,1109 3548,1125 3535,1114 3497,1123 3459,1112 3450,1120 3430,1112 3361,1118"/>
                <Baseline points="3375,1159 3465,1165 3555,1165 3614,1165"/>
                <TextEquiv>
                    <Unicode>Dichter</Unicode>
                </TextEquiv>
            </TextLine>
            <TextLine id="tr_1_tl_5" custom="readingOrder {index:4;}">
                <Coords points="2684,1272 3584,1296 3747,1232 4353,1245 4361,1181 2682,1176"/>
                <Baseline points="2694,1206 2778,1224 2867,1218 2957,1218 3047,1218 3136,1224 3226,1224 3316,1224 3405,1224 3495,1224 3584,1230 3674,1224 3764,1224 3853,1224 3943,1224 4033,1230 4122,1230 4212,1230 4301,1230 4367,1230"/>
                <TextEquiv>
                    <Unicode>ein Director ist kein (ausser wenn er Beides</Unicode>
                </TextEquiv>
            </TextLine>
            <TextLine id="tr_1_tl_6" custom="readingOrder {index:5;}">
                <Coords points="2682,1379 3047,1419 3617,1406 3711,1345 4379,1363 4379,1301 4212,1285 2682,1290"/>
                <Baseline points="2694,1332 2784,1338 2873,1338 2963,1338 3053,1338 3142,1338 3232,1338 3322,1344 3411,1344 3501,1344 3590,1344 3680,1344 3770,1344 3859,1344 3949,1344 4039,1344 4128,1350 4218,1350 4307,1350 4385,1344"/>
                <TextEquiv>
                    <Unicode>ist; dann ist es aber gewöhnlich auch darnach). Dieser</Unicode>
                </TextEquiv>
            </TextLine>
            <TextLine id="tr_1_tl_7" custom="readingOrder {index:6;}">
                <Coords points="2691,1501 4370,1541 4368,1439 4223,1401 2689,1408"/>
                <Baseline points="2700,1457 2790,1451 2879,1457 2969,1457 3059,1457 3148,1457 3238,1457 3327,1463 3417,1463 3507,1463 3596,1463 3686,1463 3776,1457 3865,1463 3955,1463 4044,1463 4134,1463 4224,1463 4313,1463 4373,1457"/>
                <TextEquiv>
                    <Unicode>erstere ist ein vielgeplagter Mann - meerschtendeels -</Unicode>
                </TextEquiv>
            </TextLine>
            <TextLine id="tr_1_tl_8" custom="readingOrder {index:7;}">
                <Coords points="2682,1615 3606,1655 3713,1586 4386,1588 4312,1517 2682,1517"/>
                <Baseline points="2694,1565 2784,1571 2873,1571 2963,1571 3053,1577 3142,1577 3232,1577 3322,1577 3411,1577 3501,1577 3590,1577 3680,1577 3770,1583 3859,1583 3949,1583 4039,1583 4128,1583 4218,1583 4307,1583 4391,1577"/>
                <TextEquiv>
                    <Unicode>ein Freier jedoch nicht; wie sollte ich also, armer Bu-</Unicode>
                </TextEquiv>
            </TextLine>
            <TextLine id="tr_1_tl_9" custom="readingOrder {index:8;}">
                <Coords points="2682,1749 4397,1708 4397,1646 3720,1671 2682,1615"/>
                <Baseline points="2694,1684 2784,1690 2873,1690 2963,1690 3053,1690 3142,1690 3232,1690 3322,1690 3411,1696 3501,1696 3590,1696 3680,1696 3770,1696 3859,1696 3949,1702 4039,1696 4128,1696 4218,1696 4307,1696 4397,1702 4403,1702"/>
                <TextEquiv>
                    <Unicode>reausclave ohne Weinlaub im Haar, am 7.schon wieder aus-</Unicode>
                </TextEquiv>
            </TextLine>
            <TextLine id="tr_1_tl_10" custom="readingOrder {index:9;}">
                <Coords points="2684,1858 3918,1889 4105,1822 4332,1831 4332,1769 2682,1749"/>
                <Baseline points="2694,1804 2784,1810 2873,1810 2963,1810 3053,1810 3142,1810 3232,1810 3322,1810 3411,1816 3501,1810 3590,1810 3680,1816 3770,1816 3859,1816 3949,1822 4039,1816 4128,1822 4218,1822 4307,1822 4337,1816"/>
                <TextEquiv>
                    <Unicode>rücken können? Ich kann mir den Semmering nicht aus su-</Unicode>
                </TextEquiv>
            </TextLine>
            <TextLine id="tr_1_tl_11" custom="readingOrder {index:10;}">
                <Coords points="2671,1985 3573,2014 3914,1936 4361,1951 4361,1898 4230,1878 2671,1869"/>
                <Baseline points="2682,1923 2772,1929 2861,1929 2951,1929 3041,1929 3130,1929 3220,1929 3310,1929 3399,1929 3489,1929 3578,1929 3668,1935 3758,1929 3847,1929 3937,1935 4027,1935 4116,1935 4206,1935 4295,1941 4367,1935"/>
                <TextEquiv>
                    <Unicode>chen,wenn er „am sch önsten" ist, sondern muss die Berg-</Unicode>
                </TextEquiv>
            </TextLine>
            <TextLine id="tr_1_tl_12" custom="readingOrder {index:11;}">
                <Coords points="2664,2080 3831,2116 3965,2056 4355,2076 4410,2020 2662,1989"/>
                <Baseline points="2676,2043 2766,2043 2855,2043 2945,2043 3035,2043 3124,2049 3214,2049 3304,2049 3393,2049 3483,2049 3572,2049 3662,2049 3752,2055 3841,2055 3931,2055 4021,2055 4110,2055 4200,2055 4289,2061 4379,2061 4415,2061"/>
                <TextEquiv>
                    <Unicode>feste feiern, wie sie fallen; Ihnen aber wünsche ich vom</Unicode>
                </TextEquiv>
            </TextLine>
            <TextLine id="tr_1_tl_13" custom="readingOrder {index:12;}">
                <Coords points="2664,2223 4451,2245 4426,2101 2664,2107"/>
                <Baseline points="2676,2162 2766,2162 2855,2156 2945,2162 3035,2162 3124,2162 3214,2162 3304,2162 3393,2168 3483,2168 3572,2168 3662,2168 3752,2168 3841,2168 3931,2168 4021,2168 4110,2174 4200,2174 4289,2174 4379,2174 4457,2174"/>
                <TextEquiv>
                    <Unicode>Schönsten das Allerschönste, und grüsse Ihre preieinigkeit</Unicode>
                </TextEquiv>
            </TextLine>
            <TextLine id="tr_1_tl_14" custom="readingOrder {index:13;}">
                <Coords points="2657,2352 2740,2343 2796,2359 2813,2341 2851,2352 2878,2337 2934,2366 2980,2357 2980,2254 2960,2261 2905,2221 2824,2234 2789,2225 2767,2245 2720,2232 2657,2234"/>
                <Baseline points="2670,2282 2760,2282 2850,2282 2939,2282 2987,2288"/>
                <TextEquiv>
                    <Unicode>herzlich.</Unicode>
                </TextEquiv>
            </TextLine>
            <TextLine id="tr_1_tl_15" custom="readingOrder {index:14;}">
                <Coords points="3185,2361 3212,2359 3221,2350 3228,2357 3261,2352 3288,2361 3299,2354 3312,2368 3323,2363 3337,2375 3348,2375 3339,2268 3306,2279 3292,2268 3257,2285 3243,2281 3217,2305 3194,2285 3179,2283"/>
                <Baseline points="3196,2342 3286,2348 3351,2354"/>
                <TextEquiv>
                    <Unicode>O.B.</Unicode>
                </TextEquiv>
            </TextLine>
            <TextLine id="tr_1_tl_16" custom="readingOrder {index:15;}">
                <Coords points="2657,2473 4317,2488 4350,2421 3375,2357 3168,2412 2655,2352"/>
                <Baseline points="2670,2455 2760,2455 2850,2449 2939,2449 3029,2455 3118,2455 3208,2455 3298,2455 3387,2455 3477,2461 3566,2455 3656,2455 3746,2461 3835,2461 3925,2461 4015,2461 4104,2467 4194,2467 4283,2467 4355,2467"/>
                <TextEquiv>
                    <Unicode>Nämlich es ist sehr heis s, und die sog.Gedanken schmel-</Unicode>
                </TextEquiv>
            </TextLine>
            <TextLine id="tr_1_tl_17" custom="readingOrder {index:16;}">
                <Coords points="2657,2513 4266,2544 4263,2479 4159,2473 2940,2455 2657,2495"/>
                <Baseline points="2670,2509 2760,2515 2850,2515 2939,2515 3029,2515 3118,2515 3208,2515 3298,2515 3387,2521 3477,2515 3566,2515 3656,2521 3746,2521 3835,2521 3925,2527 4015,2527 4104,2527 4194,2527 4272,2539"/>
                <TextEquiv>
                    <Unicode>zen. Heute könnte ich nicht über Jllusion streiten,</Unicode>
                </TextEquiv>
            </TextLine>
            <TextLine id="tr_1_tl_18" custom="readingOrder {index:17;}">
                <Coords points="2657,2579 2842,2617 3239,2586 3350,2642 3484,2588 4016,2631 4016,2530 2655,2513"/>
                <Baseline points="2670,2569 2760,2575 2850,2581 2939,2581 3029,2581 3118,2581 3208,2581 3298,2581 3387,2587 3477,2587 3566,2587 3656,2587 3746,2587 3835,2587 3925,2587 4015,2593 4021,2593"/>
                <TextEquiv>
                    <Unicode>weiss nur, dass diese 29 Grad wirklich sind.</Unicode>
                </TextEquiv>
            </TextLine>
        </TextRegion>
    </Page>
</PcGts>
