5015 4151
604 433 1287 597 määrätä, ja tämän ryhän sijän
1013 717 1176 829 293
929 773 1597 944 Helgoland, 24.8.1911.
321 1000 2015 1128 Danke schön für Ihre Grüsse, liebe Freunde. Wir singen
334 1101 1970 1270 eben,Fr. Prinzhorn und ich, das schöne Lied! Wenn die
336 1233 2017 1366 Schwalben heimwärtsziehen. In Agnetendorf habe ich gu-
351 1332 2002 1507 te Tage gelebt, hier auch; meine Bayreuthfahrt hat der
332 1454 1923 1606 hitzige Himmel und Siegfried Wagner vereitelt (der
343 1572 1994 1722 letztere durch eine abgeänderte Kundry). Alles Gute
343 1717 1064 1861 allen Schnitzlerschen!
4261 426 4435 561 "    "
3889 418 4064 589 " " "
3396 734 4272 886 294 Berlin, 1.9.1911.
3368 953 3844 1049 Lieber Freund,
2916 1028 4634 1165 ich schicke Ihnen heute nochmal das gestrichene „weite
2910 1184 4546 1325 Land" und bitte für diese Vorschläge um Ihr Ja. Ich
2910 1319 4606 1405 habe gegenüber der lessingschen Fassung Mannhes aufge-
2908 1407 4522 1565 macht, Manches neu gestrichen und lege den grössten
2916 1535 4623 1634 Wert auf die Vorschläge zum I. u. II. Akt, da ich bei je -
2914 1640 4533 1767 der Lektüre neu empfinde,wie weitläufig der Eingang
2908 1775 4520 1880 zu dem eigentlichen Drama ist (das mich dann frei-
2904 1880 4606 1991 lich jedesmal mit gleicher Stärke fesselt!) Ich müsste
2899 1989 4542 2131 mich sehr irren, oder die ausführliche Erzählung über
2899 2113 4505 2250 Aigner ist auf der Bühne entbehrlich, ja hinderlich?
2904 2233 4514 2349 wenn er da ist, interessiert er; vorher nicht in dem
2891 2336 4572 2465 Masse, begreiflicherweise, dass man von dem Unbekannten
2899 2467 3561 2591 so viel hören möchte.
2899 2582 4527 2687 Sagen Sie uns bitte umgehend, ob Sie, oder inwieweit
2884 2715 4587 2837 Sie, den Vorschlägen zustimmen, damit Lessing mit seiner
2893 2794 4520 2942 Ahbeit beginnen kann. Wir hoffen, den 20.Sept.mit Eu-
2893 2916 4546 3058 lenberg herauszukommen, am 14. Oct. mit meinem Freunde
