5041 4152
1574 419 2080 575 ........
1372 962 1913 1095 Berlin, 3.4.1904.
380 1132 2078 1267 Lieber Herr Schnitzler, wenn ich Ihnen bisher über den
410 1262 2161 1384 „Einsamen Weg“ in Wien nicht geschrieben habe, so gschah
399 1377 2172 1487 es, weil mir die Besetzungsfrage nicht klar werden wollte.
387 1485 2129 1615 In erster Linie: Bassermann ist übel mit dem Halse dran
399 1620 2110 1725 und soll eine längere Sommerruhe haben. Er wird - viel-
392 1757 2124 1835 leicht - auf 8-10 Tage mit nach V. kommen, aber dann auf
399 1858 2188 1938 Urlaub gehen. Die Lehmann muss ich in Berlin lassen wegen
410 1982 2080 2074 „Rose Bernd“,- und Rittner strikt für Julian in W.; er
392 2099 2122 2179 ist nicht verpflichtet mitzumachen, und gutwillig ist er
392 2202 2177 2282 dazu nicht zu kriegen. Nun hat zwar Hofmeister den Julian
403 2332 2154 2431 (schaudern Sie nicht) zweimal in Vertretung gespielt und
380 2447 2172 2532 sich anständig aus der Affaire gezogen; aber für die Wie-
392 2536 2142 2614 ner Première werden weder Sie noch ich diese Besetzung
392 2674 2195 2745 sonderlich gut finden. Deshalb scheint mir am geratensten,
380 2784 2099 2871 den Eins.Weg für eine nächstjährige Wiener Campagne in
380 2914 2223 2990 Aussicht zu nehmen, wo dann Reicher den Julian spielen könn-
392 3008 2087 3128 te. Auch Rose Berndt soll eventuell 1905 von uns in W.
392 3128 882 3235 gepielt werden.
3765 415 4885 589 1 1 1 1/2 „ — „ „ 4 „
3645 926 3801 1038 152
4289 1001 4589 1095 3.4.1904.
2892 1132 4690 1237 Und ihr, mein Herr, ihr reist so immer fort? Wo stecken Sie
2898 1219 4720 1359 denn, in Korfu oder im Altwiener Stück? Und kommen Sie auch
2880 1363 4660 1473 nicht so spät zurück, dass man in W. eine Freud von Ihnen
2887 1462 4713 1606 hat? Einstweilen vermisse ich noch die Ansichtskarte, durch
2892 1608 4667 1714 die Sie sich sonst zu bezeugen pflegen. Oder sind Sie am
2898 1741 3510 1849 Ende gar nicht weg?
3476 1847 4033 1961 Herzliche Grüsse
3978 1970 4202 2048 Ihres
4145 2064 4303 2186 O.B.
