5049 4088
926 391 1422 526 : 1 1: 1: —: —
926 796 1089 907 233
1302 828 1841 935 Berlin, 5.5.1908.
920 1014 1384 1166 Lieber Freund,
513 1127 2169 1251 traurig ist es, aber wahr: es geht mir nicht zusammen,
513 1270 2139 1347 und es geht mir nicht zusammen! Was sind Hoffnungen,
520 1345 2158 1476 was sind Entwürfe? Der Mensch denkt, und das Publikum
526 1486 2145 1576 lenkt (siehe „Raub der Sabinerinnen"). Und so könnte
520 1619 2164 1707 ich Ihnen noch einige Dutzend unpassende Sprüche her-
526 1745 2122 1829 setzen; aber das Resultat bliebe dasselbe; ich kann
513 1835 2147 1938 jetzt nicht fort! Auch die Prager Ausflügler hab ich
513 1948 2158 2047 ihrem Schicksal überlassen. Ich muss hierbleiben, aber
500 2072 2177 2160 nicht um Schönthansche Schwänke für nächste Saison zu
520 2214 2139 2301 studieren,wie Sie behaupten werden, sondernum anderer
513 2312 2079 2395 constitutioneller Regierungsakte halber. Wien habe
513 2442 2137 2524 ich aufgegeben, als Gastspielort dieses Sommers; aber
513 2552 2218 2652 vielleicht könnte ich als Mensch (und so) gegen Monats-
520 2656 2079 2780 schluss ein bischen hinkommen, in irgend eine Brühl
500 2768 2092 2877 mit Ihnen Beiden wandern und - Doch da „dies alles
507 2900 2068 3048 Projekt" ist, wie Sie so schön sey en, will ich mich
513 3022 2231 3163 nicht allzusehr in blühende Zukunftsaspekten vertiefen,
3580 729 3741 870 238
4224 725 4496 915 5.5.08.
2928 885 4585 1061 Ihnen nur noch schnell einen sonnenreichen Abschluss
2941 1037 4521 1176 Ihrer Fahrt wünschen, und Sie herzlich-schmerzlich,
2951 1193 3702 1320 wilig-treulich grüssen.
3781 1305 3955 1442 O.B.
