<?xml version="1.0" encoding="UTF-8" standalone="yes"?>
<PcGts xmlns="http://schema.primaresearch.org/PAGE/gts/pagecontent/2013-07-15" xmlns:xsi="http://www.w3.org/2001/XMLSchema-instance" xsi:schemaLocation="http://schema.primaresearch.org/PAGE/gts/pagecontent/2013-07-15 http://schema.primaresearch.org/PAGE/gts/pagecontent/2013-07-15/pagecontent.xsd">
    <Metadata>
        <Creator>prov=READ-COOP:name=TrHtr:version=2.1.0:model_id=51170:date=26_07_2023_01:53</Creator>
        <Created>2023-05-02T07:44:24.935+02:00</Created>
        <LastChange>2023-07-26T01:53:33.857+02:00</LastChange>
        <TranskribusMetadata docId="1416706" pageId="54950341" pageNr="10" tsid="130869903" status="IN_PROGRESS" userId="64420" imgUrl="https://files.transkribus.eu/Get?id=HTANEPXFYJOXJRQIHIMJBOUE&amp;fileType=view" xmlUrl="https://files.transkribus.eu/Get?id=PGWPKYHFLTLBMFZRYVSEVWYR" imageId="44454067"/>
    </Metadata>
    <Page imageFilename="1416706_0010.jpg" imageWidth="2524" imageHeight="4104">
        <ReadingOrder>
            <OrderedGroup id="ro_1711829226654" caption="Regions reading order">
                <RegionRefIndexed index="0" regionRef="tr_2"/>
                <RegionRefIndexed index="1" regionRef="tr_1"/>
            </OrderedGroup>
        </ReadingOrder>
        <TextRegion id="tr_2" custom="readingOrder {index:0;}">
            <Coords points="1375,412 2411,412 2411,920 1375,920"/>
            <TextLine id="tr_2_tl_1" custom="readingOrder {index:0;}">
                <Coords points="2273,494 2300,486 2317,490 2355,517 2359,511 2376,513 2384,502 2407,509 2399,402 2388,402 2376,414 2367,414 2344,397 2336,402 2313,397 2302,410 2288,399 2264,404"/>
                <Baseline points="2280,462 2325,462 2369,468 2411,471"/>
                <TextEquiv>
                    <Unicode>"   "</Unicode>
                </TextEquiv>
            </TextLine>
            <TextLine id="tr_2_tl_2" custom="readingOrder {index:1;}">
                <Coords points="1865,500 1890,496 1915,517 1962,519 1974,532 2004,530 2029,507 2073,519 2094,505 2102,513 2161,502 2163,404 2142,408 2109,389 2039,416 1962,387 1913,410 1867,410"/>
                <Baseline points="1877,492 1898,480 1943,474 1987,474 2032,468 2077,465 2122,468 2166,483"/>
                <TextEquiv>
                    <Unicode>„ 1„ 9„ 8„</Unicode>
                </TextEquiv>
            </TextLine>
            <TextLine id="tr_2_tl_3" custom="readingOrder {index:2;}">
                <Coords points="1365,515 1407,524 1476,496 1524,511 1573,498 1604,526 1655,511 1682,519 1726,481 1749,488 1749,402 1714,414 1682,406 1655,425 1585,397 1564,412 1531,410 1484,381 1470,391 1451,378 1360,399"/>
                <Baseline points="1375,474 1417,477 1462,480 1507,483 1552,483 1596,483 1641,480 1686,483 1731,486 1752,489"/>
                <TextEquiv>
                    <Unicode>1 1/2 1/4:</Unicode>
                </TextEquiv>
            </TextLine>
            <TextLine id="tr_2_tl_4" custom="readingOrder {index:3;}">
                <Coords points="1779,917 1869,946 1901,917 1962,927 1997,919 2058,934 2073,919 2094,931 2119,910 2145,910 2142,858 2094,866 2067,841 2037,841 2023,854 1989,837 1911,864 1814,843 1777,860"/>
                <Baseline points="1790,904 1835,907 1880,907 1925,907 1969,907 2014,907 2059,907 2104,910 2149,910"/>
                <TextEquiv>
                    <Unicode>(22.2.96).</Unicode>
                </TextEquiv>
            </TextLine>
        </TextRegion>
        <TextRegion id="tr_1" custom="readingOrder {index:1;}">
            <Coords points="582,964 2274,964 2274,2275 582,2275"/>
            <TextLine id="tr_1_tl_1" custom="readingOrder {index:0;}">
                <Coords points="584,1030 2245,1045 2214,963 584,971"/>
                <Baseline points="596,1017 641,1014 686,1014 731,1017 776,1017 820,1017 865,1017 910,1017 955,1017 999,1020 1044,1017 1089,1020 1134,1020 1178,1020 1223,1020 1268,1020 1313,1017 1358,1020 1402,1020 1447,1020 1492,1023 1537,1020 1581,1020 1626,1020 1671,1020 1716,1020 1760,1020 1805,1023 1850,1023 1895,1023 1940,1023 1984,1023 2029,1023 2074,1023 2119,1023 2163,1023 2208,1023 2247,1023"/>
                <TextEquiv>
                    <Unicode>Sehr begierig bin ich auf Ihr neues Stück. Ich werde</Unicode>
                </TextEquiv>
            </TextLine>
            <TextLine id="tr_1_tl_2" custom="readingOrder {index:1;}">
                <Coords points="593,1165 1878,1175 2163,1161 2163,1104 591,1083"/>
                <Baseline points="605,1137 650,1134 695,1134 740,1137 784,1137 829,1137 874,1137 919,1137 964,1137 1008,1137 1053,1137 1098,1140 1143,1137 1187,1137 1232,1140 1277,1140 1322,1137 1367,1140 1411,1143 1456,1143 1501,1143 1546,1143 1590,1140 1635,1143 1680,1143 1725,1143 1769,1143 1814,1143 1859,1143 1904,1143 1949,1143 1993,1140 2038,1143 2083,1146 2128,1146 2169,1152"/>
                <TextEquiv>
                    <Unicode>ihm ein eifriger Leser sein, und kein Kindermörder,</Unicode>
                </TextEquiv>
            </TextLine>
            <TextLine id="tr_1_tl_3" custom="readingOrder {index:2;}">
                <Coords points="587,1262 2245,1278 2243,1205 584,1209"/>
                <Baseline points="596,1247 641,1247 686,1247 731,1250 776,1250 820,1250 865,1250 910,1253 955,1253 999,1253 1044,1253 1089,1253 1134,1253 1178,1253 1223,1253 1268,1253 1313,1256 1358,1256 1402,1253 1447,1256 1492,1256 1537,1259 1581,1259 1626,1259 1671,1259 1716,1259 1760,1259 1805,1262 1850,1262 1895,1259 1940,1259 1984,1262 2029,1262 2074,1262 2119,1259 2163,1262 2208,1262 2250,1265"/>
                <TextEquiv>
                    <Unicode>Vielleicht können Sie uns diesmal das jus primae noc-</Unicode>
                </TextEquiv>
            </TextLine>
            <TextLine id="tr_1_tl_4" custom="readingOrder {index:3;}">
                <Coords points="591,1386 2168,1407 2168,1343 1989,1312 1907,1350 1838,1312 1638,1348 591,1327"/>
                <Baseline points="602,1367 647,1367 692,1369 737,1367 781,1369 826,1369 871,1372 916,1372 961,1372 1005,1372 1050,1372 1095,1375 1140,1375 1184,1372 1229,1375 1274,1375 1319,1375 1364,1375 1408,1375 1453,1375 1498,1375 1543,1375 1587,1375 1632,1375 1677,1378 1722,1378 1766,1378 1811,1381 1856,1378 1901,1375 1946,1378 1990,1378 2035,1378 2080,1381 2125,1381 2169,1384 2172,1384"/>
                <TextEquiv>
                    <Unicode>tis vor Wien lassen? - Ich würde noch die Hoffnung</Unicode>
                </TextEquiv>
            </TextLine>
            <TextLine id="tr_1_tl_5" custom="readingOrder {index:4;}">
                <Coords points="587,1486 938,1526 2172,1505 2145,1447 587,1438"/>
                <Baseline points="599,1486 644,1483 689,1486 734,1486 779,1486 823,1486 868,1489 913,1489 958,1489 1002,1489 1047,1492 1092,1492 1137,1489 1181,1492 1226,1492 1271,1492 1316,1492 1361,1492 1405,1492 1450,1489 1495,1489 1540,1492 1584,1495 1629,1495 1674,1495 1719,1495 1763,1495 1808,1495 1853,1495 1898,1495 1943,1495 1987,1495 2032,1495 2077,1495 2122,1498 2166,1498 2178,1495"/>
                <TextEquiv>
                    <Unicode>aussprechen, dass Ihnen Ihre ärztliche Praxis recht</Unicode>
                </TextEquiv>
            </TextLine>
            <TextLine id="tr_1_tl_6" custom="readingOrder {index:5;}">
                <Coords points="582,1613 2269,1640 2237,1558 1205,1581 582,1537"/>
                <Baseline points="593,1602 638,1602 683,1605 728,1605 773,1605 817,1605 862,1608 907,1605 952,1608 996,1608 1041,1608 1086,1608 1131,1608 1175,1608 1220,1605 1265,1608 1310,1608 1355,1611 1399,1611 1444,1611 1489,1611 1534,1611 1578,1611 1623,1614 1668,1614 1713,1614 1758,1614 1802,1611 1847,1614 1892,1611 1937,1611 1981,1614 2026,1614 2071,1617 2116,1617 2160,1617 2205,1617 2250,1617 2274,1611"/>
                <TextEquiv>
                    <Unicode>viel Zeit lässt, das Stück bald zu Ende zu führen; aber</Unicode>
                </TextEquiv>
            </TextLine>
            <TextLine id="tr_1_tl_7" custom="readingOrder {index:6;}">
                <Coords points="584,1741 2254,1741 2147,1682 584,1684"/>
                <Baseline points="596,1722 641,1722 686,1722 731,1722 776,1722 820,1725 865,1725 910,1725 955,1725 999,1725 1044,1728 1089,1728 1134,1728 1178,1728 1223,1728 1268,1728 1313,1728 1358,1728 1402,1728 1447,1731 1492,1731 1537,1731 1581,1731 1626,1731 1671,1731 1716,1734 1760,1734 1805,1734 1850,1734 1895,1734 1940,1734 1984,1734 2029,1734 2074,1734 2119,1737 2163,1734 2208,1734 2253,1731 2259,1731"/>
                <TextEquiv>
                    <Unicode>ich fürchte, Sie sehen darin wieder eine jener Anspie-</Unicode>
                </TextEquiv>
            </TextLine>
            <TextLine id="tr_1_tl_8" custom="readingOrder {index:7;}">
                <Coords points="576,1844 2227,1875 2191,1810 576,1806"/>
                <Baseline points="587,1835 632,1838 677,1841 722,1841 767,1844 811,1844 856,1844 901,1844 946,1841 990,1844 1035,1844 1080,1844 1125,1844 1170,1844 1214,1847 1259,1847 1304,1847 1349,1847 1393,1847 1438,1850 1483,1847 1528,1847 1572,1850 1617,1850 1662,1850 1707,1853 1752,1853 1796,1853 1841,1853 1886,1853 1931,1853 1975,1853 2020,1856 2065,1856 2110,1856 2154,1856 2199,1856 2229,1853"/>
                <TextEquiv>
                    <Unicode>lungen, die meiner Harmlosigkeit so ganz fern liegen,</Unicode>
                </TextEquiv>
            </TextLine>
            <TextLine id="tr_1_tl_9" custom="readingOrder {index:8;}">
                <Coords points="576,1983 2168,1995 2168,1911 1280,1941 574,1888"/>
                <Baseline points="587,1957 632,1957 677,1957 722,1957 767,1960 811,1960 856,1960 901,1960 946,1960 990,1960 1035,1960 1080,1960 1125,1963 1170,1963 1214,1963 1259,1963 1304,1963 1349,1966 1393,1966 1438,1966 1483,1966 1528,1966 1572,1966 1617,1969 1662,1969 1707,1969 1752,1969 1796,1969 1841,1969 1886,1969 1931,1972 1975,1972 2020,1972 2065,1972 2110,1972 2154,1972 2172,1969"/>
                <TextEquiv>
                    <Unicode>darum unterdrücke ich das lieber, und verbleibe mit</Unicode>
                </TextEquiv>
            </TextLine>
            <TextLine id="tr_1_tl_10" custom="readingOrder {index:9;}">
                <Coords points="570,2107 784,2117 833,2086 875,2105 904,2088 986,2109 1024,2092 1053,2109 1083,2100 1083,2050 1053,2037 967,2048 906,2021 784,2044 721,2018 692,2042 570,2031"/>
                <Baseline points="582,2074 626,2074 671,2077 716,2077 761,2077 805,2077 850,2077 895,2077 940,2077 984,2077 1029,2080 1074,2080 1086,2080"/>
                <TextEquiv>
                    <Unicode>schönen Grüssen</Unicode>
                </TextEquiv>
            </TextLine>
            <TextLine id="tr_1_tl_11" custom="readingOrder {index:10;}">
                <Coords points="1068,2227 1079,2227 1089,2216 1106,2220 1125,2212 1137,2212 1146,2220 1156,2212 1169,2210 1194,2214 1196,2153 1177,2149 1163,2159 1154,2155 1137,2157 1127,2147 1116,2147 1081,2113 1070,2113"/>
                <Baseline points="1080,2202 1125,2202 1170,2199 1199,2202"/>
                <TextEquiv>
                    <Unicode>Ihr</Unicode>
                </TextEquiv>
            </TextLine>
            <TextLine id="tr_1_tl_12" custom="readingOrder {index:11;}">
                <Coords points="1343,2271 1367,2262 1407,2292 1468,2271 1554,2271 1585,2288 1608,2277 1655,2277 1680,2294 1714,2288 1714,2214 1682,2227 1655,2214 1568,2216 1556,2206 1518,2222 1459,2210 1343,2224"/>
                <Baseline points="1355,2262 1399,2262 1444,2262 1489,2262 1534,2262 1578,2262 1623,2265 1668,2265 1713,2265 1719,2265"/>
                <TextEquiv>
                    <Unicode>Otto Brahm.</Unicode>
                </TextEquiv>
            </TextLine>
        </TextRegion>
    </Page>
</PcGts>
