2490 4103
857 686 973 817 36
1134 752 1846 875 Berlin, 16. August 1898.
232 840 1076 1001 Herrn Dr.Arthur Schnitzler
1246 935 1503 1033 Wien IX.
1209 984 1636 1113 Frankgasse 1.
457 1076 1291 1226 Sehr geehrter Herr Doctor!
242 1203 1897 1327 Mir ist eine junge Schauspielerin Namens Olga Bieder-
232 1327 1869 1462 mann zum Engagement angeboten worden, mit d er Angabe,
236 1447 1820 1571 dass sie von Ihren empfohlen werde,Sie würden mich
232 1561 1816 1700 deshalb sehr verbinden, wenn Sie die Freundlichkeit
232 1683 1848 1803 haben wollten, mir darüber Auskunft zu geben,ob dies
236 1801 1869 1927 der Fall ist und was Sie mir etwa Günstiges über die
229 1908 1899 2058 Dame zu sagen hätten, Freilich muss ich gleich hinzu-
227 2067 1889 2148 fügen, dass ich augenblicklich mit jungen Weiblichkei-
236 2189 1889 2272 ten vollauf versehen bin und nur dann mich zu einem
229 2270 1910 2397 neuen Engagement entschliessen könnte, wenn es sich um
229 2395 1443 2510 ein aussergewöhnliches Tal ent handelte,
525 2540 1949 2624 Bei dieser Gelegenheit möchte ich auch gleich
223 2669 1874 2750 gern erfahren, wie weit der Druck Ihres Stückes vorge-
223 2770 1854 2870 schritten ist und wann wir etwa Exemplare davon wer-
217 2890 1940 3001 den erhalten können. Dass Frau Lehmann von einer recht
