5127 4119
1132 739 2031 906 76 Helgo land, 3.8.1901.
806 952 1556 1030 Lieber Herr Schnitzler,
626 1036 2294 1160 wo weilen Sie? Wollen Sie noch immer nicht versuchen,
639 1173 2292 1258 wie das Nordmeer thut? Ich kann Ihnen nur sagen: wun-
639 1284 2264 1382 derbarst! Hier ist gut segeln,baden,vegetieren - nur
643 1419 2181 1506 nicht arbeiten! wenn Sie das Letztere wollen, z.B.
639 1506 2264 1619 fürs Deutsche Theater ein Stück schreiben, dann frei-
639 1625 2257 1721 lich bleiben Sie lieber wo Sie sind und schauen sie,
639 1751 2186 1844 dass Sie es so bald wie trefflich fertig kriegen!
656 1857 2251 1983 Der gute Georg hat mir so etwas von einem Stück für
650 1983 2294 2075 uns erzählt, das Ihrer Feder entfliessen will: lassen
647 2073 2396 2229 sie's ruhig fliessen; es soll sehr willkommen sein, auch
669 2212 2236 2331 wenn Sie kein fescher Offizier mehr sind. Ich sehe
660 2329 1775 2429 aufs Herz, nicht auf die Epauletten.
660 2440 2327 2590 Dass wir in Wien so um einander gekommen sind, hat mir
680 2555 2275 2690 sehr lei d gethan, um so mehr, als ich während sie bei
663 2690 2253 2783 mir waren, den Schlaf des Gerechten schlief, den ich
663 2792 2327 2902 aber - ich spreche ein grosses Wort aus - gern unter-
680 2898 2229 3039 brochen hätte, um Sie zu sehen. Aber ich hoffe das
4441 745 4756 882 3.8.1901.
3122 869 4736 1025 Versäumte nun recht bald nachzuholen; denn wenn ich
3131 967 4771 1123 auch nicht anzunehmen stage, dass Sie, dem Rath des Ber-
3133 1112 4782 1243 liner Tageblatts folgend, zu uns in die Weltstadt zie-
3126 1227 4716 1373 hen werden, so habe ich doch ein Gefühl als müssten
3122 1349 4819 1458 Sie bald einmal in der schönen Ecke zwischen Continen-
3144 1471 4145 1619 tal- und Savoy-Hotel auftauchen!
3131 1584 4454 1725 Lassen Sie mich bald Gutes von sich hören!
3543 1703 4104 1862 Herzlich grüssend
4243 1875 4419 1960 O.B.
