2572 4105
2000 385 2382 540 Votre très obéissant à
1320 780 1511 837 ouest avec nouveaux.
701 759 1067 827 uus-
1424 890 1974 980 Kissingen, 6.6.94.
854 1050 1666 1141 Sehr gehrter Herr Doktor!
729 1190 2227 1269 Ihr Schauspiel „Das Märchen“ gebe ich anbei mit
538 1307 2206 1386 bestem Dank zurück. Dem Urtheil des Herrn Georg Bran-
540 1422 2161 1498 des kann ich wohl zus timmen, wenn ich das Werk nicht
531 1541 2204 1613 als Drama betrachte; für die Bühne jedoch hat es mei-
525 1660 2231 1734 nes Erachtens zuviel asychologie und zu wenig Anschau-
533 1772 1800 1853 ung, zuviel Tendenz und zu wenig Gestalt.
1330 1893 1864 1989 Hochachtungsvoll
1454 2008 1821 2100 Otto Brahm.
