4871 4168
1552 813 1914 917 (14.9.96.)
334 894 2048 1043 Mit den herzlichsten Grüs sein und der Versicherung, dass
356 1037 1984 1173 in meinem nächsten Stück wieder die lautlosen Todes-
347 1169 2001 1271 arten vorherrschen werden, bin ich Ihr treu ergebener
973 1267 1567 1407 Arthur Schnitzler.
3344 892 3791 992 Wien, 15.9.96.
2884 1020 3715 1177 Sehr geehrter Herr Doktor;
2699 1139 4385 1237 als Nachtrag zu dem gestrigen Brief: Riedel soll doch
2710 1260 4326 1352 eine Naive bleiben. Ist Ihnen das zu prononciert, so
2710 1401 4409 1499 kann sie auf dem Zettel einfach "Liebhaberin" heissen.
2710 1499 4409 1601 Dass sie ziemlich reife Dinge zu sagen hat, braucht sie
2710 1635 4311 1743 ja nicht abzuhal ten, naive Rollen spielen zu können;
2716 1739 4332 1820 ich glaube übrigens nicht einmal, dass sie besondres
2723 1858 4343 1937 schauspielerisches Talent hat. Und das allerwichtig-
2723 1975 4377 2080 ste:Wie können wir auf den unvergleichlichen Witz des
2716 2105 4332 2173 Direktors verzichten, der zum Kohn zu sagen hat: „Ich
2710 2208 4323 2303 werde die Naiven von Ihnen spielen lassen! “Bedenken
2723 2352 4338 2465 Sie doch, von welcher Bedeutung jeder Spass in einem
2723 2452 4372 2554 so traurigen Stück ist, das noch dazu mit einem Todes-
2716 2569 4019 2659 knall resp. einem knallenden Tode endet:-
2942 2693 4162 2833 Herzliche Grüsse von Ihrem ergebensten
3808 2810 3959 2889 A.S.
