5039 4040
1691 364 1865 485 1 "
1325 862 1901 986 Berlin, 18.5.1905.
249 1052 1956 1177 Lieber Freund, eine bindende Zusage, beim nächsten Gast-
262 1169 1969 1290 spiel den,E.W." zu spielen, kann ich Ihnen leider jetzt
249 1279 2015 1416 nicht geben, und vage Versprechungen à la - - Sie wissen
267 1411 1973 1530 ja, sind nicht mein und Ihr Fall. Dennoch möchte ich Ih-
267 1537 1967 1641 nen zu überlegen geben,ob nicht die Ihnen in Wien gebo-
262 1636 1980 1784 tene Gelegenheit bis sagen wir Ende d.J. (1.Januar ca.)
256 1762 1870 1883 offen zu halten und dann ev. zu ergreifen wäre; ich
262 1872 2002 2004 glaube ein solches bedächtiges Vorgehen läge auch in Ih-
262 1976 717 2110 rem Interesse?
256 2112 1951 2201 Sollten Sie das aber nicht wollen und s.Zt. Herrn Bas-
267 2209 2002 2324 sermann von mir verlangen, so gebe ich ihm, wenn ich kann,
262 2335 1762 2432 naturlich den gewünschten Urlaub bereitwilligst.
249 2456 2022 2582 Frl.Sikora habe ich also gehört und ganz begabt gefunden,
256 2567 1943 2666 nur ist sie glaub ich für den norddeutschen Geschmack
256 2699 2020 2783 ein zu süsses Mädel. Ausserdem habe ich in Folge anderer
249 2796 2015 2930 Kombination vielleicht doch keinen rechten Platz für sie-
249 2937 1925 3054 will aber nicht verreden, dass ich nochmal, früher oder
4121 928 4423 1076 18.5.05.
2725 1050 3588 1180 später, auf sie zurückkomme.
2719 1140 4377 1288 Ich bin - seit einigen Tagen erst - in Verhandlungen
2730 1259 4359 1413 über das Deutsch e Theater hineingerathen, deren Ende
2725 1409 4492 1532 aus verschiedenen Gründen im Augenblick nicht abzusehen
2736 1515 4470 1649 ist; deshalb sind auch meine Sommerfahrpläne heute ganz
2725 1629 4073 1773 nebelhaft. Aber bald muss es Licht werden!
2975 1771 3468 1901 Eilig, treulich
3530 1965 3707 2066 O.B.
2747 2176 3676 2337 Was machen meine zwei Stücke?
