5037 4151
1152 432 1833 589 Monsieur Monsieur, Allemagende
919 753 1095 912 hi7
1422 731 1822 933 4.7.1912.
368 919 1988 1116 „Bernh." nicht verboten wird! Es braucht kein Rosen-
387 1012 2001 1214 baum vom Franzenssing herzukommen, um u.s.w. Wann be-
385 1125 2060 1337 komme ich ihn denn? (Nicht den Ros.) - Mein hochpoeti-
398 1261 2109 1450 scher Rosenstock ist abgeblüht; die Ode an Sie war sein
391 1371 1899 1567 Schwanengesang,jetzt grassiert er in Marienbad.-
406 1476 2092 1680 Eloesser hat mich gekitzelt, etwas über die Kainzbriefe
427 1612 2071 1788 zu schreiben, und ich werds wohl tun, lebe jetzt wieder
434 1731 2133 1922 mit diesem wunderlichen Genius. Monnard ist aufgegeben.
929 1922 1214 2052 Herzlich
4563 415 4737 578 „ „
3978 819 4478 948 Jgls, 23.7.1912.
2975 959 4612 1114 Dieses ist ein Tiroler Abschiedsgruss, lieber Freund;
2979 1055 4637 1210 ich gehe am Freitag, nach schön verlebten fünf Wochen,
2992 1163 4537 1344 von hier weg und ins „Teutoburger-Wald-Sanatorium
2992 1286 4665 1444 bei Bielefeld", teils um Luftbäder in jenem Urwalde zu
2994 1382 4665 1550 nehmen, den seit Varus Zeiten nur wenig Theaterdirekto-
2992 1512 4618 1684 ren betreten haben, teils um die Kainz-Arbeit zu ver-
3015 1620 4631 1790 suchen. Bis gegen Mitte August denke ich da zu blei-
3011 1727 4646 1909 ben; dann wohl noch ein Mund voll Salzluft. Wie geht
3017 1871 4671 2028 es Ihnen, la bas? Adresse geben Sie nicht, so sende ich
3030 1977 4714 2137 diesen Gruss über Wien, mit allen guten Sommerwünschen.
3036 2096 4710 2260 Dass wir uns nun nicht sehen können, ist mir sehr leid.
3045 2279 3421 2394 Bernhardi „?
3519 2347 3795 2473 Ihrigst
3770 2483 3927 2588 O.B.
