5029 4024
1623 720 1846 819 1905
1253 780 1835 916 Berlin, 5.10.1905.
379 943 2143 1103 Lieber Freund, der Sturm und Drang einer Sudermannauffüh-
392 1086 2077 1220 rung mag es entschuldigen, wenn ich auf Ihre 15 Seiten
405 1181 1482 1306 nur ebenso viele Zeichen antworte.
614 1315 2143 1465 Ich freue mich den „Ruf des Lebens“ aufführen zu
392 1440 2108 1535 können, in dieser oder einer doch etwa noch zu gewinnen-
390 1566 2086 1672 den anderen Form. Die Garantie, die ich freilich unter
392 1676 2042 1813 anderen Voraussetzungen anbot, halte ich aufrecht und
405 1786 2156 1883 stelle also 5000 M. zu Ihrer Disposition,- nur bitte ich
381 1916 2031 2031 Sie, mir - gegebenen Falles - in den Terminfragen ein
388 2002 2048 2161 gewisses Entgegenkommen zu erweisen, sofern ich in die
381 2156 2075 2282 Lage kommen sollte, dieses zu brauchen. Das Nähere kön-
381 2277 1725 2368 nen wir wohl mündlich durchsprechen, ebenso
1718 2280 2095 2359 die inneren
1546 2337 1720 2403 aufrühr
392 2381 2090 2515 Fragen, die Ihr inhaltsreicher Brief xxxx Ich freue
381 2493 2053 2632 mich sehr der Aussicht, einige Tage mit Ihnen zusammen
381 2612 2000 2758 zu sein, hof: entlich gibt uns auch der Himmel Segens-
392 2733 1954 2850 stnahlen; der Semmering wäre mir recht, vielleicht
381 2852 2053 2932 schleife ich Sie dann bis Graz mit, wohin eine Pflicht
381 2923 2086 3037 mich zerrt.- Herzliche Grüsse für Sie Beide und ein gu-
381 2973 1205 3070 tes Wiedersehen.- Ihr O.B.
3742 786 4282 885 Wien, 13.10.1905.
3462 753 3647 901 183
2901 962 4621 1062 Lieber Freund, Kainz hat mich nun richtig für Sonnabend
2918 1086 4625 1227 Mittag geladen; in Berücksichtigung seiner Xxx
2918 1203 4550 1330 Verdienste um die deutsch-österreichische Literatur
2918 1330 4392 1401 werden Sie ihm das Vergnügen lassen, nicht wahr?
3128 1447 4509 1562 Hoffentlich haben Sie heute, auch ausser den
2901 1546 4672 1621 Kritiken, die ich anständig finde, Gutes gehört. In dieser
2914 1672 4586 1744 schönen Stadt soll ja die Premiere nicht entscheiden.
3117 1782 4674 1872 Fahren mehr, Euer Gnaden, und wann? Mir wäre Montag
2901 1905 4539 1978 Früh angenehmer, als Nachmittag. Sontag den 22. werde
2907 2013 4006 2110 ich wohl zurück sein müssen.
3546 2141 3815 2225 Herzlich
3940 2253 4108 2335 O.B.
