4923 4023
1544 679 1909 836 (22.8.05.)
301 862 2017 983 ganz ins Wasser gefallen.) Endlich möcht ich mich auch
316 980 2017 1105 an die Vollendung des phantast. Stücks mit den unzähli-
310 1092 2023 1234 gen Verwandlungen wag en.. Und mein poman,mein Roman!..
320 1215 1952 1331 Und so vieles andre... Es ist vielleicht schade, dass
329 1318 2015 1434 eine vorwiegend epische Begabung durch den Stachel ei-
320 1477 1956 1572 nes Theatertemperamentes immer wieder in dramatische
322 1572 2045 1726 Bethätigung hineingejagt wird. (Sie sagen es wohl nicht
333 1714 593 1828 weiter.)
340 1821 1959 1924 Ich hoffe lieber Freund Ihre Gesundheit steht wieder
333 1920 2021 2042 zum besten. Was war's denn nun eigentlich?- Stimmt es,
331 2062 1989 2191 dass das neue Hauptmann Stück fertig ist?- Kommen sie
333 2172 1935 2273 nach Wien, im Herbst, Gastiren?- Was haben Sie sonst,
333 2290 1980 2386 für die Saison, an Vorsätzen und Plänen?- Möchten Sie
353 2399 2023 2516 nicht von mir was neu einstudieren (Lebend.St. z.B.wä
357 2533 1516 2668 geringe Mühe machte, oder Eins.Weg?) -
344 2629 1961 2769 Leben Sie wohl und lassen Sie mich womöglich nicht
350 2767 2079 2920 lange auf Antwort warten. Es ist ein schöner vormittag,
4111 714 4440 877 (22.8.05.)
2823 819 4552 993 ich geh in meinen Pötzleinsdorfer Wald um nachzudenken,
2816 968 4448 1116 wie ich meine mörderische Marie (die Sie vielleicht
2816 1086 4150 1247 noch nicht kennen) in Frieden enden lasse.
3253 1223 3597 1296 Herzlichst
3683 1445 3855 1529 A.S.
