5047 4153
1714 424 1968 606 1 14 1
1097 798 1264 938 283
1694 820 2066 986 28.12.10.
463 982 2219 1122 Feiertagen ebenso natürlich glänzendst, in den nächstens
483 1115 2125 1235 wiederkehrenden Normalzeiten hoffentlich weiter gut;
474 1248 2064 1338 denn er unterhält die Leute sehr, und Ausdrücke wie
490 1364 2138 1469 reizend, entzückend und ähnliche originelle Wendungen
490 1482 2079 1585 durchschwirren die Berliner Lüfte und Salons.- Den
492 1587 2125 1716 Gedanken eines auf „Mizzi" sich erbauenden Einakter-
501 1721 2099 1815 Abends habe ich Ihnen ja schon öfter ausgesprochen;
494 1836 2083 1933 nur wünschte ich mindestens einen, lieber noch zwei
490 1955 2138 2049 neue dazu. Uebrigens ist im Kleinen Theater eine ge-
501 2068 2202 2171 mischte einakterei, Burckhardt mit Thoma und noch Mann
501 2191 2197 2287 darauf, 100 Mal gespielt worden! Also, man kann nie wis-
514 2296 2178 2420 sen. Ich werde mir auch den „Wurstl“ nochmal ansehen,
505 2414 2062 2536 von dem ich nur bisher fürchtete, dass er „bei die
518 2538 2245 2645 Norddeutschen" zu geringem Verständnis begegnen würde.
826 2665 2077 2792 Wenn Sie nun auch als Vorleser Triumphe
501 2781 2149 2888 feiern, da werden Sie doch baldeinen polykrates-Ring
525 2886 2186 2997 vor die Hunde und Schweine werfen müssen! Den „Medar-
514 3006 2125 3144 dus" hoffe ich im neuen Jahr end ich zu sehen -
3216 394 3918 625 Mikkelinen.
3585 791 3747 907 283
4099 844 4427 936 28.12.10.
2921 966 4626 1060 aber wann? Na, er läuft mir ja nicht weg, der liebe Jun-
2934 1076 4563 1176 ge.- Wir sind jetzt mitten in dem Hauptmann drin, da
2941 1209 4504 1299 ist Kleist nochmal in die Versenkung gefahren, und
2941 1318 4558 1443 die heilige Stille von Tegel mit ihm.- Sie Beide im
2941 1430 4552 1535 Febr. hier zu sehen, freue ich mich sehr. Und grüsse
2934 1550 4289 1646 Sie, auch mittelklein und kleiner, herzlich.
4235 1659 4410 1786 O.B.
