5015 4088
816 726 987 907 220
1228 792 1810 938 Berlin, 7.12.1907.
241 962 1969 1157 Lieber Freund, ich möchte, wenn kein Zwischenfall (nicht
259 1111 1927 1277 spiely, das geben wir diese Woche mit einem gastiren-
259 1179 1938 1383 den Amadeus) zwischenfällt, am 16.ins Oesterreichische
279 1323 1896 1476 reisen. Nun haben Sie mir mal gesagt, auch Reichenau
290 1449 2002 1604 (oder war es ein anderer Ort?) sei schön; und die Rede
274 1584 1996 1721 geht, der Semmering um diese Zeit sei eckckelhaft voll.
283 1690 1987 1867 Was rathen Sie mir, und wohin wollen Sie lieber kommen?
285 1814 2040 1962 Bitte entscheiden Sie sich (und mich). Und dann bringen
292 1943 1993 2071 Sie Ihren abendfüllenden, vielprocentigen Einakter mit,
301 2051 1790 2215 gute Laune und - das Beste zuletzt - Ihre Frau.
774 2179 1352 2323 Viele gute Grüsse
1308 2316 1496 2387 Ihres
3370 726 3553 841 221
3507 832 3872 940 Telegramm.
3830 949 4148 1040 5.1.1908.
2861 1173 4640 1345 Ja Absicht besteht und Ausführung folgt. Alles Gute Ihnen
2856 1314 3122 1451 Beiden.
3412 1403 3653 1527 Brahm.
