5038 4058
1303 800 1906 944 Berlin, 10.4.1906.
977 944 1445 1101 Lieber Freund,
490 1133 2077 1206 können Sie mir den Ruppenspieler für das Gastspiel
501 1232 2232 1350 überlassen? Ich möchte ihn zu Elga geben, mit Bassermann,
490 1350 2207 1461 Stieler und? - Die Triesch kann man vor der Elga kaum
508 1472 2148 1602 dafür nehmen, es bliebe die bange Wahl zwischen Schiff
501 1607 847 1700 und Urfus.-
722 1715 2249 1842 Historisch will ich Ihnen berichten, dass kürzlich
501 1833 2174 1935 die Schiff die Nora gespielt hat und nach dem überein-
490 1933 2108 2041 stimmenden Bericht mehrerer Einwandsfreier (ich war
490 2066 2130 2165 nicht zugegen) direct gut. Nehmen Sie's als Curiosum
490 2181 1008 2325 freundlich hin-
984 2292 1839 2413 Im Uebrigen ganz der Ihrige
494 2478 2225 2564 Bitte um baldigen Bescheid, auch darüber, welches Minimum
508 2540 2249 2624 von Tantieme Sie sich denken können;*) Sie erinnern sich
508 2622 1631 2684 wohl, dass mich „Elga“ sehr belastet.
501 2664 2006 2728 *) Pendant zu Ihrer Geschichte: „Bringen sie mir
508 2715 2172 2841 Schnittlauch, viel Schnittleuch; so viel Schmittlaugh,
490 2790 1374 2897 wie Sie sich denken können."
3719 738 3898 873 200
4178 824 4532 949 19.4.1906.
3431 849 3776 997 Telegramm.
3085 1051 4862 1170 Leider unmöglich. Vorschlage fixum 600 Kronen ohneweite-
3085 1217 4559 1288 re Tantiemenberechnung für diesen Sommer Wien.
4375 1312 4601 1387 Brahm.
4623 1574 4776 1702 schor
