5037 4040
908 806 1088 905 180
1220 811 1782 969 Berlin,17.9.1905.
743 982 1198 1112 Lieber Freund,
345 1079 2022 1237 anbei der Vertrag; mehr als dieser Ihnen über den Ter-
349 1220 2092 1340 min sagt, kann ich vorläufig auch nicht verraten; vermut-
356 1340 2105 1457 lich aber wird es nicht möglich sein, im Oktober noch mit
345 1439 1934 1567 Ihrem Stück herauszukommen, da für den 7.des Monats
358 1584 1984 1690 Sudermanns Neuestes geplant ist.- Ich denke daran, zu
358 1685 2072 1802 Ihrer Wiederkunft ins Burgtheater nach Wien zu pilgern;
367 1813 2077 1929 da könnten wir dann alles Schwebende mündlich erörtern;
369 1896 2136 2057 jedenfalls freut es mich, zu erfahren, dass Sie das Marien-
376 2048 2127 2165 werk glücklich weiterfördern. Was Sie mir über R. freund-
358 2147 2074 2274 lichst anvertrauen, wird um so mehr „unter uns“ bleiben,
380 2285 2081 2406 als ich es nur zum Theil entziffern konnte, und auch nur
376 2393 2094 2523 zum Theil verstehe.- Von dem Vertrag zwischen Hauptmann
376 2485 2037 2619 und mir haben Sie wohl eine irrige Auffassung; soweit
387 2619 2070 2738 das ei eine Tantiemengarantie in Betracht kommt, bezieht
389 2727 2017 2859 sie sich nur auf die älteren Stücke, und sie ist auch
380 2855 2077 2969 derartig gestellt, dass sie, nach den Erfahrungen vieler
391 2975 2081 3109 Jahre, von der ihm wirklich zukommenden Tantiene wesent
4202 839 4476 993 17.9.05.
2909 960 4518 1066 lich übertroffen wird. Irgend welche Complicationen
2903 1088 4602 1204 mit den Interessen anderer Autpren, die aus diesem Ver-
2923 1200 4628 1316 trage entstehen könnten, sind daher ausgeschlossen. Auch
2916 1334 4566 1437 hierüber mündlich Näheres, wenn Sie wollen. Uebrigens
2923 1442 4569 1547 hängt es nur von Ihnen ab, aus einem „unverträglichen“
2923 1558 3999 1674 Autor ins Gegenteil umzuschlagen.
3125 1683 4525 1780 Die zwei Akte sende ich separat zurück.
3560 1802 4164 1901 Herzlich grüssend
4105 1916 4375 2015 8 Bedenke
3775 1921 3951 2061 O.B.
3608 2041 4503 2127 eiten und Feinheiten auch die
3472 2129 4573 2257 finden, unter denen die mehr spisod
3349 2235 4544 2393 marina die frappanteste und zwingendste
4153 2334 4595 2461 ovellistischen
3747 2367 3927 2485 Vorwus
3437 2358 3683 2499 erifft de
3879 2477 4041 2604 testen
3626 2494 3795 2582 or au
3490 2597 4369 2745 Freund, das urteilende Indivie
3331 2688 4309 2855 aufen haben; der zur Ruhe verwiesen
3356 2826 3786 2971 auf Weiteres.
