2504 4103
1887 410 2059 561 1er
1046 786 1171 920 22
1392 850 1915 999 Berlin,3.6.1897.
504 971 2212 1094 Lieber Herr Schnitzler, morgen fahre ich nach Schreiber-
502 1094 2172 1192 hau,Hotel Reifträger,mein Aufenthalt ist zunächst nur
504 1226 2155 1318 auf 8-10 Tage berechnet. Dass Sie in dieser Zeit hin-
502 1341 2138 1430 kommen, ist wohl unwahrscheinlich, ich wollte aber die
504 1468 2176 1562 Meldung nicht unterlassen haben. Eine kleine Verlänge-
508 1587 2123 1664 rung des Aufenthaltes, falls Sie wirklich erschienen,
502 1715 2082 1779 machte ich gern. Später denke ich über München ins
499 1823 2108 1900 Berner Oberland zu zuckeln.- Entschuldigen Sie wenn
508 1946 2131 2023 ich die schöne Länge Ihres Pariser Briefes heute nur
504 2044 2108 2136 in schnöder Kürze erwiedere, es gibt noch so viel zu
514 2182 2119 2246 ordnen. Also nur schnell noch den Wunsch von Hirsch-
504 2282 2116 2359 felds Marie ausgesprochen: „Sei fleis sig“,und es em-
499 2416 1930 2482 pfiehlt sich zu Gnaden mit herzlichen Grüssen
1177 2522 1300 2603 Ihr
1392 2567 1543 2678 O.B.
497 2656 1734 2830 Andrian gelesen: sehr starker Eindruck!
