4923 4023
983 636 1230 805 47
1290 656 1806 827 Wien, 22.8.1905.
358 809 1990 947 Lieber Freund, allerdings ist mir dergleichen *) pas-
365 925 2019 1016 siert. Ich habe die 2 Akte des Dramas nach Marienbad
365 1050 2048 1190 an Sie gesandt, man fand Sie nicht, nun habe ich die Sa-
365 1159 1992 1236 che nebst erläuterndem Brief nach Berlin senden las-
358 1290 2012 1408 sen- u. heute eben trifft Ihr Schreiben aus Helgeland
369 1405 2024 1539 ein. Die Angelegenheit macht mich ein bischen nervös.
358 1521 2073 1668 wie alles, was überflüssiger Hinausschub, Warten und der-
365 1641 890 1770 gleichen heisst.
369 1761 2012 1839 Was Russland und Termin anbelangt, habe ich natürlich
358 1886 2024 1957 nicht daran gedacht, dass Sie mir einen Tag bestimmen;
358 1977 1975 2084 aber den Leuten möcht und müsst es gentigen, wenn ich
356 2108 1939 2264 ihnen wenigstens sag en könnte: Ende Oktöber, Anfang
358 2230 1027 2371 November.... od.dgl.-
358 2342 1992 2433 An dem neuen 3.Akt des Dramas (Sie wissen vielleicht
1036 2413 1248 2495 dieses
365 2477 2012 2542 noch nicht bei Empfang nez Briefs, dass er unbrauchbar
365 2606 1999 2671 ist) bin ich innerlich sehr beschäftigt; aber zwingen
369 2713 2024 2853 lässt sich so was leider nicht. Die neuen Gründe, wes-
365 2784 925 2902 *) wie Sudermann.
4076 689 4430 838 (22.8.05.)
2822 821 4465 965 halb sich die Vertheilung Komödie Brahm- Drana Rein-
2829 985 4530 1096 hardt empfiehlt, werden Sie aus meinem Marienbader Brie-
2817 1094 4530 1199 fe und noch mehr aus den Ihnen zugesandten 2 Akten er-
2817 1219 4423 1345 fahren. Die Komödie hab ich (mit Benützung kleiner
2817 1334 4519 1459 Textveränderungen) „Zwischenspiel“ genannt. Geht alles
2817 1434 4441 1568 gut, so ist meine Hoffnung: Komödie Ende Oktober bei
2817 1574 4519 1679 Brahm, Drama Jänner bei Reinhardt.- Womit natürlich Ih-
2817 1683 4488 1801 rer endgiltigen Entscheidung hinsichtlich der Komödie
2817 1810 4416 1928 nicht vorgegriffen wird. Nur möcht ich sie, die Ent-
2817 1908 3794 2055 scheidung nämlich, schon haben.
2817 2026 4465 2159 Ein paar Tage war ich auf dem Semmering,bei Mama. In
2817 2150 4483 2282 Wien bin ich zu dieser Zeit ganz gerne. Sind allerlei
2817 2266 4472 2411 äussern Dinge geordnet bis dahin, möcht ich gern Ende
2822 2375 4532 2513 September Südtirol (Meran od. dergl.-) Sehne mich schon
2817 2537 4601 2653 sehr nach meinen Arbeiten. Eine Komödie (mit mehr Lustig-
2817 2635 4441 2753 keit als die vorhandene) von der 1½ Akte so gut wie
2822 2737 4501 2875 fertig und alles übrige aufs beste angelegt, dürft das
2822 2869 4470 3007 nächste sein. (Das Taormineser Lustspiel ist seither
