4996 4371
841 577 1388 744 määrätä i 7, 1 1 1,
1123 919 1454 1046 61 (2 c)
1448 919 1609 1005 opies
1448 970 2085 1127 Wien, 27. Jänner 1906.
908 1091 1379 1235 Lieber Freund,
514 1211 2149 1355 Heute morgens habe ich das Exemplar des Rufs, mit den
508 1342 2188 1456 mir vorgeschlagenen Strichen erhalten. Sie wissen, ich
514 1456 2078 1577 lasse mir im allgemeinen Striche gern gefallen, und
518 1581 2173 1710 streiche auch gern selbst, wo ich es nöthig finde, aber
525 1702 2104 1816 was diesmal an meinem Stück verübt wurde, geht doch
525 1811 2222 1947 ein bischen über die Grenze des mir Verständlichen. Da
514 1943 2089 2067 Stück spielt ungekürzt mit Zwischenakten kaum über
518 2074 2205 2173 zwei Stunden. Und so habe ich eigentlich den Eindruck,
525 2162 2119 2293 bei der vollkommenen Ueberflüssigkeit die Dauer des
525 2285 2089 2416 Stückes abzukürzen, als wenn manche Stellen nur aus
508 2407 2119 2541 reiner Freude am Streichen gestrichen worden wären.
518 2541 2153 2642 Trotzdem könnte ich immerhin eine Anzahl der Striche
523 2648 2089 2773 akzeptieren. Gegen den grössern Teil muss ich aber
518 2745 2119 2898 diesmal entschieden Einspruch erheben. Ein Exemplar
514 2887 1487 3010 mit meinen Strichen liegt bei.
525 3005 2140 3124 Erster Akt, erste Scene, bin ich mit manchen Strichen
518 3102 2199 3248 einverstanden,wie Sie sehen, aber auf Stellen wie Seite
3347 572 3584 719 1:1:11:
4133 951 4421 1121 (27 706.)
2979 1138 4634 1241 15 „doch wenn ich nach Hause kam u. s.w.“ und Seite 19
2990 1261 4640 1347 der Geruch ihrer Jugend steigt dir in die Nase etc."
2990 1368 4627 1471 kann ich unmöglich verzichten. Völlig rätselhaft ist
2997 1469 4675 1603 der Strich Seite 26, durch den die wichtige Stelle weg-
2997 1618 4589 1710 fallen würde, sie haben einander zugeschworen, dass
2988 1732 4681 1826 keiner von ihnen die Heimat wiedersehen wird“. Im wei-
3003 1852 4617 1934 teren Verlauf, bis zur 8.Szene, habe ich mich mit dem
2979 1958 4705 2054 grösseren Teil der Striche einverstanden erklärt. Doch
2990 2085 4634 2181 hier müssen die Stellen auf Seite 45, die ebenso wich-
2990 2205 4627 2315 tig für die Charakteristik des Adjunkten, als für den
2979 2323 4634 2412 Sinn des Stückes sind, (in einer früheren Epoche soll-
2995 2437 4645 2530 te das Stück sogar den Namen tragen „Der Wiederhall")
2984 2545 4675 2674 unbedingt wieder aufgemacht werden. In der 9.Scene ist
2986 2665 4604 2769 insbesondere die Rede der Marie auf Seite 53 sowohl
2988 2769 4677 2887 aus rhythmischen als psychologischen Gründen unerläss-
2979 2902 4569 3005 lich. Wo ich sonst nicht der Ansicht des verehrten
2979 3023 4558 3124 Herrn streichers bin, ist aus dem Buche zu ersehen.
2986 3156 4546 3272 Im 2.Akt, der schon an sich von einer gefährlichen
