4914 4167
1331 770 1874 931 Salzburg, 9.2.98.
1117 905 1719 990 Oesterreicher-Hof.
1102 938 1821 1075 Oesterreichischer Hof.
351 1030 1948 1171 Lieber Herr Doktor, wie Sie merken, bin ich nicht in
351 1156 2068 1298 Wien; ein heftiger Catarrh.Heiserkeit, allerlei nervöse
364 1287 2048 1422 und wohl nicht ausschliesslich nervöse Beschwerden ha-
364 1403 2048 1549 ben mich zu einer Luftveränderung gedrängt, und so bin
362 1514 1972 1680 ich gestern Abend mit Beer-Hofmann hieher gefahren,
380 1634 2074 1791 wo ich bis Ende der Woche bleiben will. Meine Stimmung
382 1756 1967 1900 ist recht darnieder; die Gründe dazu sind gut oder
375 1885 2024 2018 vielmehr schlecht genug; aber nicht davon wollte ich
375 1989 896 2138 Ihnen schreiben
382 2094 2037 2240 Vor allem sage ich Ihnen, wie sehr mich Ihre im ganzen
382 2225 2050 2360 freundliche Meinung über mein Stück freut; - dass Sie
375 2354 2068 2493 mir mit der Aufzählung einzelner Schwächen nichts neu-
386 2471 2050 2624 es sagen, brauche ich Sie nicht zu versichern. Wichti-
382 2565 2109 2722 ger ist, ob ich im Stande sein werde, alles zu verlassen.
386 2705 2055 2851 Das eigentümlich gehaltene im Ton wird nicht hier an-
375 2814 2029 2958 zubringen sein; dazu müsst ich wohl das ganze Stück
393 2964 2144 3080 vergessen, es mir neu einfallen lassen und später nieder-
4016 785 4312 960 (9.2.98.)
2871 905 4489 1054 schreiben. Vielleicht aber kann ich mindestens die
2888 1049 4561 1180 Szene Emma-Ferdinand im 2. Akt verstärken; es ist die
2877 1145 4537 1296 Szene, die ich am öftesten geschrieben habe, immer mit
2895 1278 4568 1420 dem deutlichen Gefühl, dass ich sie nicht zusammenbrin-
2871 1387 4520 1529 ge. Möglicherweise finde ich auch noch für die Betty
2886 1527 4533 1653 einiges, was ihre Schwäche im letzten Akt vorbereitet.
2877 1649 4544 1758 Für alle Fälle habe ich das Stück mit mir hieher
2871 1760 4592 1889 genommen und will sehn, was sich thun lässt. Mit Sohlen-
2884 1885 4496 2031 ther hab ich neulich g sprochen; er hat te das Stück
2877 2000 4496 2109 noch nicht gelesen, drückte aber seinen Vorsatz aus-
2877 2109 4489 2231 für den Fall, dass er es überhaupt annähme - es als
2875 2238 4522 2375 nächste Novität spielen zu lassen; ich erwarte seine
2857 2340 3558 2491 weiteren Nachrichten.
2871 2447 4570 2609 Was nun Ihren Termin anbelangt, so ist es mir natürlich
2864 2578 4465 2707 viel lieber, wenn Sie ihn für eine gute Zeit in der
2871 2698 4533 2838 nächsten Saison festsetzen, als spät in dieser Saison;
2871 2827 4515 2949 und keineswegs möchte ich, dass das Stück seine Erst-
