5049 4152
1052 740 1206 866 132
1466 824 2215 975 Schreiberhau, 22.6.1903
499 1016 1809 1174 Grüsse an Sie und die liebwerthe Comödie.
1756 1178 1923 1295 O.B.
486 1265 2179 1413 Was freut Sie noch, lieber Herr Schnitzler? Eine Frage,
486 1383 2138 1528 die ich von Ihnen mal beantwortet haben möchte. Beim
482 1494 1159 1581 nächsten Wiedersehen!
1238 1743 1839 1908 Gerhart Hauptmann.
3316 472 3651 604 1: „ „ —: —:  „
4212 465 4464 617 —: -: - : 1
3696 830 4496 939 Karlsbad, Villa Charlotte.
3696 920 3999 1050 4.7.1903.
3260 1063 3723 1169 Lieber Freund,
2887 1201 4600 1299 ich bin mit vielem Vergnügen bereit, den „Puppenspieler"
2887 1306 4536 1406 aufzuführen, den ich schon in der Fr.Pr.wiedergelesen
2887 1430 4447 1536 hatte. Die Verbesserung habe ich gern bemerkt, und
2893 1528 4487 1628 wollte Ihnen immer schon darüber und über eine Auf-
2876 1643 4466 1752 führung im Dt.Th. schreiben - aber das Fleisch war
2878 1743 4558 1893 wieder einmal schwach, und so beschämt mich nun Ihre An-
2874 1880 4020 2004 frage und verpflichtet mich zu Dank.
2881 2001 4481 2147 G.Hauptm. haben Sie ganz richtig gelesen; er hatte
2861 2140 4541 2260 nämlich grade behauptet, dass „die Wiener“ keine Freu-
2863 2275 4415 2383 de hätten an den Dingen - Sie wissen doch, dass er
2861 2388 4506 2511 stark ist in Paradoxien, die er nach 5 Minuten wieder
2863 2520 4517 2597 vergessen hat - und da reizte es ihn, Ihnen diese Fra-
2851 2614 3324 2723 ge vorzulegen.
2849 2735 4447 2831 Dass das Lustspiel so in der Luft hängt,wird Ihnen
2851 2863 4494 2957 Goldmann aber übel nehmen. Ich wünsche sehr, dass Sie
2855 2977 4515 3088 mich nicht ohne einen Schnitzler-Abend aus dem Dt.Th.
