5041 4088
1066 799 1257 967 269
1726 783 2040 943 26.4.10.
356 934 1971 1153 Aus diesem Grunde werd ich auch die Hebammennichte
334 1016 2033 1274 nicht engagieren (mit nichten, hätt ich beinah gesagt)
350 1153 2113 1361 die ich übrigens schon kenne,- was auch Grund genug ist!
350 1281 2126 1485 Im Urteil über den „halben Helden“ trefe n Sie mit Ihrem
361 1389 2042 1591 Freunde, dem Tessing, zusammen, der dieses Werk für E.'s
376 1551 2117 1712 spielbarstes hält. Ich finde es etwas pueril, seiner Vor-
381 1682 2089 1841 züge unbeschadet, hatte aber auf die Wiener Nachricht en
381 1748 2095 1945 hin schon daran gedacht,es wieder zu lesen, und will es
385 1889 2148 2064 nun sogar tun. Nie war denn der Herr Träger der Hauptrol-
392 2047 1511 2186 le, der sich mir sehr empfohlen hat?
394 2137 2040 2292 Nach Wien kommen wir nicht, es wäre ein ganzer Roman,
409 2237 2175 2407 zu erzählen, weshalb nicht. Und da nehm ich Rücksicht auf
409 2334 2126 2524 Ihre Nerven, denen ich die schönste Sommererholung wün-
418 2454 2197 2642 sche. Dass wir uns in den nächsten Monaten sehen, ist nun
416 2613 1290 2783 wohl leid er ausgeschlossen.
1049 2688 1438 2823 Herzlich Ihr
1438 2737 1611 2850 O.B.
865 2845 1394 2996 Liebe Frau Olga,
445 2912 2115 3131 es wird doch unserer Freundschaft keinen Abbruch tun,
4343 852 4631 1011 26.4.10.
2982 1040 4721 1175 dass ich den von Ihnen gegengezeichneten Wunsch der ho-
2976 1113 4626 1299 hen Frau, die um Lili, Heini und deren Eltern,Familie,
2976 1224 4662 1358 Freunde, die Menschheit und die Kunst sich so verdient
2982 1350 4664 1502 machte, nicht erfüllen kann? So eine Weh- und Achmutter
2994 1478 3978 1637 wird die Weise doch nicht sein?
2976 1571 4710 1739 Sie wundern sich vielleicht, dass ich dem Arthur so viel
2987 1688 4710 1876 dummes Zeug schreibe, Das kommt aber daher, weil ich im-
2994 1839 4202 1998 mer lachen muss, wenn ich an ihn denke.
2982 1982 4106 2109 Ich kann aber auch sehr ernst sein.
2987 2051 4257 2230 Viele gute Grüsse Ihnen um den Kindern.
3485 2175 4268 2308 Ihr aufrichtig ergebener
4226 2277 4394 2407 O.B.
