2532 4103
1022 783 1128 888 35
1290 820 1886 952 S.Martino, 18.7.98.
762 1015 1490 1101 Lieber Herr Schnit zler,
362 1132 2003 1224 Ihr Manuscript habe ich dankend erhalten und wieder-
362 1252 1916 1339 holt studiert, ich finde vieles gebessert, die Toni
370 1375 1952 1469 und die Betty fein aufgemuntert; bei der letzteren
364 1494 2018 1586 frage ich mich allerdings, ob die Halbheit nicht zu
368 1609 2039 1705 fein, für's Publikum gezeichnet ist; doch wird das bei
364 1724 1929 1807 den Proben, fal 1s nöthig, von Ihnen ja leichtestens
373 1826 2076 1929 verstärkt werden können. Die Aus des Stückes scheint
368 1963 2050 2088 mir auch jetzt noch der 2.Akt: auf den starken ersten
373 2056 2065 2176 bringt er einen relativen Stillstand, und manches Expo-
368 2193 1929 2288 nierende noch und Retardierende. In der „Liebelei"
370 2325 2031 2403 war das ähnlich, und auch dort kam dann siegreich win
368 2442 1020 2540 schöner dritter Akt!
690 2535 2003 2629 Ich werde nächster Tage mit Schlenther im
373 2672 2086 2791 Ampezzothal zusammentreffen und da die Terminfrage mit
379 2793 1973 2884 ihm erörtern. Etwas ganz Bestimmtes kann ich Ihnen
383 2929 2063 3019 einstweilen nicht sagen, dazu bin ich nicht allmächtig
