5047 4153
797 437 968 609 1 4,
1042 781 1290 901 284 a
1229 893 1798 1017 Berlin, 18.1.1911.
529 1004 1720 1142 Herrn Dr. Arthur Schnitzler, wien XVIII.
1359 1084 2037 1223 Sternwartestrasse 71.
917 1154 1731 1283 Sehr gehrter Herr Doctor!
585 1285 2133 1430 Herr Direktor Bock war gestern bei mir, um von mir
428 1403 2187 1535 die Erlaubnis zur Aufführung von „Das weite Land“ in Pe-
442 1548 2113 1660 tersburg zu erlangen. Ich habe mich dagegen ablehnend
446 1667 2178 1745 verhalten, worauf ich heute noch einen Brief erhielt, den
428 1783 2160 1885 ich Ihnen beiliegend zur gefälligen Kenntnisnahme über-
435 1914 2184 1977 sende. Ich selbst habe ihm geantwortet, dass mir die Auf-
428 2015 2202 2109 führung des Stücks in russischer Sprache bekannt war und
428 2160 2222 2233 dass dadurch mein Standpunkt nicht geändert werden könne.
1078 2254 1607 2352 Hochachtungsvoll
977 2370 1760 2486 Direk.d.lessing-Theaters
1232 2477 1383 2590 O.B.
417 2608 2073 2709 Herzliche Grüsse, lieber Freund, und nächstens einiges
422 2720 609 2836 mehr.
1073 2838 1515 2992 No copy of 284
3722 442 3914 562 Votre
3637 736 4505 870 285 Berlin, 31.1.1911.
3447 884 3918 995 Lieber Freund,
2896 973 4692 1145 ich komme Freitag Früh nach Wien; Abends natürlich Medar-
2914 1102 4630 1263 dus. Sind Sie vom Semmering heimgekehrt und wann sehen
2912 1207 4628 1368 wir uns? Vielleicht Samstag Mittag? (Abends Glaube und
2921 1339 4621 1508 Heimat). Montag hoffe ich auf den Semmering zu fahren.
2921 1453 4632 1604 Alles andere dem mündlichen Examen vorbehaltend, grüsst
2927 1627 3601 1740 Sie Beide herzlichst
3682 1778 3836 1874 O.B.
