4905 4056
1413 740 1722 883 (1.X.05.)
333 841 2036 1020 Von einem neuen 5aktigen aus der Tiefe emporgetauchten
333 988 1978 1120 Schauspiel ein erstes Szenarium entworfen. Irgend was
339 1107 1675 1227 in mir ist gegen meinen Roman verschworen.
352 1248 1884 1349 - Ich freue mich sehr dass Sie kommen. Würde auch
344 1355 1925 1464 sehr, sehr gern mit Ihnen fortreisen. Aber nicht zu
337 1470 1935 1581 weit. Wie denken Sie über den Semmering? Wir waren
346 1588 2016 1718 jetzt wieder ein paar Tage oben, es war herrlich. Auch
352 1739 1419 1846 ist das Hotel jetzt besonders gut.
369 1826 1987 1946 - Ich spiele noch immer sehr viel Teunis und befinde
350 1950 2023 2074 mich leidlich wohl. Nun aber ist's genug. Hoffentlich
346 2055 1876 2164 haben Sie ein oder das andere Wort lesen können,
674 2166 1999 2313 Herzlichst, mit vielen Grüssen auch von mei-
356 2298 668 2420 ner Frau.
3263 698 3459 830 56
3698 760 4218 900 Wien, 22.X.1905.
2780 894 4434 1020 Lieber Freund, beiliegend zwei kleine Einschiebsel in
2780 1009 4398 1129 die bewusste Soene. Sind Sie einverstanden, so sagen
2785 1103 4451 1244 Sie mirs gefälligst bald. Ich hoffe Sie sind vergnügt
2785 1248 4479 1368 und wohl in Berlin gelandet. Es waren sehr schöne Tage
2791 1349 4506 1504 auf dem Semmering. Ich wünschte, Ich wunschte, wir wären
2785 1506 4097 1639 noch öfter und länger so ferial zusammen.
3380 1620 3854 1745 Herzlichst Ihr
3817 1718 3979 1869 A.S.
