5278 4040
738 653 1732 823 167 à 58
1434 681 1869 849 (16.12.1925.)
261 857 1980 1016 auf Ihr Gastspiel, das ich (verzeihen Sie) total verges-
261 990 1850 1134 sen hatte, sondern auf irgend eine Fahrt aus andern
259 1112 1543 1254 Gründen, die Sie als möglich hinstellten.-
268 1208 1970 1330 In Sachen Burgtheater hab ich also gethan, wie Sie auch
259 1295 2011 1439 für das vernünftigste hielten: keine weiteren Verpflich-
272 1469 1872 1600 tungen übernommen u. mir vorbehal ten, Schlenther zur
261 1571 1924 1665 Berliner Premiere einzuladen. Man (Rosenbaum) bat nun
272 1697 1909 1852 mich keineswegs in Wien etwas zu unternehmen, eh ich
272 1824 1828 1967 mich nochmals mit der Burg in Verbindung gesetzt.
272 1930 1758 2076 Kluge Leute glauben, dass die zweifelnde Haltung
261 2043 1915 2202 Schlenthers, trotzdem es nicht zugegeben wird, auf Con-
272 2172 1926 2313 surschwierigkeiten zurückzuführen,u.dass er vorläufig
274 2296 1830 2442 aus Gefälligkeit die Bedenken der Censur auf sein
281 2420 1532 2546 aesthetisches Gewissen überladen lässt.-
274 2509 2020 2670 Würden Sie an meiner Stelle unter diesen Umständen doch
274 2653 1591 2742 schon jetzt mit den Volksth. unterhandeln?
568 2720 1571 2844 Seien Sie herzlich gegrüsst.-Ihr
1539 2766 1691 2860 A.S.
274 2807 1388 2955 Spross und Gattin grüssen herzlich.
3016 337 3382 496 Uudenmaan läänige
3273 668 4057 825 56 Wien, 29.12.1905.
2714 792 3182 918 Lieber Freund,
2725 897 4274 1064 die Zeit vergeht, u. ich hör nichts über Somoff. Es
2714 1021 4302 1188 scheint also, dass diese Hoffnung aufzugeben ist, u.
2725 1166 4322 1299 so bitt ich Sie nur, möglichst ohne Verzögerung nach
2718 1286 4333 1421 der andern Seite (Christoph?) Auftrag zu geben. Sie
2718 1406 4398 1528 begreifen gewiss, dass mir daran liegt, über diese Dinge
2725 1512 3872 1663 möglichst bald Klarheit zu bekommen.
2714 1654 4274 1758 Ebenso dringend scheinen mir die Besetzungsfragen
2714 1778 4296 1887 nach ihrer Lösung zu drängen. Katharina wollen wir
2714 1863 4326 2024 noch ein paar Tage in Schwebe lassen, aber wie steht
2718 1991 3354 2117 es mit der Oberstin?
2722 2085 4422 2248 Ist es aus irgend einem Grund nicht möglich, alle diese
2714 2237 4311 2359 Dinge möglichst bald zur günstigen Entscheidung zu
2718 2344 4392 2509 bringen, so würde ich Ihnen vorschlagen, den Ruf lieber
2718 2450 3761 2598 aufs nächste Jahr zu verschieben.
3001 2590 4178 2751 Herzlichste Grüsse und gutes Neujahr.
3554 2755 3741 2868 A.S.
