5039 4040
1214 340 1418 512 1 „ —
1099 871 1966 988 Weisser Hirsch bei Dresden,
1105 962 1780 1084 Dr.Lahmann.15.2.1905.
316 1136 2009 1242 Lieber Freund, ich danke Ihnen für Ihre Theilnahme und
316 1242 2053 1363 Ihre Aufforderung zum Tanz mit H. A.P.A.G.- aber wie Sie
327 1385 2020 1489 sehen, hab ich jetzt schon Reissaus genommen, es war nö-
334 1487 1968 1626 thig, und ich muss auch in etwa 10 Tagen wieder heim,
327 1608 2061 1734 um „Ela" starten zu helfen. Weshalb hört man gar nichts
310 1738 1949 1840 von Ihren Arbeiten? Kein trauriges Lustspiel fertig,
327 1845 1327 1931 trotz der guten Vor-und Ansätze?
490 1972 1717 2109 Seien Sie nebst Frau herzlich gegrüsst
837 2083 1149 2161 von Ihrem
1168 2115 1335 2265 O.B.
3351 841 3511 973 164
3782 874 4298 982 Bpest, 1.5.1905.
2790 1019 3043 1194 Lieber
3156 1060 3622 1166 Lieber Freund,
2813 1179 4491 1261 Semmering wär sehr schön, aber mich ziehts zu den sog.
2783 1300 4500 1392 Penaten, und ich werde Donnerstag um 12 Mittags ins
3884 1370 4120 1441 Berlin,
2803 1424 4493 1509 Imperial nach Wien kommen, Abend nach B. fahren. Natür-
2803 1532 4515 1630 lich werden Sie nicht wegen der paar Stunden daran den-
2803 1645 4472 1747 ken, nach W. hereinzukommen! - Lassen Sie mich hoffen,
2800 1762 4541 1877 dass uns dieser Sommer irgendwie zusammenführt. Und ver-
2803 1864 3767 1983 gessen Sie die 2 Stücke nicht.
3089 2007 4066 2128 Herzliche Grüsse für Sie Beide.
2800 2122 3765 2246 Frl.S. werd ich zu mir bitten.
2794 2415 4381 2562 Das Diner bei Ihrer Mutter behalt ich also zu gut.
