2435 4104
960 741 1081 878 57
1182 777 1961 923 Kaltenleutgeben, 15.6.99.
407 910 2098 1034 Lieber Herr Schnitzler, mein telegraphisch gestammeltes
400 1028 2068 1192 Bedauern wiederhole ich hier, mit den stärksten Accen-
415 1154 1940 1274 ten. Ein dummer Zufall hat mir grade gestern ein
413 1268 2062 1409 schlechtes Gemüse vorgesetzt, und ich habe nun das Ge-
404 1380 2035 1506 fühl, an Stelle des Magens einen recht soliden Stein,
415 1493 2030 1637 so etwa in Faustgrösse,zu haben; Wintern. droht, ich
415 1622 2068 1731 müsste hier bleiben, bis der entfernt ist und schreibt
415 1729 2039 1883 mir eine Extra-Extra-Diät vor; so muss ich grade Ih-
404 1858 2005 1997 nen, der mich so oft (nur Immer zu spät und zu kurz)
415 1982 2104 2102 durch seinen Besuch erfreut hat, den geplanten, äusserst
415 2102 2087 2239 ausgedehnten,Gegenbesuch schuldig bleiben und die vie-
404 2209 1995 2344 len guten Speisen unberührt lassen, die hoffentlich
415 2321 1984 2439 Ihrem gesegneten Appetit dennach geschmeckt haben.
404 2443 2047 2555 Also entschuldigen Sie mich, nochmals bitte ich's, und
404 2549 2047 2717 lassen Sie sich vor Ihrer Reise ins Slavonische hier
404 2725 744 2831 anschauen.
739 2812 1150 2949 Herzlich Ihr
1251 2896 1396 3006 O.B.
