5025 4039
3829 866 4422 985 Hamburg, 27.8.1905.
1744 860 2020 985 20.8.05.
265 1005 2025 1152 schönstens für das classische Cität: freilich sollen Sie
3232 1063 3707 1183 Lieber Freund,
274 1134 2025 1272 einen guten Platz haben, Ehre wem Ehre gebührt, nur die ge-
2831 1187 4520 1287 die zwei Acte von der mörderischen Marie und dem dito
272 1270 1989 1397 naue Bestimmung für die Russen scheint mir noch unthun-
2842 1303 4598 1394 Oberst habe ich nun erhalten, gelesen, und ein entschiede-
274 1379 1996 1499 lich. Ich gebe es trotz Ihrer wiederholten freundlichen
2849 1394 4618 1526 nes Placet darunter geschrieben. Wohin das Stück für sei-
281 1470 2067 1617 Hinweise auf die Nachbarbühne nämlich in keiner Weise af,
2842 1501 4566 1651 nen dritten Act deutet, davon habe ich zunächst kein si-
281 1615 1978 1724 das „Spielchen vom Bäumchen-Verwechseln" sagen wir: im
2842 1642 4591 1753 cheres Gefühl; nur dass es die Pyche der Marie uns wei-
281 1733 1911 1844 Auge zu behalten, und hoffe nun recht bald das zweite
2860 1766 4578 1880 ter entschleiern sollte (die ich übrigens auch ohnedies
274 1842 1998 1987 Stück (wie mir Hofmannthal schreibt, haben Sie ihm beide
2842 1880 4522 2011 zu verstehen glaube) und die Rückwirkung des Geschehe-
274 1962 1947 2083 vorgelesen jüngst) zu erhalten. Ich bleibe bis Freitag
2849 2018 4564 2116 nen auf sie,real-irreal sollte anschauen lassen,vermag
281 2076 1938 2196 Mittag hier, bin bis Sonntag incl. in Hamburg,Hotel de
2840 2101 4457 2207 ich heute, nach der ersten Lectüre mir vorzustellen;
278 2185 1938 2317 l'Europe, dann Berlin. Wie lebt sichs im August in der
2847 2241 4557 2332 vielleicht werd ich nach neuem Lesen hellsehender. Das
281 2292 2003 2441 Spöttelgasse; so luftig wie hier? Herzliche Grüsse auch
2856 2354 4584 2464 Vorhandene hat mir jedenfalls einen schönen und starken
278 2426 719 2586 für Ihre Frau
2856 2446 4493 2575 Eindruck gemacht, ich möchte es als ein stilistisches
842 2450 1132 2584 von Ihrem
1172 2519 1604 2695 O.B.
2840 2550 4571 2682 Geschwister des Freiherrn von Leisenbogh (ich glaube, er
2842 2682 4569 2818 heisst ganz anders; Namengedächtnis schwach) ansprechen,
1091 2669 1417 2796 dächtnis
2856 2802 4560 2927 der auch diese kräftige,leicht bizarre Verknüpfung und
996 2787 1290 2914 leicht b
2842 2898 4580 3038 Folge der Dinge hat. Auch der Dialog ist oft sehr reiz-
2860 3018 4591 3147 voll, ein wenig goethisch anklingend. Weshalb Sie gerade
