2512 4102
795 350 902 552 1er
1809 861 2072 961 21.9.96.
448 935 2134 1065 ethischen Forderung erscheint. Nach 14 Tagen sage ich:
450 1063 2147 1150 denn ich habe die Absicht, Sie gleich auf Sudermann fol-
450 1154 2075 1307 gen zu lassen, so zwischen dem 17.und 24.Oktober. Na-
450 1298 2075 1400 türlich vorausgesetzt, dass nichts Elementares dazwi-
443 1385 2096 1521 schen kommt. Die Decoration wird morgen bestellt, die
441 1512 2104 1644 Rollen sind ausgeschrieben; kleinere und auch grösse
441 1642 2068 1752 re Aenderungen würden natürlich nachgetragen werden,
448 1748 2068 1877 nur bitte ich Sie, möglichst bald heranzugehen. Am 5.
450 1869 2045 1979 Oktober würde nach dieser Disposition Arrangirprobe
441 1981 1994 2119 sein, bis ca. 2.Oktober kämen die Aenderungen noch
443 2115 1981 2223 gut zurecht, doch gehts schlimmstenfalls auch viel
441 2215 2087 2338 später noch. Den Leutnant Vogel werde ich wahrschein-
439 2338 1969 2488 lich Müller geben, (vielleicht ein bischen zu alt,
439 2448 2094 2577 aber den Tyrpus und den pialekt wird er famos treffen)
439 2588 2053 2709 und den Director dann Fiefscher.- Die Exposition zu
439 2698 2102 2836 kürzen etc. scheint auch mir nicht schwer; Dr.Wellner
435 2802 2140 2936 sähe ich ganz gern als Regimentsarzt, obgleich das wohl
433 2925 2113 3044 noch eine neue uniform kostet, und unser Costümer ohne-
428 3033 2024 3192 dies jammert über die theuern Kleider: oder können
