4923 4023
925 721 1099 860 48
1275 752 1779 895 Wien, 29.8.1905.
274 889 1936 1023 Lieber Freund, ich danke Ihnen für Ihren Brief, der so
285 997 1951 1143 vieles enthält was mir zu lesen höchst erfraulich war
287 1117 1888 1275 und sage Ihnen gleich, dass ich Ihren Insichten und
291 1264 2020 1371 vorschlägen keineswegs ohne Verständnis gegenüberstehe.
291 1384 1960 1475 Es ist nur so schwer, sich bestimmt zu äussern, eh der
287 1495 1997 1592 3.Akt vollendet daliegt. Was thun, wenn er mir durchaus
287 1623 1992 1727 nicht gelingen will,- wenn er so wird, dass Ihnen das
295 1723 1951 1836 Stück an Ende seine Reize zu verlieren scheint? - (Ich
304 1866 1899 1944 hoffe ja, es wird nicht so schlimm. Gleich bemerken
311 1964 2055 2060 will ich jedenfalls, dass, wie nun der 3.Akt es erfordert,
315 2068 1927 2172 auch der 2. in seiner jetzigen Form nicht ganz abge-
311 2203 1964 2303 schlossen ist, sondern dass eine kurze ziemlich starke
295 2303 1957 2453 Szene (Verwandlung, Donauauen,Morgengrauen) folgt,mit
311 2438 975 2557 der der Akt endet.) -
313 2544 1918 2670 Ihnen wie Sie so freundlich sind zu wünschen, beide
311 2646 1871 2789 Stücke zu übeklassen, kann ich mich, nach allen was
315 2772 1999 2896 Reinhardt von mir nun endlich erwarten darf, nicht ent-
311 2907 1999 3018 schliessen, und so gedenke ich ihn denn die Komödie zu
3904 747 4239 876 (29.8.05.)
2770 897 4345 1006 übersenden, unter der Bedingung, dass die Sorma die
2787 993 4410 1138 Hauptrolle spielt. Jedenfalls bitte ich Sie, mir vor-
2779 1130 4419 1256 läufig zu sagen, u.zw.recht bald, wie Sie sich die Be-
2781 1267 4488 1349 setzung der Hauptrollen im Marienstück dächten. Oberst-
2781 1362 4464 1477 Bassermann erscheint mir unerlässlich. Triesch Marie.-
2798 1516 4454 1608 Wer die Katharina? (die im 3.Akt noch eine gute Szene
2785 1627 4480 1738 hat) Nicht die Schiff. Und Irene?- Vater Reicher, Arzt-
2787 1725 4458 1818 Sauer,- Adjunkt Rittner, Marr?- Max Ritner? - Albrecht
2798 1862 2996 1957 Marr?-
2798 1981 4458 2077 Was Lossing anbelangt, so haben Sie mich nicht vollkom-
2805 2101 4428 2214 men überzeugt. Hier Zeit der lebendigen Stunden hatte
2798 2209 3958 2331 sein Blinddarm noch nicht zu klagen.-
2794 2316 4312 2433 Die 3000 wer den mir natürlich eintretenden Falls
2792 2442 4428 2577 sehr erwünscht sein, und so möchte ich denn, wenn auch
2781 2568 4441 2683 noch nicht mit der Kraft eines Vertragsworts (in Hin-
2787 2663 4401 2779 blick auf die Unabgeschlossenheit des 3.Akts), meine
2781 2811 4434 2942 Neigung aussprechen, Ihnen, lieber Freund, das Drana zu
2787 2929 4454 3028 überlassen, unter kunnn den von Ihnen selbst angebote:
