5036 4153
1607 432 1796 597 „ „
1390 825 1976 962 Berlin, 13.9.1911.
508 1010 2226 1133 Lieber Freund, mit tiefer Teilnahme erfahre ich den Tod
502 1136 2095 1233 Ihrer Mutter. Ich habe die verehrte Frau gut genug
502 1261 2084 1346 gekannt, in ihrer Güte, Weinheit und Bescheidenheit,
512 1361 2119 1453 um die Grösse des Verlustes ahnen zu können, den Sie
519 1483 2178 1592 und die Ihren erlitten haben; und in herzlichem Mitem-
502 1624 2171 1704 pfinden Ihrer Trauer drücke ich Ihnen die Hand, lieber
502 1713 753 1839 Freund.
1172 1835 1337 1943 O.B.
3887 371 4169 582 Majeresse
4308 415 4481 569 10,1
3609 751 3769 884 297.
3748 810 4327 962 Berlin, 27.9.1911.
3407 1018 3874 1149 Lieber Freund,
3007 1149 4725 1268 es tut mir sehr leid, dass Frau Olga von diesem langwie-
3014 1259 4690 1340 rigen Uebel gequält wird, und ich hoffe, Sie können hun
3007 1368 4633 1503 bald reisen und andere Luft atmen, als die jetzt auf
3018 1485 4764 1620 Ihnen lastet! Dass Sie Beide mit meinen Büchern beschäf-
3018 1626 4646 1730 tigt sind, freut mich. Wir revanchiren uns durch Ver-
3018 1717 4701 1804 tiefung ins Weite Land. Arrangirproben waren schon vo-
3007 1835 4547 1974 rige Woche, übermorgen fangen die Bühnenproben an.
3014 1971 4655 2080 Es ist alles mit Eifer bei der Sache. Monnard,Sussin
3007 2087 4594 2169 versprechen gut zu werden - womit nichts gegen die
3007 2195 4688 2302 andern Nichtgenannten gesagt sein soll. Sauer konnten
3007 2302 4633 2404 wir nun doch nicht nehmen, er geht wieder schlechter,
3007 2432 4714 2516 keinen Schritt allein, und man wüsste nicht, wie man ihn
3014 2551 4707 2640 durch die (herrliche) Hall bringen sollte. Es hat also
2994 2673 4588 2755 Reicher den Aigner, Froböse den Natter (wird gehen,
3014 2775 4701 2909 ohne freilich die Reicher-Höhe ahnen zu lassen). Forest
2998 2901 4655 3012 den Rhon,ziener den Paul,Walter den Gustav. Und Frau
