5060 4105
2010 426 2198 554 1 7
3821 792 4405 933 Berlin, 19.1.1902.
1742 796 2023 956 11.1.02.
470 900 2149 1039 gegentübersteht. Grade weil von den Theaterdingen, mehr
3269 917 4040 1047 Lieber Herr Schnitzler,
2971 1008 4583 1153 den Vertrag über Leb. St. habe ich Ihnen gestern zu-
472 1030 2088 1125 als von andern guten Dingen in dieser Welt, das Wort
2977 1142 4635 1292 gehen lassen. Das Theater an der Wien ist inzwischen
463 1147 2153 1277 gilt: nichts gewisses weiss man nicht,bin ich, so weit
2982 1266 4659 1398 anderweitig vergeben worden, so dass ich mir ein neues
483 1272 2159 1361 die praktischen Erwägungen nicht zwingend entgegenste-
2988 1370 4585 1486 Lokal suchen muss. In Frage könnten kommen Raimund,
463 1380 2131 1491 hen,gemeint, erprobten Tänzern ein neues,wenn auch ge-
2971 1461 4494 1623 Josefstadt,Carl-Th. Für welches würden Sie sein?
472 1519 2107 1606 wagtes,Tänzchen anzubieten; und das in diesem Falle
2995 1584 4710 1729 Mir erscheint Carl-Th. doch als das relativ vortheil-
465 1627 2131 1731 der Wagende gewonnen hat ist mir eine grosse und dau-
2984 1729 4685 1859 hafteste, Raimund liegt noch übler, Josef, ist so klein,
476 1766 1372 1852 ernde Freude und Genugtuung.
3001 1852 4559 1971 dass unser Etat doch kaum zu decken ist. Bis diese
853 1859 1396 1997 Herzlich grüssend
2995 1952 4639 2086 Lokalfrage entschieden ist, bitte ich Sie, wennmöglich
1497 1986 1653 2079 O.B.
3001 2079 4659 2201 den „Kakadu“ in der Schwebe zu lassen; zu ihm brauche
465 2105 2112 2198 Gegen eine Veröffentlichung oder mündliche Erwähnung
2992 2211 4685 2326 ich das ganze Personal, zu den Leb.St. nur einen Theil,
483 2216 2101 2322 unserer Abmachung schon jetzt habe ich nichts einzu-
3001 2328 4669 2447 und ich übersehe im Augenblick noch nicht,ob ich alle
483 2337 721 2467 wenden.
2995 2421 4555 2564 Mann mit in das noch unbekannte Haus führen kann.
3304 2549 4704 2668 Die Einnahmen der Einakter schwanken merkwür-
3001 2690 4635 2791 dig stark. Dienstag 2600,Donnerstag 18 (ohne Abonne-
3001 2802 4678 2902 ment), Freitag 21,Sonnabend 30, heute nur 34. Also kein
2995 2932 4732 3057 Sonntagsstück, wie nicht schwer zu begreifen. Im Ganzen
