2532 4103
1753 776 1991 883 1.2.98.
450 852 2124 994 oder: Herr Doctor, ich bitte (um es ganz roh auszudrü-
456 994 2092 1100 chen) etwas mehr Leben in diese Doctrine zu bringen.
460 1083 2124 1226 So,wie es dasteht, wirkt es zu sehr aus derPistole ge-
463 1205 2151 1354 schossen. S.245 ist der blosse „Friedhof“ irreführend,
463 1343 2109 1453 es sollte gesagt sein: „zum 2.Mal vom Friedhof" oder
463 1463 2046 1592 dergl. Und S. 309 liesse sich vielleicht einfügen:
484 1571 2155 1707 „Jetzt" verstehe ich Sie, jetzt zun ersten Mal. Sollen
469 1697 2145 1812 Ferdinand und Franziska damit geschiedene Leute sein?
471 1829 2121 1932 Wenn ja, so wäre eine Verdeutlichung sehr gut: solche
463 1932 1859 2052 Sachen will das liebe Publikum immer wissen.
782 2039 2182 2161 Nun aber die praktische Frage. Da Sie zu den
481 2147 2151 2260 altmodischen Autoren gehören, die ihre Stücke erst ab-
484 2281 2155 2391 schreiben lassen, statt sie in Druck zu geben, so werde
481 2403 2170 2519 ich - ohne auf etwaige Aenderungen zu warten, die dann
479 2502 2138 2647 nachzutrage n wären - gleich Copien nehmen lassen und
473 2626 2119 2748 Rollen ausschreiben. Der „johannes“ geht augenbl ick-
481 2754 2136 2845 lich riesig, und es lässt sich nicht absehen,wie nach
481 2874 2090 2975 dem Fortgang der Sorma, Ende Februar, es mit ihm aus-
481 2969 2119 3122 schauen wird. Deshalb fange ich zunächst mit Neuein-
