5019 4136
1295 783 2041 885 Hainstein bei Eisenach,
1299 869 1655 971 14.8.1902.
824 964 1571 1096 Lieber Herr Schnitzler,
494 1096 2166 1191 ich danke Ihnen herzlich für Ihre Worte. Die Verhand-
492 1210 2155 1297 lungen, die ich über Erneuerung meines Vertrages führ-
488 1329 2024 1482 te, gerieten auf einen todten Punkt, als ich Herrn
490 1441 2160 1543 Litronge's Wunsch, seinen Sohn Hans als Regisseur auf-
477 1556 2160 1657 zunehmen,refüsierte; Lindau ist wohl gefälliger gewe-
490 1676 2037 1782 sen. Nun liegt ja der Gedanke nahe,und er ist mir
490 1761 2022 1918 auch nahe gebracht worden, dass ich in einem andern,
483 1922 2067 2015 resp. neuen Hause unsere gemeins amen Bestrebungen
490 2041 2181 2166 wieder aufleben lasse. Ich will dies nicht ganz verre-
494 2160 2095 2287 den und hoffe, dass auch Sie an solchem Vorhaben In-
490 2278 2220 2373 teresse nehmen werden; doch ist der gegenwärtige Moment
483 2384 2125 2513 mit seiner (freilich arg ge störten) Cur nicht geeig-
477 2513 2179 2602 net, Entschlüsse zu fassen und so werde ich erst in ei-
468 2621 2101 2751 nigen Wochen Ihnen etwas Bestimmteres sagen können.
794 2751 2188 2839 Ihre Bedenken über die Besetzung der Beatri-
490 2867 2203 2951 ce selbst theile ich nicht; trotz mancher Einwände, die
483 2971 2186 3100 man machen kann, ist m.E. doch die Tr. eine der besten
3754 451 3927 583 1,1
4343 764 4628 876 14.8.02.
2984 850 4656 977 in Deutschland vorhandenen Darstellerinnen der Rolle.
2997 969 4595 1094 Aber ich habe nach wie vor Bedenken für den Filippo
2997 1083 4699 1195 und auch in mancher Hinsicht für die gesammte Inscenie-
2997 1208 4595 1340 rung; wir haben den Stil für diese Aufgabe nicht so
2984 1327 4567 1448 sicher wie für modernes, das brauche ich nicht erst
2990 1441 4567 1553 auszusprechen, und deshalb erscheint es mir als für
2990 1564 4686 1685 beide Theile vernünftig, abzuwarten, wie uns die - viel
2988 1683 4608 1802 leichtere - Aufführung der „Monna Vanna“ gelingt, die
2990 1795 4613 1883 ich nunmehr in die Zeit vom 10. Oktober ca. zu legen
2975 1924 4608 2043 gedenke,wie sich die liebe Kritik dazu stellt, u.s.w.
2971 2017 4632 2162 Ist es Ihnen nicht möglich, diesem Vorschlag zuzustim-
2977 2155 4531 2274 men? Nachdem das Stück so lange Zeit doch geruht
2973 2248 4639 2397 hat, was können ihnen zwei Monate Wartens verschlagen.
2958 2384 4643 2496 Das Schiller-Theater läuft Ihnen gewiss nicht weg, und
2984 2511 4639 2580 einen ideellen gewinn können Sie davon doch nicht er-
2960 2624 4580 2703 hoffen? Vielleicht fragen Sie darüber mal jemanden,
2964 2749 4658 2820 der die Verhältnisse kennt und doch grössere Garantien
2960 2872 4554 2945 der Unbefangenheit bietet, als ich. Also vielleicht
2958 2962 4632 3074 Kerr, oder Philipp Stein etc? Dass Löwenfeld Ihnen ei-
