4850 4025
3787 711 4131 856 (14.9.05.)
1534 685 1885 901 (14.9.05.)
266 862 1902 1009 bis zu dieser Stunde ist keiner an mich gelangt. Die
2597 832 3752 1009 dass die Sache sich so gewendet hat.
2604 977 4281 1131 Damit ist vorläufig für das andere Drana, (mit den ich
262 964 1900 1120 einzige offizielle Aeusserung, die ich erhielt war an
2612 1085 4226 1267 einem guten Ende höchst nah zu sein glaube) wie ich
269 1116 1973 1241 Tag des Einlangens meines Manuscripts eine telegraphi-
2612 1207 4296 1373 auch telegraphisch schon erklärt habe, noch nichts ent-
273 1207 1952 1365 sche Bitte, („vor Lectüre") ob nicht eventuell die Ent-
2625 1317 4278 1484 schieden. Ich brauch hier nicht nochmals zu wiederho-
266 1328 1952 1488 scheidung hinauszuschieben sei, da es R. schmerzen wür-
2632 1438 4322 1620 len, was (ich spreche jetzt nur von der praktischen Sei-
273 1443 1865 1612 de, auf eine Regieaufgabe verzichten zu müssen.. etc.
2643 1573 4259 1739 to der Reportoirbildung etc.) (nicht von meinen per-
275 1575 1811 1703 etc.... (Wie ich Ihnen schon telegr., kennt er das
2656 1651 4330 1861 sönlichen Sympathien) für das andere Theater ev. spre-
279 1690 1980 1833 andere Stück nicht). Schon damals war ich daran, die Kon.
2658 1776 4343 1950 chen könnte. Jedenfalls bitte ich Sie mir gelegentlich
269 1813 1863 1945 zurückzuziehen- aber die leichten Missverständlich-
2656 1880 4350 2097 die 2 Akte zurückzuschicken, da gewisse kleine Aenderun-
262 1947 1876 2084 keiten, die sich in der Correspondenz zwischen Ihnen
2658 2041 4296 2210 gen (die ich schon gemacht habe) in Hinblick auf den
279 2032 1982 2199 und mir entwickelten, liessen mich zögern. Die offiziel-
2662 2155 4335 2329 3. Akt nothwendig geworden sind. Dann sende ich Ihnen
275 2184 1817 2322 le Burgtheaterannahme drängte mich nun zu rascher
2690 2268 4250 2450 (vielleicht recht bald) das ganze, erlaube mir aber
262 2309 2002 2433 Entscheidung (der ich ja wie Sie ahren innerlich längst
2675 2368 4345 2561 ausdrücklich zu betonen, dass ich es vorläufig nur dem
273 2396 1911 2556 zugeneigt war - da nur die Sorma in diesem Fall mich
260 2535 1906 2682 hintüberlockte). So telegraphierte ich Ihnen denn, um
2682 2504 3808 2688 Freunde, nicht dem Direktor vorlege.
2699 2617 4291 2799 Was Ihr Vertragsverhältnis zu H. anbelangt, so würde
260 2645 1830 2799 nicht, anlässlich der Burgtheaterannahme plötzlich
2697 2751 4335 2931 ich mir nie erlaubt haben davon zu sprechen, wenn Sie
275 2786 1900 2907 eine zu neuen Dilemmen Anlass gebende Depesche Rein-
2693 2844 4369 3046 nicht selbst das Thema anrissen. Es trägt aber gewiss
260 2872 1900 3044 hardts zu bekommen, und freu mich (trotz Sorma) sehr,
