<?xml version="1.0" encoding="UTF-8" standalone="yes"?>
<PcGts xmlns="http://schema.primaresearch.org/PAGE/gts/pagecontent/2013-07-15" xmlns:xsi="http://www.w3.org/2001/XMLSchema-instance" xsi:schemaLocation="http://schema.primaresearch.org/PAGE/gts/pagecontent/2013-07-15 http://schema.primaresearch.org/PAGE/gts/pagecontent/2013-07-15/pagecontent.xsd">
    <Metadata>
        <Creator>prov=READ-COOP:name=TrHtr:version=2.1.0:model_id=51170:date=26_07_2023_01:57</Creator>
        <Created>2023-05-02T07:44:47.588+02:00</Created>
        <LastChange>2023-07-26T01:57:52.889+02:00</LastChange>
        <TranskribusMetadata docId="1416706" pageId="54950867" pageNr="141" tsid="130870583" status="IN_PROGRESS" userId="64420" imgUrl="https://files.transkribus.eu/Get?id=QVQBEASGYPLZOWJDFHXWVMIU&amp;fileType=view" xmlUrl="https://files.transkribus.eu/Get?id=UYWFHAVZCCIUWUTLOSSOPEMD" imageId="44454593"/>
    </Metadata>
    <Page imageFilename="1416706_0141.jpg" imageWidth="5008" imageHeight="4136">
        <ReadingOrder>
            <OrderedGroup id="ro_1711829325428" caption="Regions reading order">
                <RegionRefIndexed index="0" regionRef="tr_1"/>
                <RegionRefIndexed index="1" regionRef="tr_2"/>
            </OrderedGroup>
        </ReadingOrder>
        <TextRegion id="tr_1" custom="readingOrder {index:0;}">
            <Coords points="328,845 2112,845 2112,3041 328,3041"/>
            <TextLine id="tr_1_tl_1" custom="readingOrder {index:0;}">
                <Coords points="1158,936 1512,916 1569,944 1763,914 1825,933 1851,927 1853,834 1774,854 1735,830 1677,861 1598,843 1528,865 1455,845 1363,874 1160,863"/>
                <Baseline points="1169,907 1229,907 1318,907 1408,907 1498,907 1587,901 1677,901 1766,895 1856,895"/>
                <TextEquiv>
                    <Unicode>Berlin, 29. April 1902.</Unicode>
                </TextEquiv>
            </TextLine>
            <TextLine id="tr_1_tl_2" custom="readingOrder {index:1;}">
                <Coords points="715,1096 832,1125 1081,1096 1473,1101 1475,1010 1314,1026 1253,1006 1175,1043 1083,1017 999,1046 885,1019 790,1054 718,1041"/>
                <Baseline points="728,1086 763,1086 853,1086 942,1086 1032,1080 1122,1086 1211,1080 1301,1080 1390,1080 1480,1074"/>
                <TextEquiv>
                    <Unicode>Lieber Herr Schnitzler!</Unicode>
                </TextEquiv>
            </TextLine>
            <TextLine id="tr_1_tl_3" custom="readingOrder {index:2;}">
                <Coords points="733,1283 2019,1272 2019,1191 733,1208"/>
                <Baseline points="746,1259 769,1265 859,1259 948,1259 1038,1259 1128,1253 1217,1259 1307,1253 1396,1253 1486,1253 1575,1247 1665,1247 1754,1247 1844,1247 1933,1247 2023,1241"/>
                <TextEquiv>
                    <Unicode>Ueber die Billetangelegenheiten habe ich</Unicode>
                </TextEquiv>
            </TextLine>
            <TextLine id="tr_1_tl_4" custom="readingOrder {index:3;}">
                <Coords points="317,1407 1953,1398 1968,1310 317,1363"/>
                <Baseline points="328,1390 358,1390 447,1390 537,1390 626,1390 716,1384 805,1384 895,1378 984,1378 1074,1378 1163,1378 1253,1378 1342,1378 1432,1372 1521,1372 1611,1372 1700,1366 1790,1366 1880,1366 1969,1360"/>
                <TextEquiv>
                    <Unicode>nicht allein zu verfügen, sondern nur in Gemeinschaft</Unicode>
                </TextEquiv>
            </TextLine>
            <TextLine id="tr_1_tl_5" custom="readingOrder {index:4;}">
                <Coords points="328,1536 2038,1512 2071,1424 330,1457"/>
                <Baseline points="340,1504 376,1504 465,1504 555,1504 644,1504 734,1498 823,1498 913,1498 1002,1498 1092,1498 1181,1492 1271,1492 1360,1486 1450,1486 1539,1486 1629,1486 1718,1486 1808,1480 1897,1480 1987,1480 2076,1474"/>
                <TextEquiv>
                    <Unicode>mit dem Carltheater, Ich habe aber Ihre Wünsche dorthin</Unicode>
                </TextEquiv>
            </TextLine>
            <TextLine id="tr_1_tl_6" custom="readingOrder {index:5;}">
                <Coords points="326,1633 2074,1649 2076,1561 328,1587"/>
                <Baseline points="340,1617 381,1623 471,1623 561,1623 650,1623 740,1617 829,1617 919,1617 1008,1617 1098,1617 1187,1617 1277,1611 1366,1611 1456,1611 1545,1605 1635,1605 1724,1605 1814,1605 1903,1605 1993,1599 2082,1599"/>
                <TextEquiv>
                    <Unicode>übermittelt, und zweifle nicht, dass Ihnen zur Eröffnungs-</Unicode>
                </TextEquiv>
            </TextLine>
            <TextLine id="tr_1_tl_7" custom="readingOrder {index:6;}">
                <Coords points="346,1752 1924,1752 1942,1675 348,1691"/>
                <Baseline points="358,1742 423,1742 513,1742 602,1736 692,1736 781,1736 871,1736 960,1736 1050,1730 1139,1730 1229,1730 1318,1724 1408,1724 1498,1724 1587,1724 1677,1724 1766,1718 1856,1718 1945,1718"/>
                <TextEquiv>
                    <Unicode>vorstellung die Parterreloge zur Verfügung gestellt</Unicode>
                </TextEquiv>
            </TextLine>
            <TextLine id="tr_1_tl_8" custom="readingOrder {index:7;}">
                <Coords points="339,1897 2093,1867 2096,1772 341,1814"/>
                <Baseline points="352,1862 399,1862 489,1862 578,1862 668,1862 757,1856 847,1856 937,1856 1026,1856 1116,1850 1205,1850 1295,1844 1384,1844 1474,1844 1563,1844 1653,1844 1742,1844 1832,1838 1921,1838 2011,1832 2100,1826"/>
                <TextEquiv>
                    <Unicode>wird. Ich habe Hernn Müller ersucht, Ihnen dies zu bestä-</Unicode>
                </TextEquiv>
            </TextLine>
            <TextLine id="tr_1_tl_9" custom="readingOrder {index:8;}">
                <Coords points="343,2003 814,2023 1182,1972 1510,2012 1997,1979 2041,1922 346,1953"/>
                <Baseline points="358,1975 435,1981 525,1981 614,1981 704,1981 793,1975 883,1975 972,1975 1062,1975 1151,1969 1241,1963 1330,1963 1420,1963 1509,1963 1599,1963 1689,1957 1778,1957 1868,1957 1957,1957 2047,1951"/>
                <TextEquiv>
                    <Unicode>tigen. Auch Ihre sonstigen Bestellungen sollen berück-</Unicode>
                </TextEquiv>
            </TextLine>
            <TextLine id="tr_1_tl_10" custom="readingOrder {index:9;}">
                <Coords points="339,2120 1902,2111 2109,2091 2109,2027 339,2065"/>
                <Baseline points="352,2100 411,2100 501,2100 590,2094 680,2094 769,2094 859,2094 948,2094 1038,2094 1128,2088 1217,2088 1307,2082 1396,2082 1486,2082 1575,2082 1665,2082 1754,2082 1844,2076 1933,2076 2023,2070 2112,2065"/>
                <TextEquiv>
                    <Unicode>sichtigt werden. Wollen Sie sich wegen dieser gefälligst</Unicode>
                </TextEquiv>
            </TextLine>
            <TextLine id="tr_1_tl_11" custom="readingOrder {index:10;}">
                <Coords points="339,2228 1937,2225 1994,2168 1039,2142 339,2188"/>
                <Baseline points="352,2214 387,2214 477,2214 566,2214 656,2214 746,2214 835,2208 925,2208 1014,2208 1104,2202 1193,2202 1283,2202 1372,2202 1462,2202 1551,2202 1641,2196 1730,2196 1820,2196 1909,2196 1999,2190"/>
                <TextEquiv>
                    <Unicode>nur direkt an die Carltheater-Direction wenden. Eine</Unicode>
                </TextEquiv>
            </TextLine>
            <TextLine id="tr_1_tl_12" custom="readingOrder {index:11;}">
                <Coords points="335,2347 1783,2322 1924,2366 2023,2338 2023,2265 335,2305"/>
                <Baseline points="346,2333 417,2333 507,2333 596,2333 686,2333 775,2327 865,2327 954,2327 1044,2321 1133,2321 1223,2321 1313,2321 1402,2321 1492,2321 1581,2315 1671,2315 1760,2315 1850,2309 1939,2309 2029,2303"/>
                <TextEquiv>
                    <Unicode>Probe Ihrer Stücke wird vor dem Beginn nicht stat tfin-</Unicode>
                </TextEquiv>
            </TextLine>
            <TextLine id="tr_1_tl_13" custom="readingOrder {index:12;}">
                <Coords points="337,2479 1726,2479 1988,2439 1988,2364 339,2428"/>
                <Baseline points="352,2452 381,2452 471,2452 561,2452 650,2446 740,2446 829,2446 919,2441 1008,2441 1098,2441 1187,2441 1277,2441 1366,2441 1456,2441 1545,2435 1635,2435 1724,2435 1814,2429 1903,2429 1993,2423"/>
                <TextEquiv>
                    <Unicode>den, da sie in der für Wien bestimmten Besetzung jetzt</Unicode>
                </TextEquiv>
            </TextLine>
            <TextLine id="tr_1_tl_14" custom="readingOrder {index:13;}">
                <Coords points="339,2591 1928,2571 1981,2560 1983,2492 339,2542"/>
                <Baseline points="352,2566 376,2566 465,2566 555,2572 644,2566 734,2560 823,2560 913,2560 1002,2560 1092,2560 1181,2560 1271,2560 1360,2554 1450,2554 1539,2548 1629,2554 1718,2548 1808,2548 1897,2542 1987,2542"/>
                <TextEquiv>
                    <Unicode>schon hier gespielt worden sind. Unsere Gesellschaft</Unicode>
                </TextEquiv>
            </TextLine>
            <TextLine id="tr_1_tl_15" custom="readingOrder {index:14;}">
                <Coords points="339,2716 1807,2719 2076,2690 2076,2619 339,2661"/>
                <Baseline points="352,2685 381,2685 471,2685 561,2685 650,2685 740,2679 829,2679 919,2679 1008,2673 1098,2673 1187,2673 1277,2673 1366,2673 1456,2673 1545,2667 1635,2667 1724,2667 1814,2667 1903,2667 1993,2667 2082,2661"/>
                <TextEquiv>
                    <Unicode>wird am 5.Abends in Wien ankommen, ich an 5. Früh. (Conti-</Unicode>
                </TextEquiv>
            </TextLine>
            <TextLine id="tr_1_tl_16" custom="readingOrder {index:15;}">
                <Coords points="341,2842 363,2844 390,2864 412,2862 447,2831 473,2840 489,2831 513,2844 537,2824 572,2840 583,2826 614,2824 614,2758 594,2765 550,2743 524,2754 491,2741 453,2769 376,2767 339,2778"/>
                <Baseline points="352,2799 441,2805 531,2805 620,2805"/>
                <TextEquiv>
                    <Unicode>nental).</Unicode>
                </TextEquiv>
            </TextLine>
            <TextLine id="tr_1_tl_17" custom="readingOrder {index:16;}">
                <Coords points="984,2914 1068,2952 1114,2928 1178,2950 1197,2930 1246,2941 1275,2923 1305,2943 1345,2930 1396,2947 1426,2923 1534,2941 1534,2864 1499,2873 1413,2831 1356,2835 1325,2859 1257,2851 1237,2870 1162,2851 1081,2875 1028,2857 984,2873"/>
                <Baseline points="996,2912 1002,2912 1092,2918 1181,2912 1271,2912 1360,2912 1450,2912 1539,2906"/>
                <TextEquiv>
                    <Unicode>Herzlich grüssend</Unicode>
                </TextEquiv>
            </TextLine>
            <TextLine id="tr_1_tl_18" custom="readingOrder {index:17;}">
                <Coords points="1673,3055 1741,3064 1750,3058 1759,3062 1783,3044 1790,3051 1829,3047 1825,2943 1798,2947 1761,2967 1748,2963 1739,2974 1719,2967 1699,2978 1688,2967 1671,2967"/>
                <Baseline points="1683,3025 1772,3025 1832,3031"/>
                <TextEquiv>
                    <Unicode>O.B.</Unicode>
                </TextEquiv>
            </TextLine>
        </TextRegion>
        <TextRegion id="tr_2" custom="readingOrder {index:1;}">
            <Coords points="2745,761 4279,761 4279,1215 2745,1215"/>
            <TextLine id="tr_2_tl_1" custom="readingOrder {index:0;}">
                <Coords points="3315,843 3364,836 3434,885 3469,861 3650,894 3725,869 4000,909 4044,880 4141,911 4138,795 4103,784 3848,773 3755,810 3647,762 3313,751"/>
                <Baseline points="3324,811 3413,823 3503,841 3592,859 3682,865 3771,859 3861,853 3950,847 4040,841 4130,841 4147,841"/>
                <TextEquiv>
                    <Unicode>107 Berlin, 2.5.1902.</Unicode>
                </TextEquiv>
            </TextLine>
            <TextLine id="tr_2_tl_2" custom="readingOrder {index:1;}">
                <Coords points="3234,1030 3315,1030 3361,1010 3419,1035 3463,1017 3504,1035 3537,1015 3595,1032 3597,958 3511,942 3432,962 3381,940 3324,958 3297,936 3236,966"/>
                <Baseline points="3246,1002 3330,1002 3419,996 3509,996 3598,990"/>
                <TextEquiv>
                    <Unicode>Telegramm.</Unicode>
                </TextEquiv>
            </TextLine>
            <TextLine id="tr_2_tl_3" custom="readingOrder {index:2;}">
                <Coords points="2732,1237 3104,1242 3297,1184 3438,1226 3590,1184 3676,1233 4041,1173 4255,1197 4277,1054 2738,1131"/>
                <Baseline points="2745,1199 2757,1205 2846,1205 2936,1199 3025,1193 3115,1187 3204,1181 3294,1181 3384,1175 3473,1169 3563,1163 3652,1157 3742,1151 3831,1145 3921,1139 4010,1139 4100,1133 4189,1128 4279,1122"/>
                <TextEquiv>
                    <Unicode>Leider unmögl ich selbst wenn Jurco kommt. Brahm.</Unicode>
                </TextEquiv>
            </TextLine>
        </TextRegion>
    </Page>
</PcGts>
