5015 4151
906 762 1084 886 294
1573 755 1869 888 1.9.1911.
285 967 667 1062 Schnitzler.
285 981 1948 1175 Zur Besetzung muss ich Ihnen mitteilen, dass Frau Leh-
289 1107 1946 1290 mann nicht mitmachen kann, weil sie überhaupt erst im
307 1259 1988 1403 Jahuar wieder nach Berlin kommt. Es beruht das auf ih-
316 1376 2014 1517 rem (Reinhardts culpa, non mea) kontraktlichen Vorrecht,
314 1509 1935 1646 nur 6 Monate im Jahr bei uns zu spielen, und auf dem
327 1612 1966 1754 Umstande, dass die Novitäten, in denen sie Hauptrollen
318 1707 1964 1875 hat, erst später herauskommen können. Es tut mir auf-
331 1853 1964 1995 richtig leid, dass wir auf Fr.L.verzichten müssen, das
331 1981 1935 2123 glauben sie mir wohl ohne Weiteres; aber ich meine,
342 2089 2008 2244 dass wir in Frl.Sussin einen recht annehmbaren Ersatz
358 2191 2096 2350 haben, die ja wie Sie wissen, jetzt eine ganz andere Stel-
358 2332 1944 2461 lung einnimmt, und anderes leistet, als zu der Zeit,
369 2443 2023 2569 wo wir die Besetzung zuerst besprachen. Damals hätte
369 2527 2048 2690 ich sie Ihnen nicht vorschlagen dürfen; heute tue ich
373 2651 2072 2805 es mit begründeter Ueberzeugung.- Vielleicht kann ich,
380 2741 2061 2916 zum Ausgleich für diese notgedrungene Aenderung, Ihnen
382 2898 2116 3086 doch noch den Sauer für den Aigner liefern; es geht ihm
3516 749 3697 888 294
4007 782 4327 930 1.9.1911.
2814 950 4482 1155 vorläufig besser, und wenn er durchhält, möcht ich ver-
2825 1091 4409 1261 suchen, ihn wenigstens für einige Vorstellungen ins
2836 1179 4466 1345 „weite Land“ zu locken.- Ich wiederhole nun noch die
2823 1292 4453 1495 Besetzung im Ganzen, da Sie auf dem Semmering danach
2845 1442 4468 1568 verlangten: Hofreiter-Monnard, Genia-Triesch, Fr. Mein-
2849 1544 4433 1725 hold-Sussin, Otto-Stieler, Aigner-Sauer (Reicher, Wal-
2849 1701 4455 1796 ther), Fr.Wahl-Grüning, Gustav-Prorest, Erna-Herterich,
2847 1787 4557 1926 Natter-Reicher (Froböse), Adele-Lore Busch „Mauer-Marr,
2849 1917 4625 2045 Kreindl-ziener, Rhon-Rickelt (7, Froböse?), Fr.Rhon-Eberty,
2863 2028 4389 2165 Stanzides-Loos + (Walther), Rosenstock-Nessler.
2863 2160 4504 2290 Die Bekreuzigten sind neue Mitglieder; alle nahelie-
2860 2286 4515 2416 genden Witze unterdrücke ich, wie Rhon; und fernerlie-
2880 2390 4422 2522 gende fallen mir nicht ein. Serknitz rate ich nun
2878 2489 4457 2635 doch zu streichen; das Stück ist überreich, und wir
2891 2631 4471 2752 müssen sparen, wo wir können, um für die Hauptsachen
2885 2745 4490 2874 die Empfänglichkeit zu erhalten. Das Sparen bezieht
2902 2856 4501 2984 sich aber nicht auf die Dekorationen, und Sie wer den
