4905 4008
1483 605 1908 801 (10.11.03.)
356 781 1990 903 gehalten;aber wenn Sie es nothwendig finden (was mir
362 914 2017 1045 noch nicht ganz einleuchtet) wird sie weiter auszuge-
376 1023 1999 1132 stalten sein. Die Erzählung vom alten Klavierspieler
376 1150 2055 1252 lässt sich natürlich gänzlich streichen; auch über die
369 1268 2153 1392 Exposition lässt sich weniger reden, als jetzt geschieht;
380 1356 2026 1517 doch der geheimnisvolle Zauber der 3/3.
387 1528 2001 1608 und der rätselvollen Fernen muss in das Stück hnein-
380 1630 2073 1752 spielen. Auf die Schilderung des Bildes kann ich nicht
387 1755 1946 1839 verzichten; sie ist zur Charakteristik der Johanna
394 1866 1924 1952 und für die Stimmung des stückes im ganzen meines
387 1986 2150 2079 Erachtens kaum entbehrlich und im Munde des Frl. Triesch
398 2093 2093 2233 scheint mir gerade die wirkung dieser stelle sicher zu
398 2244 603 2359 sein.-
394 2319 1941 2457 Mit der Besetzung bin ich durchaus einverstanden;
398 2459 1988 2571 die Jdee Wegrath durch Sauer spielen zu lassen, ist
398 2564 2015 2697 vorzüglich,- und im ganzen hab ich den Eindruck, dass
394 2684 2088 2795 das Deutsche Theater diesmal eine Muster-u.Meistervor-
3800 305 3969 445 II
4001 658 4401 827 (10.11.03.)
2862 792 3823 925 stellung herausringen sollte.
2851 918 4474 1061 Ich bleibe jetzt in Wien und freue mich sehr Sie so
2862 1056 3329 1156 bald zu sehen.
3231 1127 3912 1256 Herzlichst der Ihrige
