5008 4136
1599 813 1918 914 17.12.01.
317 874 1912 1031 sehe ich die Geßhr der Verhöhnung,z.B. wenn Paola
303 1015 1990 1146 sagt: „Du willst dich tödten, ich bins werth“, oder wenn
310 1130 1986 1278 Paola zusticht und dann Remigio beginnt: „War dies der
321 1238 1956 1381 Sinn" - Wenn das das Berliner Premierenpublikum aber
332 1386 1912 1489 wirklich noch frisst, so wird der abgehakte Schluss
326 1487 2006 1626 die Verblüffung vollenden, und entweder eisiges Schwei-
319 1611 1988 1739 gen oder etwas Schlimmeres die Antwort sein. Dass da-
335 1732 2136 1844 mit der ganze Abend ein unglücklicher werden würde, brauch
328 1855 1947 1972 ich nicht zu sagen. Es wird mir gewiss schwer, Ihnen
328 1968 2008 2091 dies alles zu schreiben, denn ich ahne wie Ihnen dabei
339 2080 1959 2199 zu Muthe ist - aber besser bewahrt als beklagt; und
335 2204 1992 2320 lieber will ich Sie durch Reden verstimmen, als durch
339 2325 1027 2453 Schweigen schädigen.-
339 2410 2015 2545 Praktisch betrachtet, fragt es sich nun, ob Sie dieser
339 2525 2037 2673 Anregung eine Folge durch Zustimmung geben wollen, oder
357 2655 1945 2792 ob Sie sich etwa entschliessen,früher herzukommen,
353 2743 2096 2900 um selbst zu sehen. Die nächste Probe der „Frau m.d.Un.
357 2893 1965 3053 ist auf Freitag 10 Uhr angesetzt (die Stunde könnte
350 3012 1974 3122 auch geändert werden),Sonnabend ist keine Probe des
3935 845 4250 957 17.12.01.
2835 921 4535 1042 Stückes vorgesehen, doch liesse sie sich ansetzen.- Ich
2846 1049 4477 1157 weiss wohl, dass es für Sie in dieser Weihnachtszeit
2846 1164 4573 1269 schwer sein würde, zu kommen; doch wie viel Ihnen diese
2853 1301 4470 1395 Fragewerth ist, haben Sie mir ja selbst schon öfter
2853 1395 4470 1494 ausgesprochen!- Ob man eventuell an Stelle der Frau
2835 1516 4546 1611 m.d.D. den „Puppenspieler“ setzen sollte, oder sich auf
2835 1626 4578 1727 3 Stücke beschränken, bliebe natürlich Ihnen überlassen;
2846 1741 4542 1862 ich wäre für das Letztere! Aber bald müssten wir darü-
2835 1887 4542 1970 ber ins Klare kommen, da der ganzen Situation des Thea-
2853 1999 4542 2091 ters nach, und auch wegen des Urlaubes der Triesch, eine
2846 2114 4501 2253 Verschiebung des Termins über den 4.Januar nicht mög-
2846 2233 3169 2309 lich wäre.
2835 2352 4484 2451 Wegen der „Litteratur" lege ich Ihnen, auch unter dem
2835 2448 4472 2574 Eindruck der Bühne, den Wunsch nochmals nahe, eine be-
2835 2597 4461 2675 sondere Bezeichnung (nach Muster von „Groteske“) zu
2839 2675 4488 2806 finden,die dem Publikum sagt:dies ist ein besonderer
2828 2833 4459 2938 Fall und Stil. Sehr erbaut bin ich nach wie vor von
2839 2952 4443 3037 den „Lebendigen Stünden“, die ich ebenso reif in der
