4923 4023
1596 683 1948 803 (13.8.05.)
388 799 2095 932 am Schluss zu gehen haben, vollkommen befreien; und ich
371 917 2091 1061 glaube nicht, dass ich diesen Akt im Laufe der nächsten
381 1076 1997 1168 Vochen schreiben werde. Sehr interessieren wird es
388 1170 2108 1305 mich, nach welcher Richtung Ihnen die zwei Akte, die vol-
394 1305 1410 1435 lendet sind, zu deuten scheinen.-
381 1410 2010 1523 Von der Comoedie habe ich soeben die correcturbogen
381 1543 2042 1648 bekommen. Noch immer ist sie ohne Titel. Gestern wur-
381 1660 1960 1761 de „Adagio" vorgeschlagen. Wie denken Sie darüber?
381 1778 1967 1881 Amadeus Bassermann (und Triesch Caecilie) erschien
381 1866 2012 2023 als selbstverständlich. Für Albertus neigt man sich
381 2008 1988 2115 mehr Reicher als Rittner zu. Darf ich sie fragen, ob
379 2115 2035 2230 Sie zu Schlenther etwas über die Existenz meines Stü-
381 2254 1999 2342 ckes haben verlauten lassen? (Es wäre mir vorläufig
386 2361 934 2483 nicht angenehm.) -
381 2445 2080 2586 Nun aber möchte ich, was Sie mir gewiss nicht übel neh-
381 2601 2012 2693 men werden, gern wissen, erstens oh, zweitens wann Sie
381 2721 1388 2837 die Komödie aufführen möchten?-
399 2837 1982 2963 Ich lese eben Ihren letzten Brief wieder durch und
4339 336 4662 529 1.  14. 9
4041 683 4364 810 (13.8.05.)
2830 801 4452 945 sehe, dass Sie noch von 2-3 Ferienwochen sprechen. So
2830 904 4484 1061 send ich denn gleich mit diesen Zeilen die besagten 2
2830 1031 4534 1174 Akte nach Mari enbad. Dass diese Sendung als vollkommen
2830 1168 4514 1296 vertraulich empfangen und bewahrt werden möchte, erbit-
2847 1271 4431 1410 te ioh ganz besonders. Ebenso bitte ich um Rücksen-
2835 1408 4452 1538 dung des Manuscriptes, wenn Sie seiner nicht mehr be-
2839 1540 3079 1663 dürfen.
2841 1648 4525 1772 Es ist wahrscheinlich, dass ich wieder auf ein paar Ta-
2847 1759 4414 1894 ge, zum Besuch meiner Mama, auf den Semmering fahre;
2852 1896 3856 2029 meine Adresse bleibt die Wiener.
3218 1984 4118 2130 Seien Sie herzlich gegrüsst.
3653 2271 3812 2365 A.S.
