2572 4105
922 403 1047 542 1°7
798 414 888 519 nde
1215 430 1327 532 1.
1403 785 2156 888 Berlin, 21. Februar 1895.
599 918 1445 1070 Herrn Dr. Arthur Schnitzler
1532 964 1722 1085 Wien.
616 1116 1509 1209 Sehr geehrter Herr Doktor!
418 1207 2118 1327 Mit bestem Dank für Ihre Unterschrift sende ich Ihnen
422 1348 2102 1441 beifolgend den Gegenkontrakt über „Liebelei“ und hof-
426 1437 2036 1555 fe, dass diese unsere Verbindung beiden Theilen zum
424 1582 2045 1667 Nutzen und Vergnügen gereichen werde. Für den Fall,
439 1675 2116 1794 dass das Stück den Abend nicht füllt, werde ich bemüht
435 1817 2116 1914 sein, nach einem passenden ainakter Umschau zu halten.
648 1939 1629 2038 Hochachtungsv 11 und ergebenst
1365 2110 1743 2186 Otto Brahm.
