4822 4025
1252 390 1431 528 III
602 709 1278 833 Telegramm. 50
1505 737 1821 864 5.9.1905.
347 870 2050 992 Ihr Brief höchst überraschend, erklärte wiederholt, dass
351 968 2037 1093 eins Ihnen, andres Nachbarn zufallen sollte. Sie selbst
358 1080 1939 1211 sprachterlang nach Erhalt des ersten von eventueller
358 1195 2055 1359 Verwechslung der Bäumchen, worauf ich mir völlige Frei-
382 1346 2114 1488 heit wahrte. Die Dreitausend sind vorwiegend prinzipiel-
347 1475 2098 1605 le Frage. Ich hätte wohl wie mancher auch einmal für ein
371 1579 2081 1710 einzelnes Stück Garantie beanspruchen dürfen, nicht qua-
358 1682 1976 1817 si als Belohnung für Zwillinge. Viel wichtiger wäre
356 1795 2048 1952 mir Wiederaufnahme älterer Stücke. Sobald ich mit Nach-
358 1909 2002 2090 barn abge schlossen oder abgebrochen, erhalten Sie so-
358 2020 2061 2212 fort Nachricht.Zugleich erbitte Beantwortung folgender
364 2168 2009 2312 Fragen,ob Sie eventuell Komödie ohne Mariendrema für
364 2303 2109 2430 Oktober-November annähmen, ferner ob Sie für Mariendrana
351 2426 2090 2522 allein keineswegs zu Garantie bereit. Ich hoffe ja, dass
371 2504 2042 2652 ich mit beiden zu Ihnen kann, aber ich fühle mich ver-
364 2615 2096 2799 pflichtet meine Interessen so gut zu wahren wie Sie die
358 2799 1773 2912 des Lessingstheaters, Herzlichst Schnitzler.
2877 724 3198 892 Brahm
3534 770 3732 910 50 a
3765 864 4109 979 6. 9. 1905.
3036 940 4371 1112 Noch bevor die Entscheidung fällt, lieber
2984 1086 4380 1202 Freund, möchte ich Ihnen doch sagen, dass
2971 1182 4502 1304 Sie mich die Aufrichtigkeit in der Sache mit
2990 1287 4354 1405 den zwei Stücken, die Aufrichtigkeit von
3547 1359 3798 1424 egen Si
2984 1400 4526 1505 Anbeginn bis heut aufrichtig bedauern machen.
2982 1444 4426 1601 Hätte ich Ihnen ohne von einem zweiten zu
2973 1605 4339 1712 sprechen, eindach das erste Stück einge-
2971 1658 4467 1810 reicht.so wäre die gache erledigt. Ich hät-
2973 1797 4336 1913 te meinen vertrag, meinen Termin. Nichts
2960 1911 4456 2015 zwang mich Ihnen von einem zweiten Stück zu
2956 2009 4443 2125 reden, nichts Ihnen die zwei Akte, die fertig
2953 2109 4450 2216 warenkvorzulegen. Von vornherein aber hatte
2947 2179 4413 2325 ich abgelahnt Ihnen die zwei Stücke sozu -
2956 2286 4439 2426 sagen zur Auswahl hinzubreiten, oft wieder-
2943 2369 4408 2524 holt, dass mir die Komödie für Ihr, das Dra-
2925 2469 4402 2644 na für peinhardts Theater zu passen schie-
2936 2567 4312 2735 ne Andere haben diese Ansicht betätigt;
2936 2694 4434 2842 Ihres ausgesprochene Vorliebe für das Stück
2921 2818 4404 2962 und gewisse Besetzungschansen liessen mich
