2546 4104
1143 771 1247 881 13
1287 843 2296 998 Hotel Piera bei Airolo, Schweiz.
1355 947 1635 1034 24.E.96.
769 1104 1504 1249 Lieber Herr Schnitzler,
497 1238 2158 1361 vom 22. August ab denke ich bestimmt wieder in Berlin
501 1325 2181 1457 zu sein und werde mich sehr freuen, Sie dort zu sehen.
493 1470 2196 1595 Hier in Piora werde ich vermuthlich noch eine gute Wo-
501 1589 2088 1714 che bleiben; wollen Sie mir das Manuscript hierher
508 1678 2120 1839 schicken, so soll es herzlich willkommen sein. Oder,
518 1814 2160 1954 wenn Sie das vorziehen, senden Sie es ans Theater und
520 1937 2168 2075 schreiben dem Herrn Mewes dazu, dass er mir es sofort
516 2075 1814 2181 nachschickt. Der hat meine Adresse immer.
512 2173 2187 2315 Auch ich w채re gern mit Ihnen gen Norden gezogen. Aber
527 2279 2177 2402 es br채chte mir zuviel unruhe und Zerstreuung, und ich
529 2410 2181 2534 brauche wirklich dringend etwas Sammlung f체r die kom-
522 2512 2192 2650 mende Campagne: die finde ich hier in vollstem Masse;
554 2612 2166 2763 ich bin Solokrebs 1800 Meter hoch, und das thut dem
531 2744 1971 2878 armen Director wohl, nach so viel Kampfgewoge!
535 2878 2134 2997 Anbei eine Zeile f체r Jbsen. Wenn er in Christiania
