5049 4152
1317 415 1931 604 1 1 1 4 = = =
758 433 931 537 1 1 1
1811 816 2118 940 26.7.03.
482 882 2165 1066 Ergänzung eines nicht ganz ausgewachsenen Schnitzler-
475 1062 2193 1161 Agend etwa brauchte. Ist nun diese Frage durch das Vor-
477 1180 2118 1280 schreiten Ihrer neuen Arbeit gelöst (wie es scheint)
463 1289 2167 1409 so sehe ich keinen Grund, mit dem „P." hinter dem Berge
471 1418 2173 1516 zu halten. (Man kann ja wenn Sie es wünschen gleichzei-
463 1531 2075 1657 tig publicieren, dass Sie eben an ein abendfüllendes
454 1642 2049 1762 Werk die mit Recht so beliebte letzte Hand legen).
452 1764 2156 1869 Ich hätte nämlich jetzt eine sehr passende Gelegenheit
456 1886 2058 1983 das Stücklein zu dem Rodenbach zu geben (Le mirage:
439 2006 2124 2120 wissen Sie immer noch keinen deutschen Titel?), zu dem
445 2111 2047 2223 es als lever de rideau sehr gut stimmen könnte. Die
426 2233 2030 2351 Premiere ist zu Mitte September geplant. In diesem
426 2330 1996 2458 Falle wäre Bassermann ohne Concurrenz,da S - - -
428 2469 2148 2591 der so nst auch m.E. stark in Betracht käme - die Haubt -
433 2565 2036 2702 rolle bei R. spielt. Die Frau die Lehmann, haben Sie
415 2709 2034 2803 Wünsche über den Mann? (Ich habe mein Exemplar ver-
426 2829 2111 2938 legt oder verloren, vielleicht können Sie mir ein neues
415 2951 2034 3071 stiften). Mir wäre es recht lieb, wenn Sie mit diesem
4569 409 4730 529 1 „ „
4270 835 4554 966 26.7.03.
2953 944 4518 1047 Vorschlag einverstanden wären, ich habe eine andere
2934 1058 4557 1163 3/4-Verabredung,die ich für diesen Abendhatte, lösen
2934 1171 4522 1306 können und sähe nun am liebsten den „Puppenspieler
2931 1304 4486 1403 an der freigewordenen Stelle. Ich bin seit Montag
2923 1398 4539 1503 hier, an einem sehr stillen Ort, vier Stunden von der
2923 1518 4539 1662 Eisenbahn, mit unglaublich schönen Wäldern und einer
2923 1647 4524 1769 so milden Luft, wie ich sie noch nirgend fand. Heute
2916 1775 4527 1886 haben wir 12 Grad, und ich schreibe bei offenen Fen-
2923 1882 4535 1985 stern. Mit Eifer und Freude besuche ich das Luftbad
2906 2008 4565 2111 2 mal täglich und lasse mir die Sonne, wenn sie grade
2916 2096 4608 2225 Sprechstunde hat, auf den Bauch scheinen. Meinen Bruder
2897 2229 4591 2338 habe ich verdickt und verschönt, bei gutem Humor vorge-
2897 2349 4188 2456 funden; er grüsste Sie mit mir herzlich.
3608 2531 3773 2636 O.B.
2884 2642 4494 2745 Gegen Löwe bin ich auf alle Fälle. Wozu? Oder, wenn
2904 2747 4021 2880 Ihnen das zu jüdisch ist; cui bono?
