5047 4153
1028 808 1910 1011 279 Berlin, 14.11.1910.
808 1074 1270 1170 Lieber Freund,
381 1185 2042 1317 an der Reise zum neuen Schnitzler wird mich der alte
381 1304 1957 1434 hindern, scheint es! Wir haben dieser Tage „Anatol“
400 1406 2036 1523 arrangirt, wollen am 19. mit den Bühnenproben beginnen
387 1506 2070 1672 und - wenn nicht die Theatervorsehung dem guten Georg
387 1657 2013 1776 viele zweite Leben bescheert, wider Erwarten - am 2.
394 1753 2019 1900 oder 3.Dezember die 5 Stücke zuerst spielen. Die Be-
387 1900 2030 2030 setzung ist: Monnard; Reicher; Somary - Frage an das
394 1987 2096 2123 Sch.; Lossen - Weihnach tseinkäufe; Sussin - Abschieds
406 2140 2113 2251 souper; Herterich - Episode; Triesch - Hochzeitsmorgen.
681 2225 2034 2368 Hoffentlich steht Ihre Münchener Vorlesung
381 2338 2059 2468 da nicht im Wege? Ich hatte Ihnen ja aus Tegel Anfang
381 2440 1957 2530 Dec. als wahrscheinlichen Anatol-Termin vermeldet;
381 2576 1998 2662 und so hoffe ich bestimmt, Sie, nach schön erledigtem
391 2655 1966 2779 Medardus, hier zu sehen.- Wir nähren uns im Theater
381 2783 1934 2898 ganz gut annoch vom jungen Wein;während mir, einer
400 2900 2025 2996 schleichenden Influenoirtheit halber, sehr viel alter
394 2985 2023 3085 Wein empfohlen ist. Das sind so die Widersprüche des
381 3042 1085 3172 Lebens. Eooo.- Ihrigst
1153 3059 1319 3185 O.B.
3566 777 3736 928 280
3895 808 4485 1002 Berlin, 21.11.1910.
3389 949 3864 1089 Lieber Freund,
3008 1047 4708 1219 so leid es mir tut, muss ich am Donnerstag doch fehlen.
3017 1202 4657 1323 grade in den Tagen wird es mit unsern Proben so weit
3019 1306 4591 1453 sein, dass ich dabei sein muss (oder möchte); und
3036 1453 4744 1557 trösten kann ich mich eben nur, dass ich doch bei Ihnen
3030 1570 4668 1683 bin, hüben und drüben.- Ihrem Wunsch Anatol am 3. zu-
3306 1659 3530 1736 setzen
3040 1659 4670 1802 erst anzusammen, entspreche ich natürlich; der gel-
3036 1800 4608 1925 ben Gefahr, diesem grüngeäugten Scheusal, dürfen Sie
3036 1910 4617 2053 freilich nicht ausgesetzt werden.- Ich rechne aber
3057 2028 4651 2191 sehr darauf, Sie, wenn Sie nicht zum 3. kommen können,
3059 2142 4651 2264 was sehr schön wäre,bald darauf bei uns zu sehen! -
3047 2249 4598 2391 Die Reihenfolge wird wie Sie es angeben geordnet.
3519 2353 4429 2498 Mit herzlichem Daumendrücken
4074 2532 4244 2640 O.B.
