2504 4103
1356 392 1864 563 Votre très-même, jusqu'a le
992 817 1109 915 20
1555 840 1798 987 2.1.97.
729 983 2039 1134 Warum aber schreiben Sie immer nur von an-
416 1103 2015 1245 dern, und gar nicht was Sie treiben, arbeiten, wie Sie
418 1228 1983 1356 gestimmt sind? Das müssen Sie nächstens rachholen.
407 1352 2015 1488 Bei uns geht es gut, die „Glocke" klingt weit hinaus
412 1469 2022 1595 in die Lande und ruft die Lebendigen. Wenn ich kann
416 1584 1983 1717 komme ich zur Wiener Aufführung sehr gern; aber ob
416 1723 2073 1830 ich kann, wissen die Götter! Ich wünsche Ihnen und den
409 1825 2120 1951 Ihrigen ein gutes 1897; und grüssen Sie mir auch meinen
409 1941 2028 2081 Freund Hoffmannsthal, sowie die Teplitzer Stadtväter.
1152 2045 1269 2169 Ihr
1241 2160 1390 2297 O.B.
