5039 4040
986 369 1774 517 1 1/2 1/4 1 1/1 4 1/10 1 1 1
1338 882 1894 995 Berlin, 1.11.1904.
757 1139 1213 1237 Lieber Freund,
262 1251 1960 1351 ich freue mich der Aussicht, Sie hier zu sehen (beinahe
268 1362 2019 1460 noch mehr, als über den Anlass Ihres Kommens!) und wollte
251 1497 1932 1571 Sie fragen, ob Sie nicht Lust haben, mir die Komödie in
262 1615 1980 1715 ihrem gegenwärtigen Zustande vorzulesen? Ich würde Aus-
266 1720 1984 1840 führung von Entwurf zu unterscheiden wissen, und ein be-
262 1849 1691 1934 scheidener, nicht allzu kritischer Hörer sein.
262 1973 1888 2058 Gute Nacht jetzt, ich muss morgen in aller Herrgotts-
268 2091 1316 2193 frühe auf Talente piirschen gehen.
1030 2298 1205 2418 O.B.
4280 347 4791 517 1 1 1 1 4 1 1
3979 380 4214 506 1 1/2
3741 893 4345 1010 Berlin, 12.11.1904.
3363 1126 3813 1237 Lieber Freund,
2833 1237 4533 1351 das Wort, das Sie von mir vorfinden, heisst: Willkommen.
2833 1388 4559 1473 Wann sehen wir uns? Ich bin voraussichtlich Sonntag bis
2837 1495 4540 1582 1 Uhr zu Hause (Telephon Amt 2,1501). Nachmittags etwa
2833 1613 3322 1759 von 6½ an frei.
3359 1718 3767 1829 Viele Grüsse
3503 1859 3710 1940 Ihres
3695 1912 3852 2043 O.B.
