5037 4151
1156 836 1916 954 Berlin, 13.Februar 1903.
525 979 1349 1063 Herrn Dr.Arthur Schnitzler
1425 1016 1598 1107 Wien.
642 1129 1477 1255 Sehr geehrter Herr Doktor!
316 1250 1920 1357 Mit einem freundlichen Gruss von Herrn Dr.Brahm, der
320 1349 2029 1470 unwohl ist und Ihnen deshalb heute nicht selber schrei-
316 1485 2029 1581 ben kann, senden wir Ihnen beifolgend noch die gewünsch-
326 1609 1991 1701 te Besetzung der übrigen Rollen. Die Decoration, wegen
324 1720 2027 1824 deren wir mit Herrn Lehnert in Verbindung traten, haben
322 1861 1993 1937 wir leider bei ihm nicht bestellen können. Obwohl uns
322 1963 1980 2074 das Modell im Ganzen wohl gefiel, wären doch wegen der
333 2102 2036 2181 technischen Verhältnisse unserer Bühne einige Aenderun-
322 2206 1933 2311 gen nöthig gewesen. Zur Verständigung darüber nebst
339 2341 1897 2428 einem neuen Modell reicht aber die Zeit nicht hin,
322 2447 1959 2520 Wir haben deshalb die Decoration hier in Auftrag ge-
322 2541 1991 2644 geben. Entschuldigen Sie die unnütze Bemühung, die wir
333 2669 1415 2785 damit auch ihnen verursacht haben.
572 2780 1528 2883 Hochachtungsvoll und ergebenst
871 2846 1724 2945 Deutsches Theater zu Berlin
606 2921 1306 3026 i.A. Dr.Moriz Ehrlich.
3636 422 4125 597 Votre très â¢ toutes
3990 847 4265 1009 13.2.03
2827 1003 3894 1131 3 Bürger: Lion,Wohlgemuth,Noster.
2831 1135 3587 1246 2 Mädchen: Jähne,Wilke.
2827 1250 3674 1366 2 Boten: Lide,Wohlgemuth.
2825 1368 3455 1481 Ein Geiger: Müller.
2827 1487 4336 1598 Die übrigen kleinen Rollen werden noch besetzt.
