5038 4058
1130 785 1290 934 201
1908 829 2244 990 22.4.1906
500 981 2202 1105 typus geben wird - und zu sagen hat sie ja wenig
494 1127 705 1205 genug.
667 1179 2035 1363 Herzliche Grüsse und auf gutes Wiedersehen.
1379 1408 1559 1543 O.B.
487 1530 1888 1708 Ich bin am 3.Mai Früh im Imperial.
1599 1654 2193 1783 o müsst ich Sie sehr
2004 1768 2206 1868 nd mioh
1528 1761 1961 1912 mich vorgehen.
1450 2322 1772 2488 Herr Wiederh
1292 2506 1828 2628 ten und dass zu he
1443 2586 1750 2720 Den Sie de
3622 781 3809 898 202
4105 814 4694 978 Berlin, 24.4.1906.
3527 965 4009 1099 Lieber Freund,
3073 1079 4803 1223 ich halte es für ungeheuer unwahrscheinlich, dass R. zu-
3078 1201 4774 1312 stimmt. Auch ist zu erwägen, dass sein Nein, bei der Un-
3091 1328 4783 1445 sitte der Theaterleute, alles zu beschwatzen,R. bekannt
3084 1450 4697 1594 werden dürfte, und dann wird uns der noch verstimmt!
3091 1534 4861 1686 Lieber wär es mir also, Sie unterliessen die aussichtsloß
3091 1677 4783 1810 Anfrage; wollen sie es doch thun, so mits st ich Sie sehr
3095 1781 4799 1910 bitten, zu betonen, dass Sie ohne mich vorgehen, und mich
3091 1904 4788 2046 gegebenen Falls in die Lage zu versetzen, dem R. zu sa-
3089 1997 4841 2157 gen, dass Sie auf eigene Faust gehandelt haben - das hal-
3102 2124 4839 2286 te ich auch in Ihrem resp. im Interesse des Stückes für
3102 2275 3611 2404 absolut nöthig.
3316 2364 4788 2506 Im Uebrigen kann ich nur wiederholen, dass sich
3109 2506 4757 2615 auch Stimmen für R. regen und dass zu hoffen ist, er
3113 2597 4901 2780 werde sich bessern.-Was glauben Sie denn, sollte R.bestim-
3115 2737 4888 2878 men, Ja zu sagen, da ihm die Rolle einmal gegen den Strich
3118 2844 4801 3000 geht? Um Ihrer schönen Augen wille n wird er es leider
3115 2955 4808 3102 nicht thun. Also nochmals: ich warne, und wasche meine
