<?xml version="1.0" encoding="UTF-8" standalone="yes"?>
<PcGts xmlns="http://schema.primaresearch.org/PAGE/gts/pagecontent/2013-07-15" xmlns:xsi="http://www.w3.org/2001/XMLSchema-instance" xsi:schemaLocation="http://schema.primaresearch.org/PAGE/gts/pagecontent/2013-07-15 http://schema.primaresearch.org/PAGE/gts/pagecontent/2013-07-15/pagecontent.xsd">
    <Metadata>
        <Creator>prov=READ-COOP:name=TrHtr:version=2.1.0:model_id=51170:date=26_07_2023_01:58</Creator>
        <Created>2023-05-02T07:44:57.551+02:00</Created>
        <LastChange>2023-07-26T01:58:33.549+02:00</LastChange>
        <TranskribusMetadata docId="1416706" pageId="54951001" pageNr="173" tsid="130870714" status="IN_PROGRESS" userId="64420" imgUrl="https://files.transkribus.eu/Get?id=BNMLHOUZFMCWFYTVVHSATVZJ&amp;fileType=view" xmlUrl="https://files.transkribus.eu/Get?id=KKUZEYPANGBCNNQCCUYEQAHO" imageId="44454727"/>
    </Metadata>
    <Page imageFilename="1416706_0173.jpg" imageWidth="5036" imageHeight="4153">
        <ReadingOrder>
            <OrderedGroup id="ro_1711829350839" caption="Regions reading order">
                <RegionRefIndexed index="0" regionRef="tr_2"/>
                <RegionRefIndexed index="1" regionRef="tr_1"/>
            </OrderedGroup>
        </ReadingOrder>
        <TextRegion id="tr_2" custom="readingOrder {index:0;}">
            <Coords points="286,922 2112,922 2112,2898 286,2898"/>
            <TextLine id="tr_2_tl_1" custom="readingOrder {index:0;}">
                <Coords points="830,985 903,1012 1137,1005 1436,1069 1727,1050 1838,1007 1835,948 1747,923 1654,957 1522,932 1273,966 828,921"/>
                <Baseline points="841,972 930,978 1020,990 1109,1002 1199,1008 1288,1008 1378,1008 1467,1008 1557,1002 1646,996 1736,990 1825,996 1843,990"/>
                <TextEquiv>
                    <Unicode>147 Berlin,6.Jänner 1904.</Unicode>
                </TextEquiv>
            </TextLine>
            <TextLine id="tr_2_tl_2" custom="readingOrder {index:1;}">
                <Coords points="572,1162 1114,1177 1295,1139 1409,1184 1413,1073 1268,1094 1166,1064 994,1105 830,1073 769,1105 574,1107"/>
                <Baseline points="584,1145 608,1151 698,1145 787,1145 877,1139 966,1139 1056,1133 1145,1133 1235,1127 1324,1127 1414,1115"/>
                <TextEquiv>
                    <Unicode>Herrn Dr.Arthur Schnitzler</Unicode>
                </TextEquiv>
            </TextLine>
            <TextLine id="tr_2_tl_3" custom="readingOrder {index:2;}">
                <Coords points="1395,1200 1429,1191 1500,1202 1540,1182 1615,1198 1645,1182 1747,1198 1749,1116 1724,1128 1697,1112 1670,1128 1543,1094 1516,1112 1466,1084 1427,1105 1398,1091"/>
                <Baseline points="1408,1187 1485,1175 1575,1175 1664,1175 1754,1175"/>
                <TextEquiv>
                    <Unicode>Wien XVIII.</Unicode>
                </TextEquiv>
            </TextLine>
            <TextLine id="tr_2_tl_4" custom="readingOrder {index:3;}">
                <Coords points="1323,1282 1359,1261 1434,1266 1472,1289 1520,1261 1556,1280 1622,1243 1647,1264 1658,1252 1765,1257 1783,1241 1808,1246 1810,1209 1758,1175 1720,1202 1679,1184 1579,1191 1559,1207 1531,1191 1500,1205 1395,1184 1325,1207"/>
                <Baseline points="1336,1253 1366,1247 1455,1241 1545,1241 1634,1235 1724,1235 1813,1235"/>
                <TextEquiv>
                    <Unicode>Spöttelgasse 7.</Unicode>
                </TextEquiv>
            </TextLine>
            <TextLine id="tr_2_tl_5" custom="readingOrder {index:4;}">
                <Coords points="724,1409 978,1382 1055,1402 1164,1364 1289,1395 1318,1368 1543,1377 1565,1300 1284,1327 1125,1307 1046,1332 907,1302 728,1311"/>
                <Baseline points="739,1378 763,1378 853,1378 942,1372 1032,1366 1121,1366 1211,1360 1300,1354 1390,1354 1479,1354 1569,1348"/>
                <TextEquiv>
                    <Unicode>Sehr geehrter Herr Doktor!</Unicode>
                </TextEquiv>
            </TextLine>
            <TextLine id="tr_2_tl_6" custom="readingOrder {index:5;}">
                <Coords points="710,1511 1679,1509 1940,1481 1992,1463 1994,1409 712,1443"/>
                <Baseline points="722,1503 745,1497 835,1497 924,1491 1014,1485 1103,1485 1193,1479 1282,1479 1372,1473 1461,1473 1551,1473 1640,1473 1730,1467 1819,1461 1909,1461 1998,1461"/>
                <TextEquiv>
                    <Unicode>Beigehend übersenden wir Ihnen den Gegen-</Unicode>
                </TextEquiv>
            </TextLine>
            <TextLine id="tr_2_tl_7" custom="readingOrder {index:6;}">
                <Coords points="275,1629 1273,1654 2010,1604 2012,1534 277,1584"/>
                <Baseline points="286,1628 316,1628 405,1623 495,1623 584,1623 674,1623 763,1617 853,1611 942,1611 1032,1605 1121,1605 1211,1599 1300,1599 1390,1593 1479,1593 1569,1587 1658,1587 1748,1581 1837,1581 1927,1575 2016,1575"/>
                <TextEquiv>
                    <Unicode>vertrag über „Der einsame Weg“. Gleichzeitig teilen wir</Unicode>
                </TextEquiv>
            </TextLine>
            <TextLine id="tr_2_tl_8" custom="readingOrder {index:7;}">
                <Coords points="286,1761 1423,1756 1974,1711 2012,1649 796,1699 288,1658"/>
                <Baseline points="298,1748 316,1748 405,1748 495,1742 584,1742 674,1736 763,1736 853,1730 942,1730 1032,1724 1121,1724 1211,1718 1300,1718 1390,1712 1479,1712 1569,1706 1658,1706 1748,1706 1837,1700 1927,1694 2016,1694"/>
                <TextEquiv>
                    <Unicode>Ihnen ergebenst mit, dass wir von der nächsten Spielzeit</Unicode>
                </TextEquiv>
            </TextLine>
            <TextLine id="tr_2_tl_9" custom="readingOrder {index:8;}">
                <Coords points="290,1876 1484,1879 1804,1813 2049,1835 2087,1751 1289,1810 293,1779"/>
                <Baseline points="304,1867 393,1861 483,1855 572,1855 662,1855 751,1849 841,1849 930,1843 1020,1843 1109,1837 1199,1837 1288,1831 1378,1831 1467,1825 1557,1825 1646,1819 1736,1819 1825,1813 1915,1813 2004,1807 2094,1807"/>
                <TextEquiv>
                    <Unicode>ab für das Tessing-Theater auch auf Liebelei und Literatur</Unicode>
                </TextEquiv>
            </TextLine>
            <TextLine id="tr_2_tl_10" custom="readingOrder {index:9;}">
                <Coords points="286,1996 1695,1972 2040,1951 2042,1894 288,1906"/>
                <Baseline points="298,1981 346,1981 435,1975 525,1975 614,1969 704,1969 793,1963 883,1963 972,1963 1062,1957 1151,1951 1241,1951 1330,1951 1420,1945 1509,1939 1599,1939 1688,1933 1778,1933 1867,1927 1957,1927 2046,1927"/>
                <TextEquiv>
                    <Unicode>reflektieren und ersucht Sie Herr Dr.Brahm freundlichst,</Unicode>
                </TextEquiv>
            </TextLine>
            <TextLine id="tr_2_tl_11" custom="readingOrder {index:10;}">
                <Coords points="304,2092 953,2119 1230,2060 1992,2060 2105,2035 2105,1983 306,2040"/>
                <Baseline points="316,2088 322,2082 411,2082 501,2076 590,2070 680,2070 769,2064 859,2064 948,2058 1038,2058 1127,2058 1217,2052 1306,2046 1396,2046 1485,2040 1575,2034 1664,2034 1754,2034 1843,2028 1933,2022 2022,2022 2112,2022"/>
                <TextEquiv>
                    <Unicode>sich damit einverstanden zu erklären, dass der Vertrag über</Unicode>
                </TextEquiv>
            </TextLine>
            <TextLine id="tr_2_tl_12" custom="readingOrder {index:11;}">
                <Coords points="297,2221 2101,2171 2105,2094 780,2155 302,2114"/>
                <Baseline points="310,2201 316,2201 405,2195 495,2189 584,2189 674,2189 763,2183 853,2183 942,2177 1032,2171 1121,2171 1211,2166 1300,2166 1390,2160 1479,2160 1569,2154 1658,2154 1748,2148 1837,2142 1927,2142 2016,2136 2106,2136"/>
                <TextEquiv>
                    <Unicode>Liebelei in allen seinen Teilen auch für das Lessing-Thea-</Unicode>
                </TextEquiv>
            </TextLine>
            <TextLine id="tr_2_tl_13" custom="readingOrder {index:12;}">
                <Coords points="297,2325 1159,2341 2019,2287 2058,2232 299,2253"/>
                <Baseline points="310,2309 358,2315 447,2309 537,2309 626,2303 716,2303 805,2297 895,2297 984,2297 1074,2291 1163,2285 1253,2285 1342,2279 1432,2279 1521,2273 1611,2273 1700,2267 1790,2267 1879,2261 1969,2255 2058,2255"/>
                <TextEquiv>
                    <Unicode>ter (Direktion Brahm) in Gültigkeit bleibt und dem Les-</Unicode>
                </TextEquiv>
            </TextLine>
            <TextLine id="tr_2_tl_14" custom="readingOrder {index:13;}">
                <Coords points="304,2455 2028,2405 2108,2394 2110,2323 306,2369"/>
                <Baseline points="316,2428 322,2434 411,2428 501,2428 590,2422 680,2416 769,2416 859,2416 948,2410 1038,2404 1127,2404 1217,2404 1306,2398 1396,2392 1485,2392 1575,2386 1664,2386 1754,2380 1843,2380 1933,2374 2022,2374 2112,2374"/>
                <TextEquiv>
                    <Unicode>sing-Theater auch das alleinige Aufführungsrecht von Lite-</Unicode>
                </TextEquiv>
            </TextLine>
            <TextLine id="tr_2_tl_15" custom="readingOrder {index:14;}">
                <Coords points="297,2561 576,2602 683,2552 1141,2573 1305,2523 1511,2530 1536,2471 299,2489"/>
                <Baseline points="310,2547 375,2547 465,2547 554,2547 644,2541 733,2535 823,2535 912,2529 1002,2529 1091,2524 1181,2518 1270,2518 1360,2512 1449,2512 1539,2512"/>
                <TextEquiv>
                    <Unicode>ratur gegen 2g Tantieme gewahrt bleibt.</Unicode>
                </TextEquiv>
            </TextLine>
            <TextLine id="tr_2_tl_16" custom="readingOrder {index:15;}">
                <Coords points="864,2679 953,2693 991,2670 1073,2664 1123,2682 1252,2661 1348,2675 1388,2664 1391,2584 1320,2575 1286,2598 1234,2582 1141,2598 1075,2582 964,2611 867,2605"/>
                <Baseline points="877,2649 948,2643 1038,2643 1127,2637 1217,2637 1306,2631 1396,2631"/>
                <TextEquiv>
                    <Unicode>Hochachtungsvoll</Unicode>
                </TextEquiv>
            </TextLine>
            <TextLine id="tr_2_tl_17" custom="readingOrder {index:16;}">
                <Coords points="1055,2795 1425,2804 1599,2747 1897,2761 1928,2754 1931,2693 1740,2664 1629,2704 1559,2684 1481,2707 1398,2691 1350,2720 1250,2695 1057,2713"/>
                <Baseline points="1068,2768 1127,2756 1217,2756 1306,2750 1396,2750 1485,2750 1575,2744 1664,2738 1754,2738 1843,2732 1933,2738"/>
                <TextEquiv>
                    <Unicode>Deutsches Theater zu Berlin</Unicode>
                </TextEquiv>
            </TextLine>
            <TextLine id="tr_2_tl_18" custom="readingOrder {index:17;}">
                <Coords points="876,2936 957,2938 980,2915 1021,2927 1048,2906 1166,2929 1314,2906 1452,2945 1457,2834 1205,2804 1094,2836 1016,2818 878,2829"/>
                <Baseline points="889,2888 924,2888 1014,2882 1103,2876 1193,2870 1282,2870 1372,2870 1461,2864"/>
                <TextEquiv>
                    <Unicode>i.A.Ad.Mewes, Secr.</Unicode>
                </TextEquiv>
            </TextLine>
        </TextRegion>
        <TextRegion id="tr_1" custom="readingOrder {index:1;}">
            <Coords points="2834,504 4707,504 4707,3047 2834,3047"/>
            <TextLine id="tr_1_tl_1" custom="readingOrder {index:0;}">
                <Coords points="4152,563 4170,572 4193,558 4209,567 4227,560 4340,617 4365,610 4370,445 4349,442 4340,451 4324,438 4279,445 4263,433 4224,461 4199,456 4177,472 4156,465"/>
                <Baseline points="4164,560 4194,560 4284,554 4373,554"/>
                <TextEquiv>
                    <Unicode>N:o 11</Unicode>
                </TextEquiv>
            </TextLine>
            <TextLine id="tr_1_tl_2" custom="readingOrder {index:1;}">
                <Coords points="3805,1046 4041,1046 4093,1075 4156,1050 4336,1046 4404,1073 4528,1055 4526,969 4392,955 4358,978 4240,982 4174,964 4041,996 3925,953 3889,978 3802,980"/>
                <Baseline points="3818,1026 3908,1032 3997,1032 4087,1032 4176,1032 4266,1032 4355,1038 4445,1038 4534,1044"/>
                <TextEquiv>
                    <Unicode>Berlin, 12. Jänner 1904.</Unicode>
                </TextEquiv>
            </TextLine>
            <TextLine id="tr_1_tl_3" custom="readingOrder {index:2;}">
                <Coords points="3269,1171 4095,1175 4118,1168 4118,1098 3564,1082 3471,1116 3321,1073 3267,1089"/>
                <Baseline points="3281,1133 3371,1139 3460,1139 3550,1139 3639,1145 3729,1145 3818,1145 3908,1145 3997,1151 4087,1151 4123,1151"/>
                <TextEquiv>
                    <Unicode>Herrn Dr. Arthur Schnitzler</Unicode>
                </TextEquiv>
            </TextLine>
            <TextLine id="tr_1_tl_4" custom="readingOrder {index:3;}">
                <Coords points="3546,1289 4385,1305 4383,1225 3544,1218"/>
                <Baseline points="3556,1259 3645,1259 3735,1264 3824,1264 3914,1270 4003,1270 4093,1270 4182,1270 4272,1270 4361,1276 4391,1276"/>
                <TextEquiv>
                    <Unicode>Wien XVIII.Spöttelgasse 7.</Unicode>
                </TextEquiv>
            </TextLine>
            <TextLine id="tr_1_tl_5" custom="readingOrder {index:4;}">
                <Coords points="3424,1461 4256,1470 4254,1395 3424,1395"/>
                <Baseline points="3436,1432 3526,1432 3615,1438 3705,1438 3794,1438 3884,1444 3973,1444 4063,1444 4153,1444 4242,1444 4260,1449"/>
                <TextEquiv>
                    <Unicode>Sehr geehrter Herr Doktor!</Unicode>
                </TextEquiv>
            </TextLine>
            <TextLine id="tr_1_tl_6" custom="readingOrder {index:5;}">
                <Coords points="3321,1631 4669,1654 4703,1593 3319,1547"/>
                <Baseline points="3335,1611 3425,1605 3514,1611 3604,1611 3693,1617 3783,1617 3872,1617 3962,1617 4051,1623 4141,1623 4230,1623 4320,1628 4409,1628 4499,1634 4588,1634 4678,1634 4707,1640"/>
                <TextEquiv>
                    <Unicode>Die Mitteilung über die Tantième für „Liebe-</Unicode>
                </TextEquiv>
            </TextLine>
            <TextLine id="tr_1_tl_7" custom="readingOrder {index:6;}">
                <Coords points="2859,1731 4587,1781 4524,1692 2859,1658"/>
                <Baseline points="2870,1718 2959,1712 3049,1712 3138,1718 3228,1724 3317,1724 3407,1724 3496,1724 3586,1730 3675,1730 3765,1730 3854,1736 3944,1736 4033,1736 4123,1736 4212,1742 4302,1742 4391,1748 4481,1748 4570,1754 4594,1760"/>
                <TextEquiv>
                    <Unicode>lei" und „Literatur“ kann nur auf ein Versehen beruhen.</Unicode>
                </TextEquiv>
            </TextLine>
            <TextLine id="tr_1_tl_8" custom="readingOrder {index:7;}">
                <Coords points="2852,1856 4558,1894 4624,1881 4624,1813 2850,1783"/>
                <Baseline points="2864,1837 2953,1837 3043,1837 3132,1843 3222,1843 3311,1843 3401,1843 3490,1843 3580,1849 3669,1849 3759,1849 3848,1855 3938,1855 4027,1855 4117,1855 4206,1861 4296,1861 4385,1867 4475,1867 4564,1867 4630,1873"/>
                <TextEquiv>
                    <Unicode>Ich bin gern bereit, Ihnen für die beiden Stücke zusammen</Unicode>
                </TextEquiv>
            </TextLine>
            <TextLine id="tr_1_tl_9" custom="readingOrder {index:8;}">
                <Coords points="2852,1958 4671,2015 4671,1933 4524,1917 3694,1951 2850,1903"/>
                <Baseline points="2864,1951 2953,1951 3043,1951 3132,1951 3222,1957 3311,1957 3401,1963 3490,1963 3580,1963 3669,1969 3759,1969 3848,1969 3938,1969 4027,1975 4117,1975 4206,1981 4296,1981 4385,1981 4475,1986 4564,1986 4654,1986 4678,1992"/>
                <TextEquiv>
                    <Unicode>10% zu bewilligen, verlange auch nicht das ausschliessliche</Unicode>
                </TextEquiv>
            </TextLine>
            <TextLine id="tr_1_tl_10" custom="readingOrder {index:9;}">
                <Coords points="2845,2094 4449,2137 4669,2124 4669,2055 2843,1999"/>
                <Baseline points="2858,2070 2947,2070 3037,2070 3126,2076 3216,2076 3305,2082 3395,2082 3484,2082 3574,2082 3663,2088 3753,2088 3842,2094 3932,2094 4021,2094 4111,2094 4200,2094 4290,2100 4379,2100 4469,2106 4558,2106 4648,2106 4672,2106"/>
                <TextEquiv>
                    <Unicode>Aufführungsrecht für das lessingtheater. Der Grund, weshalb</Unicode>
                </TextEquiv>
            </TextLine>
            <TextLine id="tr_1_tl_11" custom="readingOrder {index:10;}">
                <Coords points="2840,2187 3358,2203 3462,2255 3530,2203 4587,2239 4587,2178 4444,2160 2838,2130"/>
                <Baseline points="2852,2183 2941,2183 3031,2183 3120,2189 3210,2189 3299,2189 3389,2189 3478,2189 3568,2195 3657,2201 3747,2201 3836,2201 3926,2201 4015,2207 4105,2207 4194,2213 4284,2213 4373,2213 4463,2213 4552,2219 4594,2225"/>
                <TextEquiv>
                    <Unicode>ich den Schauspielern den „einsamen Weg“ noch nicht zum</Unicode>
                </TextEquiv>
            </TextLine>
            <TextLine id="tr_1_tl_12" custom="readingOrder {index:11;}">
                <Coords points="2834,2314 4583,2357 4540,2278 2834,2260"/>
                <Baseline points="2846,2303 2935,2297 3025,2303 3114,2309 3204,2309 3293,2309 3383,2309 3472,2315 3562,2321 3651,2321 3741,2321 3830,2321 3920,2321 4009,2321 4099,2327 4188,2327 4278,2333 4367,2333 4457,2339 4546,2339 4588,2345"/>
                <TextEquiv>
                    <Unicode>Lesen gegeben habe, liegt in den unliebsamen Erfahrungen,</Unicode>
                </TextEquiv>
            </TextLine>
            <TextLine id="tr_1_tl_13" custom="readingOrder {index:12;}">
                <Coords points="2845,2421 4603,2475 4601,2425 4261,2384 2845,2375"/>
                <Baseline points="2858,2416 2947,2416 3037,2416 3126,2422 3216,2422 3305,2422 3395,2428 3484,2428 3574,2428 3663,2434 3753,2434 3842,2434 3932,2434 4021,2440 4111,2440 4200,2440 4290,2446 4379,2446 4469,2452 4558,2452 4606,2452"/>
                <TextEquiv>
                    <Unicode>die ich in solchen Fällen nicht blos bei der Presse, son-</Unicode>
                </TextEquiv>
            </TextLine>
            <TextLine id="tr_1_tl_14" custom="readingOrder {index:13;}">
                <Coords points="2840,2550 4608,2595 4574,2502 2838,2484"/>
                <Baseline points="2852,2529 2941,2535 3031,2535 3120,2535 3210,2535 3299,2541 3389,2541 3478,2541 3568,2547 3657,2547 3747,2547 3836,2547 3926,2553 4015,2553 4105,2553 4194,2553 4284,2559 4373,2559 4463,2559 4552,2559 4612,2559"/>
                <TextEquiv>
                    <Unicode>dern auch bei unsern Mitgliedern gemacht habe, die in sol-</Unicode>
                </TextEquiv>
            </TextLine>
            <TextLine id="tr_1_tl_15" custom="readingOrder {index:14;}">
                <Coords points="2843,2654 4637,2691 4572,2611 2840,2607"/>
                <Baseline points="2852,2637 2941,2643 3031,2643 3120,2649 3210,2649 3299,2649 3389,2649 3478,2655 3568,2655 3657,2655 3747,2655 3836,2655 3926,2661 4015,2661 4105,2667 4194,2667 4284,2667 4373,2667 4463,2667 4552,2673 4642,2679 4648,2673"/>
                <TextEquiv>
                    <Unicode>chen Fällen nur zu leicht ihre Vorliebe für bestimmte Rol-</Unicode>
                </TextEquiv>
            </TextLine>
            <TextLine id="tr_1_tl_16" custom="readingOrder {index:15;}">
                <Coords points="2836,2775 4583,2797 4581,2750 4449,2736 2834,2709"/>
                <Baseline points="2846,2762 2935,2762 3025,2762 3114,2762 3204,2768 3293,2768 3383,2768 3472,2774 3562,2774 3651,2774 3741,2774 3830,2780 3920,2780 4009,2780 4099,2780 4188,2786 4278,2786 4367,2786 4457,2792 4546,2792 4588,2786"/>
                <TextEquiv>
                    <Unicode>len geltend zu machen versuchen. So hat auch diesmal so-</Unicode>
                </TextEquiv>
            </TextLine>
            <TextLine id="tr_1_tl_17" custom="readingOrder {index:16;}">
                <Coords points="2822,2909 4624,2922 4621,2863 4304,2847 2820,2836"/>
                <Baseline points="2834,2888 2923,2882 3013,2882 3102,2882 3192,2882 3281,2888 3371,2888 3460,2888 3550,2888 3639,2893 3729,2893 3818,2893 3908,2893 3997,2899 4087,2899 4176,2899 4266,2905 4355,2905 4445,2911 4534,2911 4624,2911 4630,2911"/>
                <TextEquiv>
                    <Unicode>gar schon Fräulein Triesch, die das Stück gelesen hat, eine</Unicode>
                </TextEquiv>
            </TextLine>
            <TextLine id="tr_1_tl_18" custom="readingOrder {index:17;}">
                <Coords points="2822,3008 4615,3054 4612,2988 4422,2961 2822,2949"/>
                <Baseline points="2834,3001 2923,3001 3013,3001 3102,3001 3192,3001 3281,3007 3371,3007 3460,3013 3550,3013 3639,3013 3729,3013 3818,3013 3908,3019 3997,3019 4087,3025 4176,3025 4266,3025 4355,3025 4445,3031 4534,3031 4618,3037"/>
                <TextEquiv>
                    <Unicode>andere Rolle als die ihr zugeteilte zu spielen gewünscht.</Unicode>
                </TextEquiv>
            </TextLine>
        </TextRegion>
    </Page>
</PcGts>
