5037 4040
851 845 1035 989 175
1115 847 1678 1008 Berlin, 4.9.1905.
327 978 1109 1120 stücke selbstverständlich
746 1076 1207 1218 Lieber Freund,
388 1146 600 1233 Le, ehe
290 1133 2019 1347 dass Sie meinen Hamburger Brief so völlig missverstehen
303 1301 2006 1449 konnten, bleibt mir auch nach Ihrer freundlichen Ausein-
310 1416 2021 1571 andersetzung von vorgestern unbegreiflich; und ich muss
297 1530 1999 1707 Sie um die Erlaubnis bitten, es auch fernerhin nicht zu
308 1654 1999 1794 xxn verstehen,wie Sie, ohne meine Antwort abzuwarten, das
316 1761 2025 1897 Stück, das seit zwei Monaten in meinen Händen war, dessen
321 1877 1956 2021 Besetzung wir vielfach besprochen hatten, über dessen
323 1973 1960 2126 Titel wir beraten hatten u.s.w. - wie Sie dieses nun
321 2095 2010 2252 mit so mörderischer Eile mir wieder entziehen konnzen.
552 2220 2021 2361 Deshalb, und aus den Ihnen sonst sch on bekannten
340 2346 1958 2490 Gründen, richtet sich mein Wunsch lebhaft darauf, dass
334 2460 2034 2623 Sie das Stück - wenn sich irgend eine Möglichkeit dazu
351 2593 1971 2719 bietet - von R. zurückziehen und dass das „Zwischen-
351 2717 1975 2831 spiel“, nach diesen Zwischenspiel, sich zu dem Marien-
345 2787 2100 2966 Stück wieder geselle, im Lossing-Theater. In diesem Fäle
364 2935 1940 3084 bleibt mein Angebet von M. 5000 Garantie für beide
3562 829 3726 952 175
4212 910 4459 997 4.9.05.
2789 991 4454 1117 Stücke selbstverständlich bestehen, während im anderen
2800 1104 4437 1242 Falle, ebenso selbstverständlich, mein ausschliesslich
2809 1220 4507 1355 auf der Zweieinigkeit basirendes Hamburg-Berliner Ange-
2809 1325 4561 1467 bot entfällt. - Im übrigen stimme ich Ihrem Stossseufzer
2807 1438 4450 1593 über die Unzweckmässigkeit sich eingebrockt habender
2809 1578 3597 1707 Zwillinge von Herzen zu.
2835 1912 4564 2132 Sollten Sie zu einem Abschluss kommen, so ersuche ich um
2837 2102 4448 2217 sofortige Mitteilung; Zeitungsnachrichten traue ich
2835 2228 4121 2368 nicht besonders wenn sie von R. stammen.
