5032 4088
921 621 1129 735 257
995 720 1185 843 254
1001 769 1647 952 Holgeland, 4.8.1909.
1408 887 1902 1019 Villa Hamburg.
418 979 2157 1171 L.F. Auf meinen Anatol-Brief bin ich noch ohne Antwort.
431 1100 2114 1319 Also haben Sie wohl keine geschrieben? Also schreiben
434 1296 1245 1439 Sie „dieselbe“ wohl bald?
758 1334 2052 1520 Ich wünsche, dass es Ihnen gut geht allen
481 1497 1645 1647 (gleichwie mir) und grüsse herzlich.
1147 1741 1310 1844 O.B.
3411 624 3627 760 257
3415 733 3585 852 255
3757 733 4448 923 Helgeland, 10.8.1909.
3411 896 3898 1039 Lieber Freund,
2919 977 4618 1169 die Mizzi dacht ich mir so besetzt, wie Sie; den Fiaker
2946 1106 4682 1272 spielt vielleicht Stieler, oder Forest? Ich hab das Buch
2952 1231 4618 1413 nicht hier, werde noch nachppüfen in Berlin, wohin ich
2957 1319 4687 1515 in etwa 14 Tagen komme. Ich denke wohl, dass wir mit Miz-
2957 1466 4756 1661 zi schliesenn, es sei denn, dass die Proben anderes lehren.
3129 1569 4664 1752 Mit Anatol wären wir also in Ordnung. Es ist mög-
2961 1703 4633 1880 lich, dass ich die Aufführung Ende November mache, das
2988 1804 4678 1998 wäre also Ihrem Wunsch der Weihnachtszeit nachkommend;
2988 1931 4667 2101 jedenfalls sollen die Stücke zu guter Zeit herauskom-
2993 2029 4723 2222 men. Ich freue mich auf die Vorstellung, begreife nicht,
3015 2137 4685 2333 weshalb man das nicht längst gemacht hat! Den Wechsel
3022 2286 4622 2458 der Weiber in allen 5 Stücken werd ich „im Auge be-
3024 2412 4651 2586 halten“, eine 5. hab ich nicht, doch wär es wohl zu be-
3031 2519 4658 2704 schaffen, ich glaube aber, dass man Triesch oder Wüst
3046 2628 4716 2825 auch je einmal wiederkehren lassen könnte, so ängstli-
3049 2756 4720 2986 che Illusions-Meier sind wir doch nicht, Sie am wenig-
3060 2834 4767 3055 sten (vgl. das lange Gespräch beim Spaziergang einmal).
