5001 4121
1361 394 1668 594 1) 1
1368 782 1927 903 Berlin, 13.9.1901.
1543 877 2000 1016 Luisenplatz 2.
948 986 1694 1123 Lieber Herr Schnitzler,
523 1110 2189 1258 Ihre Stücke habe ich wiederholt und mit vielem Geruss
536 1216 2169 1361 gelesen. Es sind geistreiche Spiele alle drei, vor de-
525 1336 2142 1473 nen die Vielzuvielen im Theater allerdings ziemlich
525 1479 2180 1610 rathlos stehen dürften (wenn sie nicht gar das Gegen-
542 1589 2079 1706 theil bald werden, vielzuwenige).Das soll uns aber
538 1696 2260 1824 nicht abhalten, mit Liebe an die Arbeit der Inscenierung
540 1807 2116 1955 zu gehen. - Nachdem ich die drei kenne (ein viertes
538 1947 2150 2060 wäre nicht übel gewesen, doch wird auch so der Abend
538 2067 2176 2180 voll werden, denke ich) bin ich doch sehr dafür, einen
538 2172 2152 2307 gemeinsamen Titel zu nehmen, also,falls Ihnen nichts
538 2292 2249 2420 noch Besseres einfällt, „Litterauturseelen“ (Litteraten-
547 2418 2178 2538 seelen geht wohl nicht?) Der Sinn der Stückchen wird
549 2536 2182 2643 dem Publikum so hoffentlich rascher deutlich werden.
562 2660 2204 2774 Die Folge erscheint mir am besten so: Lebendige Stun-
568 2774 2204 2885 den,Frau m.d.D.,Litteratur. Das erste ist das richti-
549 2862 2163 3006 ge,ruhigere Eröffnungsstück, um das mir nach der Fr.
562 3006 2133 3130 m.d.D., die so viel lebhafter ist, entschieden bange
3473 403 3917 579 Votre très bien de
4384 823 4665 918 13.9.01.
3023 898 4721 1029 wäre.- In den „Lebend.St“, deren Wirkung wohl zumeist
3031 1020 4673 1143 auf dem Alten beruht, scheint mir das Wort Heinrichs,
3046 1140 4710 1235 dass die Mutter recht hatte, zu sterben, von unnöthiger
3051 1252 4658 1363 argen Härte; würden Sie nicht sagen mögen: dass sie
3046 1357 4714 1507 nicht umsonst gestorben ist, oder: dass ihr Tod einen
3051 1496 4721 1599 Sinn hatte - das werde ich beweisen. Oder etwas Aehn-
3046 1593 4671 1734 liches. Auch verläuft mir der Schlussatz Heinrichs
3055 1730 4686 1852 etwas im Sande eines blossen „Gesprächs“, ein kräfti-
3051 1835 4585 1951 gerer Accent des Abschlusses schiene mir nöthig.
3057 1953 4727 2075 Das gleiche Bedenken, -nur sehr verstärkt,habe ich bei
3055 2073 4635 2204 der „Frau m.d.D." Auch hier scheinen mir die Worte
3068 2176 4673 2328 des Remigio nach dem Tode des Lionardo nicht glück-
3057 2313 4684 2420 lich und einer Retouche fähig, die Sie leicht finden
3076 2401 4761 2538 würden;hauptsächlich aber die letzten Worte der wiede r
3070 2536 4673 2639 Modernisierten finde ich viel zu kurz abgehackt und
3076 2652 4686 2774 bin sicher, dass sie das Publikum in einer vollstän-
3070 2750 4768 2883 digen Verwirrung zurücklassen würden.Was ist los? wir-
3070 2875 4776 3003 de jeder fragen, auch der Einsichtigere - und Ihren Ge-
