2546 4104
919 791 1036 906 16
1129 826 1698 967 Berlin, 11.9.1896.
387 960 1131 1131 Lieber Herr Schnitzler,
394 1094 2128 1235 den Vertrag über „Freiwild“ werden Sie erhalten haben;
400 1241 1979 1352 ich hätte ihn auch ohne Ihre gef. Anregung auf 10%
394 1386 1985 1451 Tantieme ausstellen lassen, denn nun wandeln sie ja
647 1455 893 1531 lichten
398 1477 2098 1613 auf den Höhen theatralischer Berühmtheit und
394 1592 1912 1704 haben Anspruch auf ebensolche Höhe der Perzente.
394 1691 2087 1827 Das Stück hat mir im grossen Ganzen den nämlichen Ein-
396 1819 2104 1959 druck gemacht, wie das erste Mal (Sie haben also nichts
402 1935 2095 2074 verdorben durch Ihr Vorlesen - ein schönes Compliment,
396 2046 2018 2160 nicht wahr?); auch in der Besetzungsfrage denke ich
402 2175 2054 2301 noch ebenso: ich kann mich zu Ihrer Ansicht Karinski-
400 2266 2044 2418 Kainz nicht bekehren, halte Sand für sehr passend und
400 2396 1990 2517 das junge Mädchen können wohl mehrere meiner Damen
402 2515 2015 2658 spielen. Ich habe das Stück gleich zum Ausschreiben
396 2638 2018 2757 gegeben, und werde es dann nochmals,zugleich mit den
409 2751 2044 2883 einzelnen Rollen, gerne durchnehmen; bis dahin möchte
402 2865 2072 3006 ich etwas Definitives über die Besetzung nicht sagen.
