4437 4168
874 836 1547 934 Wien IX.prankgasse 1.
896 908 1240 989 20.Mai 94.
445 1017 1262 1119 Sehr geehrter Herr Doktor,
168 1104 1713 1236 ich erlaube mir Ihnen mein Schauspiel Das Märchen
162 1255 1755 1340 zur event. Aufführung am Deutschen Theater zu über-
162 1359 1842 1498 reichen. Das Stück ist im verflossenen Winter im Deut-
168 1506 1830 1625 schen Volkstheater zu Wien aufgeführt worden; die zwei
170 1619 1806 1713 ersten Akte hatten viel Erfolg;der dritte fiel gänz-
164 1719 1874 1834 lich ab und hat das ganze Stück mitgerissen. Im wesent-
168 1868 1708 1949 lichen hab' ich an diesem Akt, der wohl auf manche
162 1970 1776 2062 Leute peinlich wirken mag, nichts ändern können; doch
162 2104 1776 2185 hab ich technische Veränderungen angebracht, die mög-
153 2206 1734 2334 licherweise von Vorteil für die Bühnenwirkung sein
153 2334 408 2430 werden.-
162 2459 1847 2570 In jedem Falle, verehrtester Herr Doktor, bitte ich Sie:
157 2587 1772 2691 lesen Sie gütigst das Stück - und erinnern Sie sich
157 2687 1676 2827 vielleicht, dass Sie für die männliche Hauptrolle
155 2813 1559 2955 einen wunderbaren Vertreter in Kainz hätten.-
2570 951 2887 1094 (20,5.94).
2557 1085 4219 1211 Einer geneigten Antwort sehe ich mit grossem Interes-
2562 1196 2949 1336 se entgegen.
2923 1308 3455 1436 Hochachtungsvoll
3087 1438 3393 1562 ergebenst
2955 1557 3602 1696 Dr. Arthur Schnitzler
