4929 4168
1594 829 1913 953 (25.6.96.)
463 953 2162 1076 auf dreissig unaufgeführte und auf ein durchgefallenes
469 1073 2044 1200 Stück! Nun ist die stolze Wehmut des Verkanntseins
471 1191 2068 1307 vorbei, und ich muss im schamlosen Lichte des Erfol-
471 1309 2080 1427 ges wandeln. Man sollte eigentlich jede neue Arbeit
465 1438 2091 1549 unter einem neuen Autornamen veröffentlichen dürfen-
465 1577 2080 1688 und ebensowenig wie eine überstandene Strafe sollte
471 1680 1937 1804 einem ein verbüsster Erfolg vorgeworfen werden.
471 1810 2080 1900 Bitte grüssen Sie Ihre Freunde herzlich von mir und
465 1928 2155 2012 seien Sie meiner aufrichtigen und wärmsten Ergebenheit
465 2033 1256 2179 für alle Zeit versichert.
1048 2258 1643 2400 Arthur Schnitzler.
3797 818 4240 988 Wien, 14.9.96.
3145 962 4043 1114 Sehr g ehrter Herr Direktor,
2867 1097 4538 1215 da durch ein verzeihliches Missverstehen Ihrer origi-
2867 1204 4538 1348 nellen Schriftzüge Ihr Brief zuerst in die Fruchtgas-
2877 1328 4514 1450 se Nr.1 befördert wurde, wo ein Individuum meines Na-
2873 1433 4544 1568 mens absolut nicht zu erfragen war, bin ich erst heute
2875 1555 4514 1682 in den Besitz Ihres liebenswürdigen Briefes gelangt,
2884 1682 4474 1795 beantworte ihn aber sofort, obwohl er ja eigentlich
2890 1802 3559 1943 keine Fragen enthält.
2895 1907 4534 2048 Ihre Einwendungen gegen die Exposition halte ich für
2888 2023 4527 2177 höchst berechtigt; das ist auch der Teil des Stückes,
2875 2147 4600 2297 mit den ich mich am meisten und doch am vergeblichsten
2882 2280 4527 2406 geplagt habe. Sobald ich etwas herausgestrichen hat-
2888 2387 4544 2505 te, zeigte es sich, dass es auf Kosten der Klarheit ge-
2890 2515 4546 2629 schehen war und sobald ich das Gestrichene dem Wesen
2895 2610 4508 2753 nach resituiert hatte, ergaben sich Längen. Auch der
2901 2715 4544 2884 Ausweg, unent behrliches ev. an eine spätere Stelle zu
2897 2865 4579 2997 verlegen, ist nicht unüberdacht geblieben, aber er hat
2897 2961 4456 3104 mich bisher zu keinem Ziel geführt. Aber ich will
