5025 4122
1057 808 1816 933 Berlin, 4.Dezember 1901,
662 941 1511 1063 Herrn Dr.Arthur Schnitzler
1687 1001 1878 1108 Wien.
847 1123 1696 1213 Sehr Ø ehrter Herr Doctor!
465 1252 2146 1372 Herr Dr.Brahm, der gerade im Begriff war,zu verre is en,
478 1366 2109 1498 als Ihr gefälliges Schreiben ankam, lässt Sie freund-
482 1475 2092 1608 liehst grüssen und bitten,wegen der Ausstattung der
482 1595 2120 1715 „Frau mit dem Dolche“ ausser Sorge zu sein. Die Deco-
478 1728 2187 1852 ration wird ganz Ihrem Wunsch entsprechend hergestellt,
472 1863 2090 1974 nur dass die Bilder nicht auf den Prospekt, sondern
482 1962 2144 2088 besonders gemalt und darauf gehängt werden,was ja nur
478 2071 2139 2193 der Echtheit zu Gute kommt. Von „Frau mit dem polche“
463 2187 2163 2279 und „Lebendigen Stunden“ hat bereits eine Probe statt-
472 2311 2142 2437 gefunden. Die Aufführung der Stücke ist für den 4. Ja-
465 2422 2056 2551 nuar in Aussicht genommen. Wegen Ihrer Besetzungs-
465 2562 2180 2641 frage haben Sie wohl die Freundlichkeit, sich zu gedul-
465 2654 1741 2789 den, bis Herr Dr.Brahm zurückgekehrt ist.
930 2774 1919 2885 Hochachtungsvoll und ergebenst
896 2890 1784 3012 Deutsches Theater z. Berlin
1756 2941 1906 3046 i.A.
1020 2997 1597 3111 Dr. Moriz Ehrlich.
4073 384 4435 562 Votre très-Monsieur, et de la
3477 778 4272 926 Berlin, 12.Dezember 1901.
3023 915 3865 1061 Herrn Dr.Arthur Schnitzler
3951 1035 4142 1151 Wien.
3083 1175 3914 1284 Sehr geehrter Herr Doctor!
2879 1271 4543 1411 Ihrem Zweifel,ob Herr Sauer die nöthige Kraft für Ra-
2877 1406 4577 1522 demacher haben würde, stimmt Herr Dr.Brahm bei,indem er
2870 1531 4596 1629 Sie herzlich grüssen lässt, da eine dringende Angelegen-
2885 1642 4564 1775 heit ihn abberufen hat. Für Rittner konnte er sich je-
2879 1786 4517 1869 doch auch nicht entscheiden, aus Gründen, die er Ihnen
2877 1880 4506 2000 bereits mitgetheilt hat. Er ist deshalb auf die frü-
2879 2013 4493 2105 here Absicht zurückgekommen und hat die Rolle Herrn
2879 2122 4498 2227 Reinhardt übergeben. Den Clemens in der „Litteratur"
2879 2257 4363 2337 wird nach Ihrem Wunsch Herr Bassermann spielen.
3224 2339 4189 2467 Hochachtungsvo 11 und ergebenst
3344 2461 4236 2585 Deutsches Theater zu Berlin
3792 2540 3951 2665 i.A.
3501 2693 4133 2800 Dr. Moriz Ehrlich.
