4822 4025
3348 337 3559 553 1
3114 698 3269 815 49
3414 707 3978 824 XVIII.Spöttelg.7.
1480 744 1815 866 (29.8.05.)
3409 797 3879 890 Wien, 2.9.1905.
203 877 1932 1035 nen Tantiemengarantiebedingungen, und unter der Voraus -
2652 861 4348 1002 Lieber Freund, Ihr voriger Brief machte mir (und nicht
211 1015 1879 1132 setzung, dass Sie, im Fall sich die Reinhardt-Sorma Sa-
2663 1033 4374 1123 nur mir allein) den Eindruck als wenn Sie auf das Auf-
211 1130 1804 1242 che nicht realisiert, auch der Komödie im Spielplan
2672 1148 4361 1244 führungsrecht der Komödie nicht sonderlich viel Werth
220 1247 1361 1385 dieses Jahres ihren Platz einräumen.
2678 1258 4284 1381 legten und es Ihnen hauptsächlich auf Nr. 2 ankäme.
244 1348 1870 1489 - Für Ihre Schlenther-Nachricht danke ich Ihnen herz-
2674 1383 4396 1487 Ihre wie mir schien so ausgesprochene Vorliebe eri eich-
211 1478 1780 1601 lich. Ich denke ihm in den allernächsten Tagen zu
2687 1509 4288 1603 terte mir den Ausweg aus dem bekannten Dilemna und,
2672 1597 4308 1740 da überdies Frau Agnes am Horizont leuchtete, sandte
225 1639 562 1729 schreiben.
211 1711 1786 1846 Für heute nur dies und meine freundschaftlichsten
2694 1764 3520 1866 ich die Kom. an Reinhardt.
2694 1843 4409 1960 Ich kann nun nicht, wie Sie ohneweiters einsehen werden,
231 1868 478 1984 Grüsse.
681 1866 833 2022 Ihr
2687 1960 4363 2095 Reinhardt (der sich so lange um was neues von mir be-
841 2044 1004 2136 A.S.
2702 2099 4357 2207 müht und dessen Theater mir ja nicht ausschliesslich
2705 2205 4440 2319 ein Concurrenzinstitut des Lossingtheaters sondern auch
2705 2346 4436 2443 bei allen mir höchst unverborgenen Mängeln ein interes-
2705 2458 4396 2581 santes künstlerisches Unternehmen bedeutet) - ich kann
2702 2566 4473 2691 Reinhardt die Komödie, die ich ihm eingereicht habe, nicht
2711 2698 4319 2837 einfa ch wieder wegnehmen, wenn er meine Bedingungen
2711 2797 4297 2947 erfüllt. Seine Antwort steht noch aus, aber es ist
2709 2912 4357 3039 kaum zu bezweiflen, dass er auf alles einzugehn sich
