2546 4104
1851 806 2142 946 11.9.96.
421 942 2090 1097 Kinde ich es trotzdem noch möglich, Ihren Wünschen zu
423 1066 2079 1231 mitsprechen, so brauche ich wohl nicht erst zu sagen
438 1202 1455 1355 dass ich das herzlich gern thue!
747 1309 1995 1443 Dass die Riedel besser Sentimentale als
436 1430 2077 1579 Naive wäre, haben wir glaube ich schon erörtert. Ihre
438 1560 2041 1700 Art sich auszudrücken ist nicht gerade „naiv“,viel-
444 1656 2018 1801 mehr recht reif. Die Exposition erschien mir auch
456 1776 2035 1939 diesmal zu lang und - verzeihen Sie - kunstlos: es
459 1893 2090 2058 werden in den ersten 3 Auftritten zu viele Dinge zu-
463 2000 2131 2146 sammengetragen und erörtert,blos zur Orientierung des
454 2148 2125 2276 Zuschauers,und ich meine, hier müsste sowohl alles ir-
461 2253 2090 2387 gend Entbehrliche energisch herausgestrichen werden
469 2370 2054 2498 als auch einiges Unentbehrliche an spätere Stellen
469 2496 2108 2634 versetzt werden, nachdem das eigentliche Stück begon-
475 2582 2110 2734 nen hat. Der Schluss hat - auch der gindruck wieder-
469 2709 2115 2858 holt sich mir - grosse Gefahren und wenn es ein Mit-
484 2820 2100 2958 tel gäbe, die letzten Momente des Losknallens hinter
477 2929 2161 3065 die Scene zu legen, so wäre viel gewonnen. Mein College,
