2546 4104
1071 817 1169 992 16
1565 838 1847 1011 11.9.96.
397 992 2075 1111 der Theaterdirektor des Stück es, würde das gewiss thun
401 1120 2041 1241 und ist überhaupt ein lieber Schneck, der mich wieder
395 1224 2092 1339 bass ergötzt hat.- Die Veränderungen, die Sie vorgenom-
397 1337 2107 1471 men, halte ich a le für gut; und ich freue mich auf den
399 1478 2009 1587 Tag, wo wir das Ganž recht fest und sorgsam auf die
397 1591 2081 1708 Beine stellen werden.- In Bezug auf den Termin können
407 1704 2115 1821 Sie unbesorgt sein, ich werde die gute Zeit,wie vori-
407 1830 1924 1947 ges Mal, besorgen, wenn ich Ihnen auch nicht grade
412 1938 1958 2054 den Vorabend meines Geburtstages mit allen seinen
414 2058 1992 2167 stüssen Consequenzen versprechen will. Wie schmeckt
414 2169 2105 2305 Wien? (Da wir gerade vom Stissen reden) - Wir sind fest
420 2303 2026 2403 in der Arbeit am „Hannele“ und dann stürzen wir uns
420 2408 1555 2523 in den dreimaligen Sudermann hinein.
844 2516 1384 2659 Herzliche Grüsse
1066 2661 1184 2747 Ihr
1194 2715 1471 2800 O. Brahm.
