5157 4104
799 425 974 561 ' 1'
1116 425 1559 589 Toutes qui ne s'est pas
3419 332 3664 563 1
1675 410 1856 583 Votre très
995 721 1748 878 7  Berlin, 6.10.1900.
3672 810 4450 940 Berlin, 12. Februar 1901.
776 838 1525 978 Lieber Herr Schnitzler,
3153 895 3985 1063 Herrn Dr.Arthur Schnitzler
476 946 2118 1112 die Direction des Deutschen Theaters,nämlich ich, hat
3972 1006 4540 1142 Wien IX.Frankg.1.
483 1089 2192 1240 gar keine Erklärung über den „Schleier d.B." abgegeben.
3370 1118 4208 1280 Sehr geehrter Herr Doctor!
476 1225 2073 1325 Wie mir mein Secretär nachträglich erzählt, hat Hr.
3138 1244 4820 1401 Auf Ihre freundliche Einsendung der „Marionetten“ hät-
489 1323 2113 1459 Holzkoch, angeblich im Auftrage des „Lokalanzeigers“,
3143 1388 4790 1501 te ich Ihnen längst geantwortet, wenn ich über den Ih-
500 1431 2167 1580 telephonisch angefragt, ob das Stück von uns abgelehnt
3132 1565 4820 1661 nen zu gebenden Bescheid gleich hätte ins Klara kommen
506 1556 2103 1680 sei, Mewes hat darauf erwiedert,dass ihm prinzipiell
3126 1620 4739 1748 können. Das drollige Stückchen gefiel uns in seiner
506 1656 2137 1792 untersagt sei, über Interne des Theaters Auskünfte zu
3132 1765 4820 1858 Art sehr gut und wir zweifelten nicht daran, dass seine
489 1775 2167 1937 geben; auf die weitere Frage, ob das Stück bei uns zur
3132 1892 4790 2007 harmlose Satire in dieser besonderen Darstellungsform
506 1886 2120 2050 Aufführung kommen werde, hat er gesagt, davon sei ihm
3126 2011 4718 2099 am richtigen Ort und vor dem richtig gestimmten Pu-
500 1994 2156 2169 nichts bekannt. Was Hr.H. aus dieser Mittheilung oder
3119 2131 4778 2216 blikum die beste Wirkung thun würde. Trotz des vielen
512 2111 2199 2267 vielmehr Nichtmittheilung gemacht hat, weiss ich nicht,
3113 2230 4824 2337 Amüsanten, das es enthält, mussten mir aber Ihre eigenen
519 2220 2182 2394 im Lokalanzeiger stand nichts davon, das N.Wr.Tagblatt
3119 2358 4778 2447 Bedenken theilen. So haben wir denn hin und her über-
510 2411 1267 2511 habe ich nicht gesehen.
3113 2462 4748 2598 legt, bis wir nun doch endlich zu dem Ergebnis kommen
1014 2477 1552 2615 Mit bestem Gruss
3113 2592 4727 2711 mussten, dass das liebenswürdige Stückchen leider zu
1924 2594 2105 2696 wider
3113 2717 4701 2802 unserem Zweck nicht passe und dass das Publikum im
1675 2696 1835 2826 O.B.
3119 2819 4767 2919 „Deutschen Theater“ nicht died afür erforderliche Em-
3102 2924 4780 3041 pfänglichkeit haben würde. Mit herzlichem Dank stelle
