4871 4168
1577 882 1852 1005 30.9.96
394 1015 2046 1149 der Tod Karinskis sympathischer sein könnte und dass
411 1134 2061 1265 der Tod Pauls (ich nehme an, dass die Sache bis dahin
411 1263 2070 1383 gut gegangen ist) Widerspruch hervorrufen wird - aber
404 1381 2054 1497 wenn nicht aus andern Gründen - aus dem Grund fällt
415 1499 2110 1603 des Stock nicht, Denn gebe ich dem Stück den in gewis-
417 1626 1923 1736 sem Sinne versöhnenden Abschluss, dass der „Gute"
417 1734 1999 1854 siegt, so wird sich alsbald die Frage erheben, „wozu
417 1857 2085 1977 das ganze? “Wenn Paul einen unbequemen Herrn auf diese
435 1986 2104 2095 Weise wegräumt, so ist die ganze Affaire eine Privatsa-
435 2089 2140 2211 che geworden, und die allgemeine Bedeutung ist versufft.
428 2216 2009 2306 Denn die Leute sollen nicht mit dem Gefühl aus dem
435 2332 2080 2442 Theat er gehen! Wenn mich einer fordert und mich dann
428 2457 2140 2571 bedroht, werd ich ihn einfach umbringen, sondern sie sol-
428 2577 2031 2670 len die Empfindung haben: So stehen die Dinge heute.
428 2706 2067 2794 Wenn einer, der zufällig zu einer privilegierten Men-
441 2803 2089 2913 schenklasse gehört, sich unanständig benimmt und wenn
441 2887 2117 3025 ich ihn dann züchtige, so muss ich mich mit ihm schla-
3993 863 4283 1007 30.9.96.
2812 1024 4541 1142 gen- oder, wenn ichs nicht thue, so hat der nicht nur das
2831 1110 4427 1243 Recht, sondern sogar die Verpflichtung mich niederzu-
2818 1258 4485 1375 Schiessen." Sie wie sen sehr gut, nicht um diesen Effekt
2831 1381 4466 1489 herauszubringen, habe ich das Stück geschrieben - mir
2831 1495 4496 1628 ist die Fabel als solche eingefallen; aber wie ich nun
2835 1613 4365 1721 den Boden untersuche, auf dem sie gewachsen ist, so
2818 1740 4117 1846 stosse ich naturgemäss auf ihre Wurzeln.-
2818 1846 4490 1953 Nun der zweite strittige Punkt.Sie wünschten, dass der
2835 1975 4479 2072 Tod des Paul oder sagen wirder Knall hinter Sze-
2818 2076 4451 2203 ne verlegt wird. Ich halte das für absolut unmöglich-
2831 2205 4520 2334 ich meine künstlerisch unmöglich.Nehmen Sie einmal den
2825 2319 4526 2442 Fall an, es liesse sich machen, dass Paul erdolcht wird;-
2831 2442 4509 2571 Sie wären gewiss nie auf den Einfall gekommen, er soll-
2825 2562 4462 2678 te hinter der Szene erdolcht werden. Ich fragewarum?
2818 2668 4520 2812 warum, warum? Als einzigen Grund können Sie mir angeben:
2818 2782 4485 2921 Es ist dem Publikum unangenehm,wenn auf der Bühne ge-
2818 2913 4462 3050 schossen wird. Würde es sich um einen gemeinen Knall-
