5049 4135
3359 415 3836 573 Mikkeijä, että i sij
3918 428 4094 573 1,1
1086 746 1621 870 Berlin, 2.2.1903.
4111 761 4365 897 2.2.03.
2795 866 4398 975 Hauptrollen habe ich folgendes zu melden. Beatrice
697 948 1423 1086 Lieber Herr Schnitzler,
2808 995 4542 1090 Triesch bleibt. Filippo habe ich - auf den „Armen Hein-
202 995 1958 1199 zunächst meinen eben so verspäteten wie herzlichen Dank
2808 1081 4542 1208 rich" hin - Rittner gegeben, den Sie ja früher auch vor-
200 1183 1891 1325 für Ihre guten Worte bei der Lessing-Th.-Pachtung, und
2808 1208 4584 1332 geschlagen hatten,und der mir nun als der beste, den wir
218 1259 1863 1441 für den Vorschlag; Heine, der sich durch den üblichen
2808 1323 4571 1432 zu versuchen hab en erscheint. Umgekehrt bin ich von Bas-
224 1436 1547 1554 Theaterfrieden ja als unausführbar erwies.
2808 1459 4476 1574 sermann - Herzog immer mehr abgekommen und B. selbst
231 1481 1974 1674 Ihr Lehner ist Ihnen hofe ntlich recht, und Ihr Zusammen-
2819 1581 4567 1667 hat auch erklärt, die Gestalt sei schwer für ihn zu krie-
226 1634 1974 1792 wirken möge - so sagt man ja wohl - schöne Früchte zei -
2806 1681 4589 1792 gen; er scheint auch ein bischen Angst zu haben, nach dem
238 1798 431 1907 tigen!
2813 1814 4542 1907 Guido in „Monna Vanna“ an eine derartige Aufgabe heran-
226 1818 1938 1978 Wir wollen Montag und folgende Tage den „Schleier“ ar-
2813 1949 4547 2022 zugehen, und ich theile sein Bedenken. Um ihn nicht ganz
238 1951 1949 2142 rangieren (hoffentlich wirft er keine Fal ten) und dann
2808 2051 4487 2149 zu verlieren für das Stück, habe ich ihn zum Francesco
238 2065 1918 2236 wohl am folgenden Montag, den 16., mit den Bühnenproben
2826 2160 4529 2256 beredet, dem er glaube ich sehr nützen wird, während ich
238 2178 1940 2367 wiederbeginnen. Tessing meint, dass wir sehr reichliche
2819 2291 4487 2373 für den Herzog nunmehr Hayssler als den besten auser-
244 2289 1998 2498 Proben brauchen, und Sie werden sich, denke ich, damit ein-
2808 2415 4553 2493 kor; dann bleibt Sommerstorff für den Andren. K. hat bei
253 2400 1994 2602 verstanden erklären, dass wir eventuell - da auch dekora-
1654 2513 1829 2582 erste
2819 2537 4549 2620 unserm Publikum sehr guten Credit,repräsentiert gut,was
251 2537 1949 2739 tiv viel Arbeit noch entstehen wird - bis in die März-
2808 2640 4529 2731 er z.B. im Herzog des „Kakadu“ bewies, und was ihm etwa
249 2648 1982 2842 woche,bis zum 7.ca., (ein Sonnabend) mit der Erstauffüh-
2808 2775 4487 2884 für die Rolle noch fehlt, wird durch Studium und Proben
253 2766 1947 2933 rung warten: dann aber bestimmt.- Wann denken Sie her-
2817 2868 4518 2977 zum grossen Theil wie ich hoffe zu erreichen sein.-Die
260 2875 1947 3088 zukommen? Nicht zu spät, bitte.- Für die Besetzung der
2808 2997 4493 3097 kleineren Rollen sind im grossen Gansen geblieben, wie
