5041 4088
1012 847 1927 1024 266 Berlin, 14.2.1910.
740 997 1225 1124 Lieber Freund,
351 1106 2121 1269 es ist wieder einmal alles anders. In Folge dessen komme
351 1229 1996 1390 ich Mittwoch Früh im Imperial an, und esse bei Ihnen,
351 1361 2038 1509 wenn Sie Verwendung für mich haben nämlich, zu Mittag.
351 1451 2148 1632 Auch könnten wir vorher einen Zeitraum plaudern, oder spa-
346 1600 1564 1734 zieren, mit Gesprächen über IIllusionen.
603 1714 1484 1868 Eine Zeile ins J. erbittend
1428 1830 1705 1980 Ihrigst
1690 1962 1839 2110 O.B.
3549 746 3746 910 267
3614 798 4246 970 Berlin, 5. März 1910.
2990 945 3833 1115 Herrn Dr.Arthur Schnitzler
3813 990 4631 1144 Wien XVIII.Spöttelgasse 7.
3185 1138 4030 1285 Sehr geehrter Herr Doctor!
2885 1238 4609 1404 Vom Polizei-Präsidium hab en wir heut die Benachrichti -
2876 1366 4577 1509 gung erhalten, dass das Stück „Anatols Hochzetsmorgen“
2892 1491 4640 1618 bereits durch eine an die Direktion des lessingstheatens
2899 1609 4600 1781 ergangene Verfügung vom 9. März 1899 aus sittenpolizei-
2879 1732 4658 1868 lichen Gründen verboten worden ist." Ehe wir nun wei tere
2899 1857 4642 1987 Schritte tun bitten wir Sie, uns doch erst noch auch die
2892 2000 4620 2114 andere Fassung des Stücks freundlichst zusenden zu wol-
2892 2132 3057 2271 len.
3364 2253 3911 2327 Hochachtungsvoll
3556 2358 4454 2438 Direction d.lessing-Theaters
3610 2521 4168 2680 Herzliche Grüsse.
