5060 4105
1663 745 1998 895 22.1.02.
428 903 2000 1075 nicht allzusehr darum, da es mir für unsere Zwecke
445 1040 2115 1164 doch bedenklich weit erscheint. Mit dem Carl-Th. habe
439 1157 2078 1275 ich schon angeknüpft. Sobald etwas abgemacht ist, er-
454 1290 2058 1405 fahren Sie es. Bitte lassen Sie mir nur ein bischen
458 1398 2128 1511 Zeit, auch wegen der anderen Fragen, es ist alles einge
454 1496 2102 1624 leitet, aber so blitzschnell geht es nicht damit. Für
452 1620 2173 1754 Berlin bleibt es natürlich bei der Verbindung Liebelei-
458 1754 2156 1893 Kakadu. Bassermann komt natürlich mit, hat aber Beden-
471 1841 2173 1982 ken, ob er den Clemens mit seinem Wienerthum in Wien wa-
462 1991 2115 2137 gen kann. Er spielt die Rolle sonst sehr gern,wie er
476 2110 2034 2247 mir sagt, und wenn es ihm auch mit seinem Bedenken
478 2219 2084 2367 zunächst ernst ist, so glaube ich doch,falls Sie es,
489 2319 2143 2460 wie ich annehme, nicht theilen - dass es eine sehr gu-
499 2451 2147 2579 te Wirkung auf ihn machen würde, wenn sie es ihm aus-
499 2564 2128 2708 redet en und ihm sagten wie sehr Sie ihn auch in die-
495 2660 2156 2818 ser Rolle schätzten und für unentbehrlich halten.Aber
499 2805 2245 2936 ein bischen deutlicher als an mich könnten Sie da schon
508 2909 1535 3025 schreiben!- Herzlich grüssend Ihr
1550 2931 1707 3066 O.B.
4175 408 4325 549 Votre
3483 740 3643 871 98
3882 766 4464 944 Berlin, 27.1.1902.
2964 910 3832 1060 Herrn Dr. Arthur Schnitzler
3817 938 4382 1092 Wien IX.Frankg.1.
3294 1068 4132 1255 Sehr geehrter Herr Doktor!
3231 1186 4512 1364 Auf Ihr gefälliges Schreiben vom 24.d.M.
2927 1298 4649 1505 erwidert Ihnen Herr Dr.Brahm eins tweilen nur ergebenst,
2936 1418 4536 1611 dass er gegen eine Vorlesung der letzten Masken zu
2953 1546 4620 1737 einem Wohltätigkeitszweck nichts einzuwenden hat. Den
2946 1659 4677 1854 Gegenvertrag werden Sie wohl inzwischen erhalten haben.
3418 1780 4401 1913 Hochachtungsvoll und ergebenst
3630 1880 4510 2024 Deutsches Theater zu Berlin
3884 2037 4052 2156 i.A.
3698 2130 4303 2271 Dr. Moriz Ehrlich.
