4900 4008
1646 819 1945 925 (5.7.98).
529 936 2108 1045 werden. Wer den Gustav? Reicher dochwohl zu alt?-
527 1065 2143 1185 - Um prinzipielle Beantwortung folgender Fragen bitt
527 1180 2182 1298 ich Sie: Wären Sie gesonnen,- die sonstige Brauchbar-
533 1285 2201 1420 keit der Stücke natürlich vorausgesetzt - im Lauf des
536 1439 2195 1535 Feber wieder was neues von mir zu bringen? Es han delt
527 1533 2138 1670 sich um die drei Einakter. Titel: Paracelsus. Schau-
533 1655 2225 1781 spiel in einem Akt (spielt in Basel, 16. Jahrh.), Die Ge-
529 1796 2273 1886 fährtin, Schauspiel 1 Akt (woden), „Der grüne Kakadif
529 1905 1762 2027 Groteske in 1 Akt (Paris, 14.Juli 1789.)
553 2023 2201 2125 -Ich werde Montag Wien verlassen;Sie werden jederzeit
533 2147 2171 2241 wissen, wo ich bin - im übrigen werden mir die Briefe
549 2273 1402 2384 von hier aus nachgeschickt.
758 2376 1648 2515 Leben sie wohl und vergnügt.
1013 2495 1354 2624 Herzlichst
1444 2652 1616 2776 A.S.
3917 727 4270 827 undatiert.
3484 727 3632 841 20
3310 956 3954 1067 Lieber Doctor Brahm,
2905 1050 4608 1176 reden wir zuerst von etwas andern: nämlich dieser Taxe
2922 1187 4588 1307 wird sich Frau Laska bei Ihnen melden; ihrem Ersuchen
2905 1289 4636 1420 um Empfehlung willfahre ich gern. Sie ist eine angenei-
2905 1404 4516 1535 me Schauspielerin, insbesondere für die Rollen entre
2922 1544 4523 1651 deux ages wird sie, denk ich, sehr gut zu verwenden sein,
2929 1679 4612 1779 hiezu dürfte ihr eine Art von resigniertem Ton zustat-
2929 1807 4677 1903 ten kommen, dessen Eigentümlichkeit mir schon seiner Zeit
2929 1931 4664 2008 auffiel. Wenn ich mir ein Urtheil erlauben darf: im Per-
2916 2008 4610 2125 sonal des deutschen Theaters könnte Frau Laska gut ih-
2931 2134 4610 2243 ren Platz finden; es schadet nichts, wenn die Darstelle-
2916 2267 4560 2369 rinnen älterer Frauen ein bischen Jugend mitbringen.
2929 2380 4632 2487 Mir hat Frau Laske s.Z. ganz besonders in dem vortreff
2927 2487 4577 2622 lichen ersten Akt der „Ueberzähligen“, eines mislunge
2920 2630 4538 2733 nen Stücks von Nordmann,gefallen. Und früher einmal
2927 2757 3909 2874 als Regine in den Gespenstern.-
2944 2842 4616 2985 Die Verordnung, die Sie mir übers Vermächtnis schicken
