5032 4088
1744 615 2025 773 5.121909
1127 615 1308 748 la
987 726 1343 840 259: 260
1134 775 1715 924 Berlin, 5.12.1909.
800 902 1272 1054 Lieber Freund,
459 1020 1853 1149 schönsten Dank für Brief, Medardus, Telegramm.
615 1152 2094 1310 Mit der Mizzi und dero Herrn Sohn steht die Sa-
448 1285 2176 1455 che so: ich habe Philipp dem ebenfalls zurückgekehrten
423 1379 2147 1579 verlorenen Sohn xxx gegeben, der mir in der Arrangir-
430 1517 2141 1651 probe noch keinen greifbaren Eindruck gegeben hat. Fer-
430 1635 2165 1809 ner hat die Rolle ein figürlich geeigneter, netter Junge,
412 1740 2121 1925 Namens Rudoff erhalten, als 2.Besetzung. Wächst sich G.
412 1871 2109 2034 zu etwas Gutem aus, so müsste ich auf Edth. verzichten,
430 1982 2109 2154 schon um den reizbaren Dresden-Herrnskretschener Ver-
417 2125 2176 2274 gnügungsreisenden nicht abermals in die Flucht zu schla¬
419 2228 2127 2390 gen, den ich für das „Konzert“ dringend brauche; glückt
419 2348 2183 2508 ihm's nicht, den Philipp zu performieren, und kann ich ihm
419 2464 2060 2637 mit guter Manier die Rolle abnehmen, so würde ich das
405 2599 2085 2747 Angebot E.'s gern annehmen. Inzwischen bitte ich Sie,
405 2684 2118 2862 ihm und Weisse meinen besten Dank zu sagen. (Ich melde
405 2802 2176 2976 mich natürlich rechtzeitig wieder). Die Premiere soll an
399 2938 2085 3118 23. sein. Nun aber gleich noch was, dass ich Ihnen ohne
4337 621 4591 771 5.121909.
3513 617 3854 811 259 260
2829 760 4604 924 Ihre Anfrage noch nicht geschrieben hätte, da es sich nur
2849 873 4569 1045 um eine Idee handelt, von der ich noch zurückkomme wahr-
2847 996 4575 1165 scheinlich. Bei den Arrangirproben wollte es uns schei-
2849 1094 4493 1274 nen, als ob Mizzi hinter dem Konzert schlecht stünde,
2865 1194 4586 1435 ausserdem aber, wenn wir uns nicht irren, als ob die Vor-
2869 1319 4582 1555 stellung beider Stücke den Abend übermässig ausdehnte.
2871 1446 4506 1646 Sollte sich nun dies bestätigen und aus dem Studium
2891 1568 4642 1766 der ersten Erwägungen zu dem definitiven Wunsche führen,
2896 1666 4595 1880 das „Konzert" allein laufen zu lassen - was würden Sie
2898 1809 4578 1965 dazu sagen? Erwäge ich Ihre Begeisterung für das „K“,
2909 1893 4593 2074 so muss ich vermuten, Sie sagten nicht nein? Und wären
2902 2007 4696 2214 oventuell auch mit der Aufführung von „Mizzi“ zu späteren
2905 2114 4660 2312 Zeitpunkt einverstanden,wo eine neue standesgemässe Ver-
2927 2239 4633 2424 bindung für die Dame gefunden werden müsste, sei's auch
2938 2341 4678 2553 ev, erst in der nächsten Saison? Die vielberegte Tantiä-
2934 2461 4649 2653 men-Garantie würde es Ihnen hoffentlich erleichtern, zu-
2931 2597 4638 2773 zustimmen. Jedenfalls bitte ich um ein Wort von Ihnen,
2951 2702 4678 2934 das mich wundersam berühren möge. (Obgleich,wie gesagt,
2949 2842 4332 3018 dies nur ein Eventual-Vorschlag sein will).
3326 2947 4533 3139 Uff, war das eine Auseinandersetzung! -
