4957 4024
693 822 939 948 der als
369 923 603 998 Brahm.
371 954 1849 1095 tungen übernommen, denen ich mich entziehen
398 1078 1835 1196 wollte. Nein, mein lieber Freund, nicht dass
375 1180 1780 1296 zwei Stücke geschrieben beklage ikh,son-
377 1285 1866 1392 dern dass ich zu ihnen gesprochen, mit Ihnen
371 1382 1877 1483 vorhandelt, als wenn Sie wirklich in anderen
377 1479 1841 1599 Beziehungen zu mir ständen, als der Direk -
390 1586 1877 1689 tor eines grossen Theaters zu einem bekann-
390 1683 1698 1801 ton Autor. Ihr heutiges Telegramm hat
390 1807 1816 1909 mich gelehrt, wenn es überhaupt noch einer
383 1887 1894 2012 Belehrung beÿderfte,wie Sie unser Verhältnis
381 1988 1816 2113 auffassen. Es hat mich, ich will es einge-
392 2111 1894 2212 stehen, und dies sei meine letzte Aufrichtig-
400 2210 1868 2323 keit, beschämt. Sie verweigern mir Antworten
394 2290 1890 2414 auf Fragen vollkommen grundlos. Sie wissen,
394 2406 1807 2515 dass Sie die Komödie längst für Oktober-
400 2517 1835 2631 November angenommen hätten und verweigern
392 2601 1784 2724 mir nun plötzlich die Auskunft,wann Sie
413 2715 1810 2835 sie spielen können. Sie schlagen mir die
400 2802 1873 2953 kleine Garantiesumme ab,mir,gerade mir, als
2903 345 3069 478 1.° 1.
2785 760 3017 859 Brahm
2789 843 4158 969 wenn ich, der ei nzige Ihrer Autoren, kein
2772 944 4299 1062 Recht auf einen Vorzug hätte, den Sie so man-
2783 1060 4270 1171 ehem andern angedeihen lassen,-so hlagen die
2772 1159 4272 1277 Garantie ab,die ich,wie Sie aus jener Stel-
2783 1268 4175 1384 le ersehen haben, als mir zugestanden be-
2789 1357 4272 1466 trachten musste. Es ist ein Mangel an Einex
2772 1460 4293 1548 Entgegenkommen,auf den ich auch in den miss-
2806 1571 4276 1698 trauischsten Stunden nicht gefasst gewesen
2772 1666 4226 1788 bin - und was mich eben am tiefsten herab-
2778 1782 4167 1894 stimmt, ist dies Bewusstsein,das nur mein
2778 1875 4156 1976 Vertrauen zu Ihnen den jetzigen Zustahdd
2760 1965 4181 2090 und meine Enttäuschug ermöglicht hat. Sie
2772 2081 4221 2187 wissen hoffentlich, da s ich unter Enttäu -
2772 2186 4257 2298 sehung nicht die 3000 Mark meine. Vorläufig
2766 2279 4192 2410 kann ich mich noch ein paar Monate gedul-
2760 2387 4150 2498 den und ohne Ihre carantie weiter leben.
2760 2481 4186 2612 Aber es war das erste Mal, dass ich irgend
2766 2581 4175 2700 etwas nicht wie eine Gefälligkeit - nein,
2747 2700 4120 2797 wie etwas, das ich schon wie mir gehörig
2753 2793 4211 2899 betrachtet erbeten hatte - und Sie verwei-
