2490 4103
812 720 934 816 38
1077 722 1893 876 Berlin, 10. September 1898.
399 835 1265 970 Herrn Dr. Arthur Schnitzler
1606 916 1790 1062 Wien.
720 1042 1540 1186 Sehr geehrter Herr Doctor!
399 1160 2064 1277 Besten Dank für die Uebersendung der Bücher vom „Ver-
399 1284 2036 1410 mächtnis"; die noch nöthigen Exemplare haben wir uns
406 1404 1164 1545 von Entsch geben lassen.
707 1506 2051 1643 Zur endgiltigen Besetzung des Stückes habe
410 1630 2079 1777 ich Ihnen mitzutheilen, dass ich nach nochmaliger sorg-
406 1754 1946 1869 samer Ueberlegung die Rolle des Professor Losatti
408 1865 2053 2004 Herrn Reicher zugeteheilt habe. Ich bin der Ueberzeu-
406 1997 2034 2106 gung, dass sich seine Art doch mehr mit dem Wesen der
406 2096 2055 2239 Rolle deckt, dass er sie feiner, diskreter und mehr aus
406 2228 2051 2348 der Wurzel des Charakters heraus gestalten wird,wäh-
399 2329 2057 2470 rend Herr Müller sie vorwiegend auf die komische Wir-
404 2461 2117 2564 kung hin anlegen würde, was der Einheit der Gesammtxx-
389 2566 2108 2707 stimmung nicht vortheilhaft wäre. Ausserdem möchte
399 2698 2100 2809 ich Ihnen aber auch vorschlagen, die Rolle des Ferdinand
395 2788 2049 2935 nicht mit Herrn Sauer, sondern mit herrn Nissen zu be-
395 2912 1959 3042 setzen. Die Wirkung dieser Rolle bedarf einer sehr
