4941 4008
1680 805 2017 893 (15.7.99.)
489 930 2160 1011 von Nikita; doch ohne die letzte Macht. (Oh Baumeister!
486 1046 2182 1129 oh Baumeister).Die Zarkow als Akulina nicht ohne gu-
506 1169 2135 1254 teh Willen zu charakterisieren, aber ins carrikieren
477 1290 1575 1377 gerathend (wie schon als Auguste.)
506 1410 2296 1488 Es wäre noch viel mehr zu sagen,- aber geschrieben ist nun
498 1533 2153 1611 wohl genug! -Jedenfalls kann man sagen:Ihres Geistes
506 1649 1444 1723 hat man einen Hauch verspürt.-
504 1776 2207 1861 Schreiben Sie mir nur nach wien - ich reise dieser Tage
489 1885 2189 1972 nach Velden, weiss aber nicht auf wie lange.An die See?
500 2008 2254 2097 Glaube kaum.-Arbeit? Noch nichts. Aber Sehnsucht darnach.
714 2126 2091 2211 Ich bin wie immer der Ihrige und grüsse Sie
721 2229 1020 2314 herzlich.
1203 2274 1377 2383 A.S.
3858 723 4628 863 Ischl, Pension Petter 99.
2896 875 4532 980 Lieber Herr Brahm, meine Karte aus San Martino haben
2892 993 4599 1102 Sie hoffentlich bekommen. S.M. war der Höhepunkt einer
2898 1113 4521 1212 sehr schönen (grossenthe ils, ja grösstentheils Fuss--)
2885 1218 4550 1343 partie, die ich mit Beer-Hofm. u.Wasserm. zusammen ge-
2885 1372 4605 1453 macht habe. Seit zwei Tagen bin ich wieder hier, dürfte
2898 1473 4625 1584 zwei bis drei Wochen bleiben; Hugo kommt wahrscheinlich
2903 1589 4474 1691 in wenigen Tagen gleichfalls hieher, in die gleiche
2892 1705 4521 1798 Pension, und ich möchte mich gern von seiner Arbeits-
2885 1816 4581 1948 kraft anregen lassen. Im übrigen geht es mit dem Stück
2901 1950 4474 2048 einigermassen vorwärts. Etwas sonderbares dürft es
2892 2048 4467 2158 werden, ob etwas gelungenes, zweifl ich häufig sehr.
2885 2173 4605 2287 In andern Stunden wieder kann ich mirs eher vorstellen.
2885 2305 4612 2410 Was ich Ihnen gleich sagen möchte: Woher nehmen Sie ei-
2892 2425 4592 2535 ne grossartige Schauspielerin,die ein fünfzehnjähriges
2885 2544 4538 2624 ziemlich unglaubliches Geschöpf glaublich darstellen
2883 2608 3066 2682 kann?
2892 2678 4545 2785 känn?- Die Jugend ist noch wichtiger als die Gross-
2898 2778 4592 2903 artigkeit. Eine gewisse geniale Einfalt käme der Rolle
2892 2910 4610 3030 noch mehr zustatten. Auch die zwei grossen Männerrollen
