5037 4151
1215 824 1790 981 Berlin, 21.2.1902.
680 1001 1431 1147 Lieber Herr Schnitzler,
330 1127 1938 1259 ich heisse Sie willkommen und 체berreiche anbei den
330 1237 1991 1390 Probezettel. Die Auff체hrung wird sich leider vor dem
350 1348 1977 1499 7. M채rz nicht herausbringen lassen. Auf gutes Wieder-
332 1466 555 1610 sehen!
1108 1672 1274 1798 O.B.
3950 483 4173 581 II
3413 745 4313 1003 125 Berlin, 22.2.1903.
3278 996 4027 1143 Lieber Herr Schnitzler,
2819 1077 4385 1276 ich will heute Vormittag in den Grunewald, Mittags
2812 1206 4486 1350 esse ich bei Frau Jonas, die Sie freundlichst einladet,
2819 1357 4407 1501 auch zu ihnen zu kommen. Man isst ganz zwanglos um
2801 1442 4558 1593 1/2 3, Schaper Str. 32. Sollten Sie telephonischen Bescheid
2803 1551 4383 1741 dorthin geben wollen: Amt 6.2167. Also hoffentlich
2801 1672 3472 1796 auf Wiedersehen dort.
3253 1794 3793 1932 Herlich gr체ssend
3752 1958 3902 2030 O.B.
