<?xml version="1.0" encoding="UTF-8" standalone="yes"?>
<PcGts xmlns="http://schema.primaresearch.org/PAGE/gts/pagecontent/2013-07-15" xmlns:xsi="http://www.w3.org/2001/XMLSchema-instance" xsi:schemaLocation="http://schema.primaresearch.org/PAGE/gts/pagecontent/2013-07-15 http://schema.primaresearch.org/PAGE/gts/pagecontent/2013-07-15/pagecontent.xsd">
    <Metadata>
        <Creator>prov=READ-COOP:name=TrHtr:version=2.1.0:model_id=51170:date=26_07_2023_01:55</Creator>
        <Created>2023-05-02T07:44:37.996+02:00</Created>
        <LastChange>2023-07-26T01:55:28.349+02:00</LastChange>
        <TranskribusMetadata docId="1416706" pageId="54950620" pageNr="85" tsid="130870235" status="IN_PROGRESS" userId="64420" imgUrl="https://files.transkribus.eu/Get?id=TTUQHQOSVMBNMGHRUIQGBVQM&amp;fileType=view" xmlUrl="https://files.transkribus.eu/Get?id=JNMVOTXGUTZXKAKJNZNUSOCX" imageId="44454346"/>
    </Metadata>
    <Page imageFilename="1416706_0085.jpg" imageWidth="2526" imageHeight="4103">
        <ReadingOrder>
            <OrderedGroup id="ro_1711829282968" caption="Regions reading order">
                <RegionRefIndexed index="0" regionRef="tr_3"/>
                <RegionRefIndexed index="1" regionRef="tr_2"/>
                <RegionRefIndexed index="2" regionRef="tr_1"/>
            </OrderedGroup>
        </ReadingOrder>
        <TextRegion id="tr_3" custom="readingOrder {index:0;}">
            <Coords points="901,2416 1672,2416 1672,2718 901,2718"/>
            <TextLine id="tr_3_tl_1" custom="readingOrder {index:0;}">
                <Coords points="888,2513 1402,2504 1452,2519 1455,2413 1337,2428 1309,2406 1222,2430 1152,2424 1132,2404 1082,2424 1058,2404 991,2421 958,2400 891,2421"/>
                <Baseline points="901,2475 919,2475 964,2472 1009,2472 1054,2472 1098,2472 1143,2472 1188,2472 1233,2469 1278,2466 1322,2466 1367,2466 1412,2466 1457,2466"/>
                <TextEquiv>
                    <Unicode>Herzlich grüssend</Unicode>
                </TextEquiv>
            </TextLine>
            <TextLine id="tr_3_tl_2" custom="readingOrder {index:1;}">
                <Coords points="1422,2652 1448,2654 1455,2648 1483,2652 1492,2643 1494,2646 1531,2628 1529,2513 1483,2513 1470,2502 1461,2508 1448,2506 1437,2517 1420,2515"/>
                <Baseline points="1433,2586 1478,2589 1522,2589 1537,2586"/>
                <TextEquiv>
                    <Unicode>Ihr</Unicode>
                </TextEquiv>
            </TextLine>
            <TextLine id="tr_3_tl_3" custom="readingOrder {index:2;}">
                <Coords points="1518,2763 1544,2759 1561,2768 1579,2750 1642,2781 1668,2774 1664,2633 1648,2630 1616,2652 1596,2643 1581,2661 1544,2650 1513,2661"/>
                <Baseline points="1528,2705 1573,2705 1618,2708 1663,2708 1672,2708"/>
                <TextEquiv>
                    <Unicode>O.B.</Unicode>
                </TextEquiv>
            </TextLine>
        </TextRegion>
        <TextRegion id="tr_2" custom="readingOrder {index:1;}">
            <Coords points="1567,442 2012,442 2012,887 1567,887"/>
            <TextLine id="tr_2_tl_1" custom="readingOrder {index:0;}">
                <Coords points="1860,518 1890,518 1907,536 1925,540 1936,551 1953,547 1964,536 1973,542 1995,525 2005,525 2005,431 1979,431 1951,457 1914,438 1897,440 1875,455 1860,453"/>
                <Baseline points="1872,495 1878,492 1923,498 1967,498 2012,492"/>
                <TextEquiv>
                    <Unicode>II 4, '11</Unicode>
                </TextEquiv>
            </TextLine>
            <TextLine id="tr_2_tl_2" custom="readingOrder {index:1;}">
                <Coords points="1557,566 1609,560 1624,571 1644,573 1637,420 1618,422 1614,427 1603,420 1585,436 1550,438"/>
                <Baseline points="1567,525 1612,531 1648,528"/>
                <TextEquiv>
                    <Unicode>M</Unicode>
                </TextEquiv>
            </TextLine>
            <TextLine id="tr_2_tl_3" custom="readingOrder {index:2;}">
                <Coords points="1716,882 1770,899 1831,891 1873,899 1901,893 1934,901 1951,891 1975,901 2008,897 2008,845 1971,825 1951,830 1918,812 1877,821 1827,795 1777,808 1766,801 1751,814 1716,810"/>
                <Baseline points="1728,874 1773,877 1818,877 1863,877 1908,874 1952,874 1997,874 2012,874"/>
                <TextEquiv>
                    <Unicode>22.12.98.</Unicode>
                </TextEquiv>
            </TextLine>
        </TextRegion>
        <TextRegion id="tr_1" custom="readingOrder {index:2;}">
            <Coords points="409,884 2159,884 2159,2372 409,2372"/>
            <TextLine id="tr_1_tl_1" custom="readingOrder {index:0;}">
                <Coords points="401,969 2101,958 2121,871 1818,904 1609,832 1254,838 1102,908 973,867 401,895"/>
                <Baseline points="412,949 424,949 468,949 513,949 558,949 603,946 647,946 692,946 737,946 782,946 827,946 871,943 916,943 961,943 1006,943 1051,943 1095,943 1140,943 1185,943 1230,943 1275,940 1319,940 1364,940 1409,940 1454,940 1499,940 1543,940 1588,940 1633,937 1678,937 1723,937 1767,937 1812,937 1857,937 1902,934 1946,934 1991,934 2036,934 2081,934 2126,934"/>
                <TextEquiv>
                    <Unicode>kann also den Wassermann, der sich mit der Melusine ei-</Unicode>
                </TextEquiv>
            </TextLine>
            <TextLine id="tr_1_tl_2" custom="readingOrder {index:1;}">
                <Coords points="409,1124 594,1080 1966,1097 2058,1076 2058,1017 409,1032"/>
                <Baseline points="421,1075 450,1072 495,1069 540,1069 585,1066 630,1066 674,1066 719,1066 764,1066 809,1066 854,1063 898,1063 943,1063 988,1063 1033,1063 1078,1063 1122,1060 1167,1063 1212,1063 1257,1060 1301,1060 1346,1060 1391,1060 1436,1057 1481,1060 1525,1057 1570,1060 1615,1057 1660,1060 1705,1057 1749,1057 1794,1057 1839,1057 1884,1057 1929,1057 1973,1057 2018,1057 2063,1063"/>
                <TextEquiv>
                    <Unicode>gelassen hat, wenn ich ihn für das Dt.Thr.nicht geeig-</Unicode>
                </TextEquiv>
            </TextLine>
            <TextLine id="tr_1_tl_3" custom="readingOrder {index:2;}">
                <Coords points="405,1191 614,1232 2058,1209 2045,1113 405,1126"/>
                <Baseline points="418,1185 450,1185 495,1185 540,1185 585,1185 630,1185 674,1182 719,1182 764,1182 809,1182 854,1182 898,1182 943,1182 988,1182 1033,1182 1078,1182 1122,1182 1167,1179 1212,1179 1257,1179 1301,1176 1346,1176 1391,1176 1436,1176 1481,1176 1525,1176 1570,1176 1615,1173 1660,1176 1705,1176 1749,1173 1794,1173 1839,1173 1884,1173 1929,1173 1973,1170 2018,1170 2063,1173"/>
                <TextEquiv>
                    <Unicode>net finde, vielleicht gleich dem Fulda empfehlen, mehr</Unicode>
                </TextEquiv>
            </TextLine>
            <TextLine id="tr_1_tl_4" custom="readingOrder {index:3;}">
                <Coords points="409,1330 1603,1350 1881,1307 2045,1346 2047,1222 409,1267"/>
                <Baseline points="421,1304 438,1301 483,1301 528,1301 573,1301 618,1301 662,1301 707,1298 752,1301 797,1298 842,1298 886,1298 931,1298 976,1298 1021,1298 1066,1298 1110,1298 1155,1295 1200,1295 1245,1295 1290,1295 1334,1295 1379,1295 1424,1295 1469,1295 1513,1293 1558,1295 1603,1293 1648,1293 1693,1290 1737,1290 1782,1290 1827,1290 1872,1293 1917,1290 1961,1290 2006,1290 2051,1290"/>
                <TextEquiv>
                    <Unicode>aber keineswegs. Auch der Termin hängt nur zum Theil</Unicode>
                </TextEquiv>
            </TextLine>
            <TextLine id="tr_1_tl_5" custom="readingOrder {index:4;}">
                <Coords points="405,1442 2156,1450 2158,1341 405,1372"/>
                <Baseline points="418,1421 456,1421 501,1421 546,1421 591,1421 636,1421 680,1421 725,1421 770,1418 815,1418 860,1418 904,1418 949,1418 994,1418 1039,1415 1083,1415 1128,1415 1173,1415 1218,1415 1263,1415 1307,1415 1352,1415 1397,1412 1442,1412 1487,1412 1531,1412 1576,1412 1621,1412 1666,1412 1711,1412 1755,1412 1800,1412 1845,1412 1890,1412 1935,1412 1979,1409 2024,1409 2069,1412 2114,1409 2159,1412"/>
                <TextEquiv>
                    <Unicode>von mir ab, und Sie halten sich daher mit allen Anfragen</Unicode>
                </TextEquiv>
            </TextLine>
            <TextLine id="tr_1_tl_6" custom="readingOrder {index:5;}">
                <Coords points="401,1579 2036,1568 2108,1544 2110,1479 403,1494"/>
                <Baseline points="415,1537 456,1537 501,1534 546,1534 591,1537 636,1537 680,1537 725,1537 770,1537 815,1537 860,1537 904,1537 949,1534 994,1534 1039,1534 1083,1534 1128,1534 1173,1534 1218,1534 1263,1531 1307,1531 1352,1531 1397,1531 1442,1531 1487,1531 1531,1531 1576,1531 1621,1531 1666,1531 1711,1531 1755,1528 1800,1528 1845,1528 1890,1528 1935,1528 1979,1528 2024,1525 2069,1528 2114,1531"/>
                <TextEquiv>
                    <Unicode>besser an F., als an mich. Dass ich Ihrem Interesse da-</Unicode>
                </TextEquiv>
            </TextLine>
            <TextLine id="tr_1_tl_7" custom="readingOrder {index:6;}">
                <Coords points="401,1674 1738,1690 2088,1664 2123,1596 401,1618"/>
                <Baseline points="412,1654 427,1654 471,1657 516,1657 561,1657 606,1657 650,1657 695,1657 740,1657 785,1657 830,1657 874,1657 919,1657 964,1654 1009,1654 1054,1654 1098,1651 1143,1651 1188,1651 1233,1651 1278,1651 1322,1651 1367,1651 1412,1651 1457,1651 1502,1651 1546,1651 1591,1651 1636,1651 1681,1651 1726,1651 1770,1651 1815,1648 1860,1648 1905,1648 1949,1648 1994,1645 2039,1645 2084,1645 2129,1645"/>
                <TextEquiv>
                    <Unicode>rum doch (wenn auch verworren) diene," mögen Sie daraus</Unicode>
                </TextEquiv>
            </TextLine>
            <TextLine id="tr_1_tl_8" custom="readingOrder {index:7;}">
                <Coords points="403,1807 1614,1812 1840,1770 2003,1807 2049,1709 403,1735"/>
                <Baseline points="415,1770 441,1770 486,1773 531,1773 576,1773 621,1773 665,1773 710,1773 755,1770 800,1770 845,1770 889,1770 934,1770 979,1770 1024,1767 1069,1767 1113,1767 1158,1767 1203,1767 1248,1767 1293,1767 1337,1767 1382,1767 1427,1764 1472,1764 1516,1764 1561,1764 1606,1764 1651,1764 1696,1764 1740,1764 1785,1764 1830,1764 1875,1764 1920,1764 1964,1764 2009,1764 2054,1767"/>
                <TextEquiv>
                    <Unicode>ersehen, dass ich, trotz des noch fehlenden Bescheides</Unicode>
                </TextEquiv>
            </TextLine>
            <TextLine id="tr_1_tl_9" custom="readingOrder {index:8;}">
                <Coords points="405,1940 638,1901 2045,1921 2069,1833 405,1857"/>
                <Baseline points="418,1890 459,1890 504,1893 549,1893 594,1893 639,1893 683,1890 728,1890 773,1890 818,1890 863,1890 907,1890 952,1890 997,1890 1042,1890 1086,1887 1131,1890 1176,1890 1221,1887 1266,1887 1310,1887 1355,1890 1400,1887 1445,1887 1490,1887 1534,1884 1579,1884 1624,1884 1669,1884 1714,1884 1758,1884 1803,1884 1848,1884 1893,1884 1938,1884 1982,1881 2027,1881 2072,1878"/>
                <TextEquiv>
                    <Unicode>vom Oberpräsidenten, Fulda den „Gefährtin“-Plan unter-</Unicode>
                </TextEquiv>
            </TextLine>
            <TextLine id="tr_1_tl_10" custom="readingOrder {index:9;}">
                <Coords points="396,2045 775,2034 849,2086 956,2027 2088,2034 2090,1951 398,1953"/>
                <Baseline points="409,2006 435,2009 480,2009 525,2009 570,2009 615,2009 659,2009 704,2006 749,2006 794,2006 839,2006 883,2006 928,2006 973,2006 1018,2006 1063,2006 1107,2006 1152,2003 1197,2003 1242,2003 1287,2003 1331,2003 1376,2003 1421,2003 1466,2003 1511,2000 1555,2000 1600,2000 1645,2000 1690,2000 1734,2000 1779,2003 1824,2003 1869,2003 1914,2003 1958,2000 2003,2000 2048,1997 2093,1997"/>
                <TextEquiv>
                    <Unicode>breitete.- Sobald die höheren Mächte über den „Kakadu“</Unicode>
                </TextEquiv>
            </TextLine>
            <TextLine id="tr_1_tl_11" custom="readingOrder {index:10;}">
                <Coords points="403,2167 1953,2156 2110,2130 2110,2069 403,2088"/>
                <Baseline points="415,2126 456,2126 501,2126 546,2129 591,2126 636,2126 680,2126 725,2126 770,2126 815,2126 860,2126 904,2126 949,2126 994,2126 1039,2123 1083,2126 1128,2123 1173,2123 1218,2123 1263,2123 1307,2123 1352,2123 1397,2120 1442,2120 1487,2120 1531,2120 1576,2120 1621,2120 1666,2120 1711,2120 1755,2120 1800,2123 1845,2123 1890,2123 1935,2120 1979,2120 2024,2120 2069,2117 2114,2117"/>
                <TextEquiv>
                    <Unicode>beschliessen,erfahren Sie es natürlich durch mich: also</Unicode>
                </TextEquiv>
            </TextLine>
            <TextLine id="tr_1_tl_12" custom="readingOrder {index:11;}">
                <Coords points="403,2260 1962,2273 2090,2247 2090,2186 403,2193"/>
                <Baseline points="415,2248 438,2245 483,2245 528,2245 573,2245 618,2245 662,2242 707,2242 752,2242 797,2245 842,2242 886,2242 931,2245 976,2245 1021,2242 1066,2242 1110,2242 1155,2242 1200,2242 1245,2242 1290,2239 1334,2239 1379,2242 1424,2239 1469,2239 1513,2239 1558,2239 1603,2236 1648,2239 1693,2239 1737,2236 1782,2239 1827,2239 1872,2239 1917,2239 1961,2239 2006,2236 2051,2236 2096,2236"/>
                <TextEquiv>
                    <Unicode>der Oberpräsident, das ist mein Ressort; aber der Prä -</Unicode>
                </TextEquiv>
            </TextLine>
            <TextLine id="tr_1_tl_13" custom="readingOrder {index:12;}">
                <Coords points="396,2395 566,2384 666,2417 719,2389 1137,2400 1211,2371 1285,2406 1385,2376 1426,2397 1439,2313 893,2295 758,2326 668,2297 396,2328"/>
                <Baseline points="409,2359 412,2362 456,2362 501,2362 546,2362 591,2362 636,2362 680,2359 725,2359 770,2359 815,2359 860,2359 904,2359 949,2356 994,2356 1039,2359 1083,2359 1128,2359 1173,2356 1218,2356 1263,2353 1307,2353 1352,2350 1397,2350 1442,2353"/>
                <TextEquiv>
                    <Unicode>sident, das ist Ludwig, Uhland Str.</Unicode>
                </TextEquiv>
            </TextLine>
        </TextRegion>
    </Page>
</PcGts>
