<?xml version="1.0" encoding="UTF-8" standalone="yes"?>
<PcGts xmlns="http://schema.primaresearch.org/PAGE/gts/pagecontent/2013-07-15" xmlns:xsi="http://www.w3.org/2001/XMLSchema-instance" xsi:schemaLocation="http://schema.primaresearch.org/PAGE/gts/pagecontent/2013-07-15 http://schema.primaresearch.org/PAGE/gts/pagecontent/2013-07-15/pagecontent.xsd">
    <Metadata>
        <Creator>prov=READ-COOP:name=TrHtr:version=2.1.0:model_id=51170:date=26_07_2023_02:04</Creator>
        <Created>2023-05-02T07:45:39.478+02:00</Created>
        <LastChange>2023-07-26T02:04:19.729+02:00</LastChange>
        <TranskribusMetadata docId="1416706" pageId="54951979" pageNr="395" tsid="130871792" status="IN_PROGRESS" userId="64420" imgUrl="https://files.transkribus.eu/Get?id=ZQEEHJFNTALZLWPBKANFCYEK&amp;fileType=view" xmlUrl="https://files.transkribus.eu/Get?id=DRPAMEFQMBTCMOWPHTFUKUUF" imageId="44455705"/>
    </Metadata>
    <Page imageFilename="1416706_0395.jpg" imageWidth="4957" imageHeight="4024">
        <ReadingOrder>
            <OrderedGroup id="ro_1711829520619" caption="Regions reading order">
                <RegionRefIndexed index="0" regionRef="tr_2"/>
                <RegionRefIndexed index="1" regionRef="tr_1"/>
            </OrderedGroup>
        </ReadingOrder>
        <TextRegion id="tr_2" custom="readingOrder {index:0;}">
            <Coords points="191,696 1880,696 1880,1968 191,1968"/>
            <TextLine id="tr_2_tl_1" custom="readingOrder {index:0;}">
                <Coords points="784,788 828,780 856,801 913,777 940,790 1003,786 1016,796 1109,780 1105,670 1075,678 1016,670 957,699 877,680 828,712 780,708"/>
                <Baseline points="794,746 883,746 973,758 1062,752 1110,752"/>
                <TextEquiv>
                    <Unicode>4xx 5</Unicode>
                </TextEquiv>
            </TextLine>
            <TextLine id="tr_2_tl_2" custom="readingOrder {index:1;}">
                <Coords points="422,801 442,796 454,809 488,822 551,820 560,828 572,826 562,691 543,691 537,699 520,687 509,693 496,689 482,701 446,701 439,695 414,699"/>
                <Baseline points="429,758 519,764 573,770"/>
                <TextEquiv>
                    <Unicode>.</Unicode>
                </TextEquiv>
            </TextLine>
            <TextLine id="tr_2_tl_3" custom="readingOrder {index:2;}">
                <Coords points="703,847 754,849 773,866 801,853 849,868 885,839 906,849 927,841 940,853 976,837 1071,845 1071,796 999,784 940,790 915,777 858,799 794,775 701,786"/>
                <Baseline points="716,823 805,829 895,829 985,829 1074,829"/>
                <TextEquiv>
                    <Unicode>Telegramm.</Unicode>
                </TextEquiv>
            </TextLine>
            <TextLine id="tr_2_tl_4" custom="readingOrder {index:3;}">
                <Coords points="1229,915 1278,936 1308,919 1341,934 1409,917 1460,929 1487,917 1513,925 1559,915 1557,839 1523,847 1494,824 1468,832 1439,811 1411,828 1394,822 1379,837 1352,826 1291,837 1268,822 1257,832 1227,828"/>
                <Baseline points="1241,877 1331,877 1420,877 1510,877 1564,889"/>
                <TextEquiv>
                    <Unicode>9.9.1905.</Unicode>
                </TextEquiv>
            </TextLine>
            <TextLine id="tr_2_tl_5" custom="readingOrder {index:4;}">
                <Coords points="180,1022 543,1010 611,1063 940,1086 1128,1037 1734,1037 1874,1001 1874,934 180,968"/>
                <Baseline points="191,1003 268,1003 358,1003 447,1003 537,1003 626,1003 716,1003 805,1003 895,997 985,1003 1074,1003 1164,1003 1253,1003 1343,997 1432,997 1522,997 1611,997 1701,997 1791,991 1880,991"/>
                <TextEquiv>
                    <Unicode>Dass ich neuerdings Verwechslung ins Auge fasste, dürf-</Unicode>
                </TextEquiv>
            </TextLine>
            <TextLine id="tr_2_tl_6" custom="readingOrder {index:5;}">
                <Coords points="180,1126 401,1198 1012,1200 1485,1128 1834,1147 1859,1054 180,1086"/>
                <Baseline points="191,1122 250,1122 340,1122 429,1122 519,1122 608,1122 698,1122 788,1122 877,1116 967,1116 1056,1116 1146,1122 1235,1116 1325,1116 1414,1116 1504,1116 1594,1116 1683,1116 1773,1116 1862,1116"/>
                <TextEquiv>
                    <Unicode>te Sie umso weniger überraschen, bester Freund, als ich</Unicode>
                </TextEquiv>
            </TextLine>
            <TextLine id="tr_2_tl_7" custom="readingOrder {index:6;}">
                <Coords points="190,1274 539,1255 697,1322 1534,1291 1870,1263 1870,1177 190,1202"/>
                <Baseline points="202,1247 262,1247 352,1241 441,1241 531,1241 620,1241 710,1241 800,1241 889,1241 979,1241 1068,1241 1158,1235 1247,1235 1337,1235 1426,1235 1516,1235 1606,1235 1695,1229 1785,1229 1874,1235"/>
                <TextEquiv>
                    <Unicode>ja, wie Ihnen wohlbekannt, zu jener ersten hauptsächlich</Unicode>
                </TextEquiv>
            </TextLine>
            <TextLine id="tr_2_tl_8" custom="readingOrder {index:7;}">
                <Coords points="196,1369 499,1365 621,1439 845,1392 1785,1394 1772,1291 196,1316"/>
                <Baseline points="208,1367 268,1367 358,1361 447,1361 537,1361 626,1361 716,1361 805,1361 895,1361 985,1355 1074,1355 1164,1355 1253,1355 1343,1355 1432,1355 1522,1355 1611,1355 1701,1349 1791,1355"/>
                <TextEquiv>
                    <Unicode>auf Grund Ihres von mir einverstanden übrigens sehr</Unicode>
                </TextEquiv>
            </TextLine>
            <TextLine id="tr_2_tl_9" custom="readingOrder {index:8;}">
                <Coords points="196,1496 1365,1551 1517,1502 1705,1525 1827,1483 1827,1417 196,1428"/>
                <Baseline points="208,1486 220,1480 310,1480 400,1480 489,1480 579,1480 668,1480 758,1480 847,1480 937,1474 1026,1480 1116,1474 1206,1474 1295,1474 1385,1474 1474,1474 1564,1474 1653,1474 1743,1474 1832,1468"/>
                <TextEquiv>
                    <Unicode>leicht misszuverstehenden Briefes so rasch bereit ge-</Unicode>
                </TextEquiv>
            </TextLine>
            <TextLine id="tr_2_tl_10" custom="readingOrder {index:9;}">
                <Coords points="196,1620 746,1601 828,1654 1147,1654 1420,1605 1791,1625 1836,1559 1295,1519 1156,1570 199,1565"/>
                <Baseline points="208,1600 298,1600 388,1600 477,1600 567,1600 656,1600 746,1600 835,1600 925,1600 1014,1600 1104,1600 1194,1600 1283,1600 1373,1594 1462,1594 1552,1594 1641,1594 1731,1594 1820,1594 1838,1600"/>
                <TextEquiv>
                    <Unicode>wesen wäre. Teile gleichzeitig mit, dass Komödie purg-</Unicode>
                </TextEquiv>
            </TextLine>
            <TextLine id="tr_2_tl_11" custom="readingOrder {index:10;}">
                <Coords points="190,1745 444,1715 708,1794 891,1755 1027,1796 1227,1747 1679,1753 1838,1717 1838,1671 1422,1605 1333,1667 1160,1682 190,1675"/>
                <Baseline points="202,1719 232,1719 322,1719 411,1713 501,1719 591,1713 680,1713 770,1713 859,1713 949,1713 1038,1713 1128,1713 1217,1713 1307,1713 1397,1713 1486,1713 1576,1713 1665,1707 1755,1707 1844,1701"/>
                <TextEquiv>
                    <Unicode>theater Mitte Oktober voraussichtlich keine Witt auf-</Unicode>
                </TextEquiv>
            </TextLine>
            <TextLine id="tr_2_tl_12" custom="readingOrder {index:11;}">
                <Coords points="186,1848 796,1922 1041,1863 1208,1897 1728,1861 1804,1846 1804,1774 357,1783 186,1823"/>
                <Baseline points="197,1844 286,1844 376,1838 465,1838 555,1838 644,1838 734,1838 823,1832 913,1832 1003,1832 1092,1832 1182,1832 1271,1832 1361,1832 1450,1832 1540,1832 1629,1832 1719,1832 1809,1832"/>
                <TextEquiv>
                    <Unicode>geführt wird. Näheres hoffentlich zu unser beiden zu-</Unicode>
                </TextEquiv>
            </TextLine>
            <TextLine id="tr_2_tl_13" custom="readingOrder {index:12;}">
                <Coords points="177,2034 1808,1975 1808,1901 1698,1886 180,1910"/>
                <Baseline points="191,1958 202,1958 292,1958 382,1952 471,1958 561,1958 650,1958 740,1952 829,1952 919,1958 1008,1952 1098,1952 1188,1952 1277,1952 1367,1946 1456,1946 1546,1946 1635,1946 1725,1946 1814,1952"/>
                <TextEquiv>
                    <Unicode>friedenheit folgt baldigst. Viele Grüsse Schnitzher.</Unicode>
                </TextEquiv>
            </TextLine>
        </TextRegion>
        <TextRegion id="tr_1" custom="readingOrder {index:1;}">
            <Coords points="2543,684 4244,684 4244,2374 2543,2374"/>
            <TextLine id="tr_1_tl_1" custom="readingOrder {index:0;}">
                <Coords points="2862,773 2955,771 3078,839 3264,786 3310,820 3456,826 3551,799 3555,663 3365,712 3329,691 3135,701 2989,668 2865,720"/>
                <Baseline points="2877,752 2931,752 3020,758 3110,758 3200,752 3289,752 3379,746 3468,746 3558,734"/>
                <TextEquiv>
                    <Unicode>49 Telegramm. 52</Unicode>
                </TextEquiv>
            </TextLine>
            <TextLine id="tr_1_tl_2" custom="readingOrder {index:1;}">
                <Coords points="3606,790 3665,822 3733,815 3739,824 3775,803 3813,818 3828,805 3870,809 3891,828 3959,818 3961,729 3923,741 3876,727 3857,744 3790,727 3748,739 3714,722 3686,735 3640,706 3608,703"/>
                <Baseline points="3618,788 3695,788 3785,788 3874,782 3964,782"/>
                <TextEquiv>
                    <Unicode>10.9.1905.</Unicode>
                </TextEquiv>
            </TextLine>
            <TextLine id="tr_1_tl_3" custom="readingOrder {index:2;}">
                <Coords points="2531,968 2928,993 3748,923 3876,961 3957,904 4195,946 4200,851 3771,805 3492,864 3034,824 2776,872 2537,828"/>
                <Baseline points="2543,949 2591,949 2680,949 2770,943 2859,937 2949,937 3038,931 3128,931 3218,925 3307,925 3397,919 3486,919 3576,913 3665,907 3755,907 3844,901 3934,895 4023,895 4113,889 4203,889"/>
                <TextEquiv>
                    <Unicode>Sie haben Recht, auch ich will meine Dispositionsfrei-</Unicode>
                </TextEquiv>
            </TextLine>
            <TextLine id="tr_1_tl_4" custom="readingOrder {index:3;}">
                <Coords points="2548,1079 3321,1090 4064,1022 4185,1075 4231,1069 4236,972 2552,972"/>
                <Baseline points="2561,1074 2626,1068 2716,1062 2806,1062 2895,1056 2985,1050 3074,1050 3164,1044 3253,1044 3343,1044 3432,1038 3522,1032 3612,1032 3701,1026 3791,1020 3880,1020 3970,1014 4059,1014 4149,1008 4238,1008"/>
                <TextEquiv>
                    <Unicode>heit fernerhin durch Möglichkeiten nicht stören, daher</Unicode>
                </TextEquiv>
            </TextLine>
            <TextLine id="tr_1_tl_5" custom="readingOrder {index:4;}">
                <Coords points="2543,1191 3107,1215 4098,1145 4164,1181 4233,1153 4238,1079 2546,1109"/>
                <Baseline points="2555,1188 2626,1188 2716,1182 2806,1176 2895,1176 2985,1176 3074,1170 3164,1164 3253,1158 3343,1158 3432,1152 3522,1152 3612,1146 3701,1146 3791,1140 3880,1134 3970,1134 4059,1128 4149,1128 4238,1128"/>
                <TextEquiv>
                    <Unicode>behalte ich jede weitere Unterhandlung über das unvol-</Unicode>
                </TextEquiv>
            </TextLine>
            <TextLine id="tr_1_tl_6" custom="readingOrder {index:5;}">
                <Coords points="2556,1312 4198,1282 4200,1194 2558,1227"/>
                <Baseline points="2567,1301 2591,1307 2680,1301 2770,1295 2859,1295 2949,1289 3038,1283 3128,1283 3218,1277 3307,1277 3397,1271 3486,1271 3576,1271 3665,1265 3755,1259 3844,1253 3934,1253 4023,1247 4113,1247 4203,1247"/>
                <TextEquiv>
                    <Unicode>lendete Drama bis nach Vollendung vor.zur Vermeidung</Unicode>
                </TextEquiv>
            </TextLine>
            <TextLine id="tr_1_tl_7" custom="readingOrder {index:6;}">
                <Coords points="2560,1434 3874,1422 4231,1384 4233,1318 2565,1335"/>
                <Baseline points="2573,1426 2626,1420 2716,1420 2806,1414 2895,1408 2985,1408 3074,1403 3164,1403 3253,1397 3343,1397 3432,1391 3522,1391 3612,1385 3701,1379 3791,1379 3880,1373 3970,1367 4059,1367 4149,1361 4238,1361"/>
                <TextEquiv>
                    <Unicode>von Missverständnissen bemerke, dass Nachbar keine Zei-</Unicode>
                </TextEquiv>
            </TextLine>
            <TextLine id="tr_1_tl_8" custom="readingOrder {index:7;}">
                <Coords points="2565,1559 4140,1532 4185,1519 4187,1430 2569,1464"/>
                <Baseline points="2579,1540 2668,1540 2758,1534 2847,1534 2937,1528 3026,1528 3116,1522 3206,1522 3295,1516 3385,1510 3474,1510 3564,1504 3653,1504 3743,1498 3832,1498 3922,1492 4012,1486 4101,1486 4191,1486"/>
                <TextEquiv>
                    <Unicode>le davon kennt, und keinerlei zusage erhielt.Komödie</Unicode>
                </TextEquiv>
            </TextLine>
            <TextLine id="tr_1_tl_9" custom="readingOrder {index:8;}">
                <Coords points="2558,1675 3963,1654 4219,1633 4221,1570 2562,1572"/>
                <Baseline points="2573,1659 2609,1653 2698,1653 2788,1653 2877,1653 2967,1647 3056,1647 3146,1641 3235,1635 3325,1629 3415,1629 3504,1623 3594,1623 3683,1617 3773,1617 3862,1617 3952,1606 4041,1606 4131,1600 4221,1600"/>
                <TextEquiv>
                    <Unicode>überlasse Ihnen gern, eine ursprüngliche geplante Bas-</Unicode>
                </TextEquiv>
            </TextLine>
            <TextLine id="tr_1_tl_10" custom="readingOrder {index:9;}">
                <Coords points="2573,1785 3648,1791 4191,1745 4193,1684 2575,1690"/>
                <Baseline points="2585,1779 2674,1773 2764,1773 2853,1767 2943,1767 3032,1761 3122,1761 3212,1755 3301,1749 3391,1743 3480,1743 3570,1743 3659,1737 3749,1737 3838,1737 3928,1731 4018,1731 4107,1725 4197,1719"/>
                <TextEquiv>
                    <Unicode>sermann Triesch Ende Oktober November, da Burg allei-</Unicode>
                </TextEquiv>
            </TextLine>
            <TextLine id="tr_1_tl_11" custom="readingOrder {index:10;}">
                <Coords points="2567,1908 2672,1941 3112,1886 3253,1927 3598,1861 4168,1891 4208,1785 2753,1823 2571,1785"/>
                <Baseline points="2579,1898 2597,1898 2686,1898 2776,1892 2865,1892 2955,1880 3044,1880 3134,1880 3223,1874 3313,1868 3403,1868 3492,1862 3582,1862 3671,1862 3761,1856 3850,1850 3940,1850 4029,1844 4119,1844 4209,1844"/>
                <TextEquiv>
                    <Unicode>niges, Erstaufführungsrecht bis 25.Oktober besitzt,</Unicode>
                </TextEquiv>
            </TextLine>
            <TextLine id="tr_1_tl_12" custom="readingOrder {index:11;}">
                <Coords points="2567,2036 3638,1977 3919,2030 4147,1975 4151,1903 2571,1910"/>
                <Baseline points="2579,2011 2632,2011 2722,2011 2812,2006 2901,2006 2991,2000 3080,2000 3170,1994 3259,1988 3349,1988 3438,1982 3528,1976 3618,1976 3707,1976 3797,1970 3886,1970 3976,1964 4065,1964 4155,1964"/>
                <TextEquiv>
                    <Unicode>Premiere 12.plant, Wiener Première in diesem Falle</Unicode>
                </TextEquiv>
            </TextLine>
            <TextLine id="tr_1_tl_13" custom="readingOrder {index:12;}">
                <Coords points="2584,2165 4111,2121 4238,2104 4240,2039 2687,2062 2588,2024"/>
                <Baseline points="2597,2131 2632,2131 2722,2131 2812,2125 2901,2125 2991,2119 3080,2119 3170,2113 3259,2107 3349,2107 3438,2101 3528,2107 3618,2095 3707,2095 3797,2095 3886,2089 3976,2083 4065,2083 4155,2077 4244,2071"/>
                <TextEquiv>
                    <Unicode>vielleicht für uns alle günstige Constellation. Bitte</Unicode>
                </TextEquiv>
            </TextLine>
            <TextLine id="tr_1_tl_14" custom="readingOrder {index:13;}">
                <Coords points="2586,2273 3680,2273 3822,2227 3919,2265 4238,2216 4240,2146 2588,2161"/>
                <Baseline points="2597,2262 2632,2256 2722,2250 2812,2244 2901,2238 2991,2238 3080,2232 3170,2232 3259,2226 3349,2226 3438,2220 3528,2220 3618,2214 3707,2214 3797,2209 3886,2209 3976,2203 4065,2203 4155,2197 4244,2191"/>
                <TextEquiv>
                    <Unicode>gleich Antwort, worauf ich Komödie endgiltig vom Nach-</Unicode>
                </TextEquiv>
            </TextLine>
            <TextLine id="tr_1_tl_15" custom="readingOrder {index:14;}">
                <Coords points="2590,2385 3754,2351 3832,2328 3834,2265 2594,2294"/>
                <Baseline points="2603,2364 2674,2364 2764,2358 2853,2358 2943,2352 3032,2352 3122,2346 3212,2340 3301,2340 3391,2334 3480,2328 3570,2328 3659,2322 3749,2322 3838,2322"/>
                <TextEquiv>
                    <Unicode>bar zurückziehe. Herzlichst Schnitzler.</Unicode>
                </TextEquiv>
            </TextLine>
        </TextRegion>
    </Page>
</PcGts>
