2496 4104
1476 377 1748 546 Votre lettre
1714 780 1999 881 10.9.99.
396 833 2065 1050 September nach Wien, zur Agnes. Vacau steckt noch in
396 953 2044 1163 ungarischen Dörfern. Mir geht es zunächst besser, als
401 1101 2072 1238 in den letzten Moraten, ich hab nur wenig Glauben, dass
409 1181 2110 1360 es vorhält. Immerhin hat der Aufenthalt im Wiener Wall,
416 1313 1999 1468 den Sie mir mit ertragen und versüssen halfen, mich
422 1461 2053 1598 erfrischt und aufgemischt, und Helgeland mit sehr vie-
424 1579 2016 1699 lem Segeln hat meinen Lufthunger verringert. Dazwi-
426 1690 2098 1817 schen fiel eine dumme Episode übrigens von falsch ver-
439 1785 2106 1950 standener Heilmethode, die ich Ihnen gelegentlich münd-
435 1928 2119 2050 lich erzähle; so im Stil jener Vorschrift „vor dem Ge-
433 2023 2100 2207 brauch stark zu schütteln", die der Bauer auf sich be-
443 2222 585 2316 zog.
448 2275 2098 2406 Ihre Spaziergänge mit Beer-Hofmann müssen sehr schön
454 2385 2136 2539 gewesen sein. Wann sind Sie denn so Morgens gewöhnlich
456 2554 1101 2648 aufgebrochen? Um 3?
469 2601 2125 2757 Da Sie kein The aterdirector sind, brauchen Sie mit der
463 2738 2046 2880 Antwort auf diesen Erguss keineswegs zu warten, bis
471 2837 2192 3000 Sie nach Breslau kommen; hoffentlich haben Sie mir recht
486 2931 2145 3057 viel Gutes von sich und das Beste von Ihrer Arbeit zu
486 3014 1491 3141 erzählen! -Herzlich grüssend Ihr
1532 3044 1675 3152 O.B.
