4850 4025
1486 658 1835 865 (14.9.05.)
3881 700 4247 856 (14.9.05.)
241 838 1855 1025 zur Stärke menschlicher Beziehungen bei, wenn nichts,
2669 856 4350 1018 vornherein das Stück des im Vertragsverhältnis befind-
257 959 1901 1115 was diese Beziehungen irgendwie tangiert, unausgespro-
2674 999 4217 1144 lichen Autors lieber ansetzen als das des andern?
248 1106 1888 1229 chen bleibt. Sowohl sie als Hauptmann sind zu diesem
2680 1126 4260 1245 Wird er nicht zum mindesten geneigt sein, das Stück
248 1194 1949 1363 Verhältnis nur zu beglückwünschen, und bei meiner Ihnen
2687 1238 4302 1354 des ersteren bei geringern Einnahmen weiter zu spie-
248 1324 1947 1499 nicht unbekannten Bewunderung und Liebe für H. wird es
2687 1330 4309 1490 len als das des letzteren? Und sollte es also, in ge-
268 1455 1806 1602 Sie nicht wundern wenn ich sage, dass ich an Ihrer
2691 1451 4230 1591 wissen Fällen, dem, sagen wir, unverträglichen Autor
255 1563 1925 1703 Stelle vielleicht ein gleiches Verhältnis eingegangen
2693 1585 4344 1725 nicht gestattet sein, durch Forderung einer Tantiemen-
261 1695 2002 1835 wäre. Der unbetheiligte Autor aber kann sich der folgen-
2693 1703 4456 1835 garantie, seine Chancen denen des verträglichen annähernd
3690 1789 4116 1864 anmassgebliche
266 1800 1896 1978 den Erwägung nicht entziehen. Wird ein Direktor, beim
2693 1826 4309 1971 gleich zu bringen?- Dies meine xxxx xxx Meinung
259 1929 1848 2079 Bestehen eines solchen Vertragsverhältnisses, unter
2698 1954 4201 2109 zu der ganzen Sachlage, die (die Meinung nämlich)
272 2050 1982 2188 sonst gleichen umständen, naturgemäss nicht geneigt sein
2709 2041 4350 2199 vorläufig von rein akademischen Interesse (wenn über-
272 2158 1949 2305 müssen, das Stück des Autors, mit dem er in solchem Ver-
2711 2182 3911 2320 haupt von einem) für Sie sein dürfte.-
283 2267 1883 2445 hältnisse steht, gegenüber dem Stück eines Autors, zu
2750 2314 4390 2441 Ich hatte die Absicht, noch ein bischen wegzufahren,
283 2393 1958 2531 den ein solches Verhältnis nicht vorliegt, zu fördern? -
2711 2428 4399 2535 aber ich weiss nun nicht recht, ob ich noch dazu komme.
292 2496 1960 2684 Ja ist er nicht geradezu, im Interesse des Theaters, da-
2711 2531 4386 2656 Semmering, oder Salzburg. Ich freue mich sehr bald von
283 2612 1934 2807 zu verpflichtet? - Unter sonst gleichen Umständen, be-
2709 2619 4392 2807 Ihnen zu hören. Wird man die fröhlichen Jungfern bald
283 2744 1907 2895 merke ich ausdrücklich.- Wenn also gleiche Einnahms-
2724 2803 4337 2897 lesen können? Morgen liest uns (bei Speidels) Georg,
2722 2854 4408 2972 den ich schon einige Male gesehn, den Spätfrühling vor.
283 2851 1857 3012 möglichkeiten bestehn, wird der Direktor nicht von
2733 2917 4234 3044 Herzlichst, auch mit Grüssen von meiner Frau.-Ihr
4089 2970 4241 3053 A.S.
