4908 4008
1438 719 1790 849 10.1.1902.
1020 749 1171 877 27.
764 866 1353 971 Lieber Herr Brahm,
386 1003 2008 1084 eben war Kadelburg bei mir, mit erneuten Anträgen in
399 1122 2093 1203 Hinsicht auf Kakadu und Lebendige Stunden. Ich glaubte
382 1227 2057 1334 noch nicht berechtigt zu sein, von Ihrem projektierten
382 1357 2055 1442 Gastspiel zu sprechen und habe deswegen meine Antwort
399 1470 1976 1549 hinausgeschoben. Wann werden Sie definitiv mit dem
382 1590 2040 1686 Wiedner Theater abschliessen? Wann wird die Sache öf-
382 1707 2033 1820 fentlichkeitsreif sein? - Kadelburg ersuchte mich zu
382 1846 2076 1931 gleich (ich erfülle hiemit seine Bitte) Ihnen doch na-
399 1952 2102 2057 hezulegen, auf den Vorschlag des Volkstheaters die Weber
386 2019 2048 2136 betreffend einzugehen, sich nämlich mit dem Volksthea-
393 2170 1974 2290 ter in das Aufführungsrecht der Weber sozusagen zu
386 2294 693 2405 theilen.-
376 2411 2010 2537 Schlenther sagte gestern einem Mitarbeiter des M. Wr.
369 2537 2048 2625 Tgbl., weder bei ihm, noch in der Intendanz bestehe die
382 2642 2046 2740 Meinung, dass ich durch die Gustl-Affaire burgtheater-
386 2757 2102 2866 unfähig geworden,- die „leb.St. kenne er leider nicht“.
386 2917 2061 3004 An mich herangetreten ist man von dieser Seite nicht.
3794 350 4248 521 Votre très obéissant avec une remercie
4110 764 4447 915 (10.1.02.)
2861 871 4526 1039 Da aber meiner persönlichen Empfindung nach der erste
2861 1037 4526 1150 Schritt ganz entschieden von drüben geschehen müsste,
2881 1135 4564 1280 ist fürs nächste an eine Wiederaufnahme der Besittungen
2861 1278 4577 1417 nicht zu denken. Ich grüsse Sie herzlich und hoffe bald
2874 1440 3484 1504 von Ihnen zu hören.
