5047 4153
1170 792 1354 972 282
1741 926 2107 1091 10.12.10.
560 1041 2213 1202 jetzt so ausverkauft, wie der Medardus, und ich konnte
560 1154 2184 1315 nicht einmal für den guten Lossen-Liebhaber Jakobus
579 1271 2249 1448 V. ein von ihm gewünschtes Exemplar mehr erschnorren.
560 1390 2052 1551 Glauben sie, dass er dreissig Kronen Adio zahlt?
560 1492 1505 1645 Dann bitte um Drahtnachricht.
1461 1666 1731 1743 Ihrigst
1682 1779 1837 1914 O.B.
3641 780 4287 972 Berlin, 28. 12.1910.
2899 991 4537 1166 Alsdann, mein lieber Freund, da Sie es wiederholt wün-
2911 1122 4466 1267 schen, erkläre ich mich damit einverstanden, D.w.L.
2916 1241 4531 1404 auf die nächste Saison zu verschieben. Nur muss ich
2928 1373 4454 1524 Ihnen gleich sagen, dass der „ca.20.Okt." für uns
2934 1473 4479 1624 nicht passen dirfte: wir sind gewohnt Anfang Okt.
2945 1595 4552 1731 ein möglichst gewichtiges Stück zu geben (z.B. heuer
2953 1703 4527 1862 am 1.Okt. den „Wein") und danach wäre dann der 20.
2959 1827 4608 1975 für ein zweites, ebenso gewichtiges, zu früh. Also ent-
2959 1950 4535 2086 weder - menschlicher Voraussicht nach - kommen das
2957 2057 4581 2234 Burg-Th. und wir zugleich Anfang Okt. heraus; oder
2976 2180 4596 2358 das B.-Th. müsste auf uns warten, sich nach uns rich-
2982 2301 4665 2466 ten; oder endlich Sie lassen uns allein, ev. voranmar-
2989 2416 4585 2569 schieren. Ein Unglück wäre das m.E. nicht; auch für
2993 2475 4619 2684 Sie nicht. Denn dass die Wiener sich ihren Schnitz-
2999 2602 4636 2803 ler nicht verekeln lassen, bewies ja eklatant der Ruf
2993 2732 4659 2924 des Lebens; und D.W.L. ist doch nach unser aller Mei-
3012 2863 4011 3043 nung viel „sicherer“ als jener.
3005 2932 4673 3181 Anatol ging vor Weihnachten natürlich herunter, zu den
