4908 4008
1562 359 1753 524 Votre ami
999 698 1717 853 25 Wien, 5.10.1901.
404 842 2069 995 Lieber Herr Brahm, ich schicke Ihnen hier die letzten
406 965 890 1115 zwei Einakter.
430 1096 2123 1205 Der Ruppenspieler, den ich eine „Studie“ nenne, ist als
417 1218 2119 1337 lever de rideau gedacht. Wenn Sie ihn lesen, denken Sie
430 1330 2093 1461 sich Mitterwurzer als Suppenspieler. Da Sie aber Mit-
417 1461 2142 1573 terwurzer nicht bekommen werden, schlage ich Rittner als
417 1590 1998 1687 Darsteller vor. Ich glaube ihm steht die Fülle des
421 1695 2076 1816 Tons und der innere Humor der Digur am ehesten zu Ge-
430 1811 2076 1947 bote,und viel leicht interessiert es ihn,wieder einmal
430 1921 1968 2054 einen Fünfzigjährigen zu spielen. Vielleicht aber
436 2069 2076 2179 eignet sich Bassermann, den ich ausserordentlich hoch-
417 2159 2024 2299 schätze und noch nicht genau kenne,besser dazu. Den
417 2282 2119 2419 Oboespieler Jagisch Fischer? oder Reinhard. Seine Frau
417 2409 2028 2529 Triesch? oder Dumont? Nun, ich glaube, die Lehmann am
415 2523 670 2656 besten.
415 2630 2129 2765 Die letzten Masken sollen den Abschluss des Abends bil-
430 2772 2074 2899 den. Ich halte es für besser,mit dieserm emsten und
421 2877 1981 3028 wie mir und andern scheint werthvollsten Stück zu
3954 748 4360 881 (5.10.1901.)
2815 870 4521 965 schliessen, als mit dem leichten, allzuleichten „litera-
2828 991 4545 1113 tur“. Es gäbe dem ganzen Abend einen höheren Charakter.
2828 1115 4474 1220 Dazu kommt, dass „die letzten Masken“ nicht ganz ohne
2832 1253 4444 1330 burlesken Einschlag sind, ja dass man sie selbst als
2845 1373 4437 1455 "Tragikomödie" bezeichnen könnte. (Mir ist aber der
2828 1476 4480 1594 Untertitel „Schauspiel“ weil minder prätentiös sympath¬
2828 1601 4487 1698 thischer). Als Carl Rademacher wäre wohl Reinhard zu-
2828 1721 4401 1824 nächst in Betracht zu ziehen. Als der Schauspieler
2832 1841 4487 1958 Florian könnte Rittner sehr merkwürdig sein. Weihgast
2821 1955 4508 2067 ist nicht leicht zu besetzen. Der ideale Weihgast wäre
2815 2080 4437 2166 wohl Hartmann. Bassermann dürfte in Ihrem Hause der
2821 2175 4487 2284 richtigste sein. Halmschlöger vielleicht ziener? oder
2815 2284 4504 2422 Kaysler. Tann Zienner oder aleuhr die Paschanda Poek-
2791 2430 3040 2536 Mitz.-
2815 2531 4446 2675 Somit schien mir als Reihenfolge 1. „Der Ruppenspie-
2819 2679 4527 2774 1er";2. „Die Frau mit dem polch“; 3. Lebendige Stunden”;
2815 2798 4489 2897 4. „Diteratur“;5.„Die letzten Masken“ weitaus am dank-
2804 2905 4527 3034 barsten.Nach dem einfachen wehmütig heitern Ruppenspie
