2532 4103
1786 814 2020 911 1.2.98.
423 873 2079 1003 studierungen an, „Biberpelz" und „Rosmershom“,um dann,
429 1008 2045 1138 wenn die Wuth des Erfolges sich ausgerast hat, gegen
423 1134 2041 1226 Ende März Ihr Stück zu bringen; andernfalls,wenn es
429 1275 1984 1334 zu spät würde, müsste ich es in die nächste Saison
429 1372 2089 1458 schieben. Sind Sie damit einverstanden, und wollen Sie
423 1498 2093 1582 mir überlassen,je nach der Lage der Dinge, das für uns
425 1593 2076 1691 Vortheilhafte zu thun, und den Termin anzusetzen? Den
429 1725 2123 1818 üblichen Vertrag schicke ich Ihnen, sobald ich ihre Zu-
425 1839 884 1965 stimmung habe.
732 1925 2072 2047 Für die Besetzung ist oberste Frage, wie es
433 2062 2066 2133 mit dem Dialekt zu halten ist. Sie waren s.Zt. nicht
429 2171 2041 2253 für selbigen, aber manche Figur würde sicher dadurch
429 2289 2093 2377 gewinnen. Allerdings hätte ich eine ausserordentliche
435 2413 2087 2499 Toni in der Lehmann, die kein österreichisch kann; die
433 2518 2079 2613 Schneider wäre denkbar, aber etwas experiment. Sorgen
433 2651 2074 2754 bereitet mir Lulu noch; im Uebrigen wäre - in dieser
427 2735 2066 2865 Saison - mein Besetzungsvorschlag: Professor Müller;
421 2874 2108 2960 Betti Pöllnitz; Hugo Rittner; Franziska Trenner; Emma
433 2973 2114 3093 Dumont ; Agnes Stagle ; Ferdinand Sauer ; Gustav Reicher.
