2472 4105
1590 800 1865 937 9.10.96.
321 933 1848 1045 die Worte Kohns: „Das Bebé hat doch nix an wie a
323 1011 1937 1162 Hemd" und Scene 18 die Worte Vogels: „Wenn jetzt die
327 1134 1915 1275 vom Theater auch schon anständig sein wollen, kennt
325 1267 1104 1414 man sich gar nimmer aus“.
646 1336 2006 1496 Alles Weitere Wissenwürdige wird Ihnen Herr
347 1473 2091 1622 Dr.Brahm selber mündlich mittheilen, der in den nächsten
340 1601 1572 1737 Tagen nach Wien zu reisen beabsichtigt.
531 1722 1553 1852 Hochachtungsvollst und ergebenst
783 1837 1644 1980 Deutsches Theater zu Berlin
1063 1969 1214 2084 i.A.
881 2075 1429 2208 Dr. Moriz ghrlich.
