<?xml version="1.0" encoding="UTF-8" standalone="yes"?>
<PcGts xmlns="http://schema.primaresearch.org/PAGE/gts/pagecontent/2013-07-15" xmlns:xsi="http://www.w3.org/2001/XMLSchema-instance" xsi:schemaLocation="http://schema.primaresearch.org/PAGE/gts/pagecontent/2013-07-15 http://schema.primaresearch.org/PAGE/gts/pagecontent/2013-07-15/pagecontent.xsd">
    <Metadata>
        <Creator>prov=READ-COOP:name=TrHtr:version=2.1.0:model_id=51170:date=26_07_2023_01:57</Creator>
        <Created>2023-05-02T07:44:47.967+02:00</Created>
        <LastChange>2023-07-26T01:57:58.449+02:00</LastChange>
        <TranskribusMetadata docId="1416706" pageId="54950874" pageNr="143" tsid="130870604" status="IN_PROGRESS" userId="64420" imgUrl="https://files.transkribus.eu/Get?id=ZNXYVAVXVIVUBUTZODGJQYTD&amp;fileType=view" xmlUrl="https://files.transkribus.eu/Get?id=KAPVWPQEVJTUXOVYGYRADVVO" imageId="44454600"/>
    </Metadata>
    <Page imageFilename="1416706_0143.jpg" imageWidth="5019" imageHeight="4136">
        <ReadingOrder>
            <OrderedGroup id="ro_1711829326919" caption="Regions reading order">
                <RegionRefIndexed index="0" regionRef="tr_2"/>
                <RegionRefIndexed index="1" regionRef="tr_1"/>
            </OrderedGroup>
        </ReadingOrder>
        <TextRegion id="tr_2" custom="readingOrder {index:0;}">
            <Coords points="411,839 2088,839 2088,2260 411,2260"/>
            <TextLine id="tr_2_tl_1" custom="readingOrder {index:0;}">
                <Coords points="1565,905 1621,913 1664,903 1753,925 1799,917 1822,928 1834,917 1847,928 1863,923 1861,828 1803,832 1770,849 1720,820 1702,826 1679,813 1650,824 1592,815 1562,822"/>
                <Baseline points="1575,889 1665,895 1754,895 1844,901 1868,895"/>
                <TextEquiv>
                    <Unicode>19.5.02.</Unicode>
                </TextEquiv>
            </TextLine>
            <TextLine id="tr_2_tl_2" custom="readingOrder {index:1;}">
                <Coords points="436,1031 2015,1050 2013,967 1772,944 436,957"/>
                <Baseline points="447,996 537,996 626,996 716,996 805,1002 895,1002 984,1002 1074,1002 1163,1008 1253,1008 1342,1008 1432,1008 1521,1008 1611,1008 1700,1014 1790,1014 1880,1014 1969,1014 2017,1008"/>
                <TextEquiv>
                    <Unicode>er sich noch irgendwo in der Kanzlei verfangen für</Unicode>
                </TextEquiv>
            </TextLine>
            <TextLine id="tr_2_tl_3" custom="readingOrder {index:2;}">
                <Coords points="436,1127 1409,1133 1710,1193 2071,1141 2036,1081 436,1081"/>
                <Baseline points="447,1116 537,1116 626,1116 716,1116 805,1116 895,1122 984,1122 1074,1122 1163,1122 1253,1128 1342,1128 1432,1128 1521,1128 1611,1128 1700,1128 1790,1133 1880,1133 1969,1133 2059,1128 2076,1133"/>
                <TextEquiv>
                    <Unicode>ein paar Stunden, so dass schliesslich dieses, von mir</Unicode>
                </TextEquiv>
            </TextLine>
            <TextLine id="tr_2_tl_4" custom="readingOrder {index:3;}">
                <Coords points="417,1262 1293,1245 1521,1316 1982,1278 1967,1183 892,1206 604,1197 417,1135"/>
                <Baseline points="429,1235 519,1235 608,1235 698,1235 787,1235 877,1235 966,1235 1056,1241 1145,1241 1235,1241 1324,1241 1414,1241 1504,1241 1593,1247 1683,1247 1772,1247 1862,1247 1951,1247 1987,1253"/>
                <TextEquiv>
                    <Unicode>geziemend beklagte Resultat herauskam,bei dem, ich</Unicode>
                </TextEquiv>
            </TextLine>
            <TextLine id="tr_2_tl_5" custom="readingOrder {index:4;}">
                <Coords points="417,1359 1394,1365 1498,1421 1741,1421 1988,1405 2060,1330 415,1289"/>
                <Baseline points="429,1342 519,1348 608,1348 698,1354 787,1354 877,1354 966,1354 1056,1354 1145,1360 1235,1360 1324,1360 1414,1360 1504,1360 1593,1360 1683,1366 1772,1366 1862,1366 1951,1366 2041,1360 2065,1360"/>
                <TextEquiv>
                    <Unicode>wiederho le es feierlich, nicht Knauserei, sondern nur</Unicode>
                </TextEquiv>
            </TextLine>
            <TextLine id="tr_2_tl_6" custom="readingOrder {index:5;}">
                <Coords points="417,1473 2085,1506 2085,1440 1953,1461 1884,1419 1699,1457 417,1419"/>
                <Baseline points="429,1462 519,1468 608,1468 698,1474 787,1474 877,1474 966,1474 1056,1474 1145,1474 1235,1480 1324,1480 1414,1480 1504,1480 1593,1480 1683,1486 1772,1486 1862,1486 1951,1486 2041,1486 2088,1480"/>
                <TextEquiv>
                    <Unicode>Verzettelung mitgewirkt hat. Und ich bin, wie sie wis-</Unicode>
                </TextEquiv>
            </TextLine>
            <TextLine id="tr_2_tl_7" custom="readingOrder {index:6;}">
                <Coords points="411,1596 1343,1594 1440,1652 1631,1658 2071,1610 2046,1554 1668,1529 411,1567"/>
                <Baseline points="423,1581 513,1587 602,1587 692,1587 781,1593 871,1593 960,1593 1050,1593 1139,1593 1229,1593 1318,1593 1408,1599 1498,1599 1587,1599 1677,1599 1766,1599 1856,1599 1945,1599 2035,1599 2076,1599"/>
                <TextEquiv>
                    <Unicode>sen, nicht im eigenen Hause, wo alles an dem bekannten</Unicode>
                </TextEquiv>
            </TextLine>
            <TextLine id="tr_2_tl_8" custom="readingOrder {index:7;}">
                <Coords points="405,1710 2063,1758 2063,1693 1919,1654 757,1683 405,1641"/>
                <Baseline points="417,1694 507,1700 596,1700 686,1706 775,1706 865,1712 954,1706 1044,1712 1133,1712 1223,1712 1313,1712 1402,1712 1492,1712 1581,1718 1671,1718 1760,1718 1850,1718 1939,1724 2029,1724 2065,1724"/>
                <TextEquiv>
                    <Unicode>Schnürchen zu gehen hat, sondern nur selbst ein Gast.</Unicode>
                </TextEquiv>
            </TextLine>
            <TextLine id="tr_2_tl_9" custom="readingOrder {index:8;}">
                <Coords points="407,1830 1994,1859 1992,1797 1901,1776 405,1770"/>
                <Baseline points="417,1814 507,1820 596,1820 686,1820 775,1820 865,1826 954,1826 1044,1826 1133,1826 1223,1826 1313,1832 1402,1832 1492,1832 1581,1832 1671,1832 1760,1832 1850,1838 1939,1838 1999,1838"/>
                <TextEquiv>
                    <Unicode>In der Hoffnung, dass Ihnen diese „kurze“ Erklärung</Unicode>
                </TextEquiv>
            </TextLine>
            <TextLine id="tr_2_tl_10" custom="readingOrder {index:9;}">
                <Coords points="411,1973 666,1940 1861,1990 1940,1973 1940,1924 409,1880"/>
                <Baseline points="423,1939 513,1939 602,1939 692,1939 781,1945 871,1945 960,1945 1050,1945 1139,1945 1229,1945 1318,1945 1408,1945 1498,1951 1587,1951 1677,1951 1766,1957 1856,1957 1945,1963"/>
                <TextEquiv>
                    <Unicode>gentigen wird, grüsst Sie herzlich in der Hoffnung</Unicode>
                </TextEquiv>
            </TextLine>
            <TextLine id="tr_2_tl_11" custom="readingOrder {index:10;}">
                <Coords points="400,2071 622,2106 818,2069 942,2077 992,2104 1100,2077 1100,2021 1071,2017 990,2031 952,2011 925,2034 799,2007 641,2029 575,1994 400,2015"/>
                <Baseline points="411,2047 501,2059 590,2059 680,2059 769,2059 859,2059 948,2059 1038,2059 1104,2053"/>
                <TextEquiv>
                    <Unicode>baldigen Wiedersehens</Unicode>
                </TextEquiv>
            </TextLine>
            <TextLine id="tr_2_tl_12" custom="readingOrder {index:11;}">
                <Coords points="1174,2297 1185,2297 1193,2287 1206,2299 1222,2280 1249,2289 1268,2278 1276,2282 1286,2270 1303,2280 1338,2276 1330,2166 1284,2179 1274,2191 1249,2187 1228,2193 1222,2187 1208,2202 1168,2212"/>
                <Baseline points="1181,2238 1271,2250 1342,2250"/>
                <TextEquiv>
                    <Unicode>O.B.</Unicode>
                </TextEquiv>
            </TextLine>
        </TextRegion>
        <TextRegion id="tr_1" custom="readingOrder {index:1;}">
            <Coords points="2948,475 4583,475 4583,1663 2948,1663"/>
            <TextLine id="tr_1_tl_1" custom="readingOrder {index:0;}">
                <Coords points="3424,562 3469,575 3490,575 3505,562 3515,573 3581,533 3606,540 3631,535 3633,469 3584,465 3573,457 3528,467 3449,432 3428,434"/>
                <Baseline points="3437,531 3527,531 3616,525 3634,531"/>
                <TextEquiv>
                    <Unicode>1,1</Unicode>
                </TextEquiv>
            </TextLine>
            <TextLine id="tr_1_tl_2" custom="readingOrder {index:1;}">
                <Coords points="3922,901 3957,888 4082,888 4144,909 4185,888 4210,901 4235,886 4274,909 4316,892 4318,774 4129,757 4067,791 4017,764 3996,782 3924,766"/>
                <Baseline points="3933,877 3962,877 4052,877 4141,871 4231,871 4321,871"/>
                <TextEquiv>
                    <Unicode>6. Juni 1902.</Unicode>
                </TextEquiv>
            </TextLine>
            <TextLine id="tr_1_tl_3" custom="readingOrder {index:2;}">
                <Coords points="3922,996 4001,1004 4065,973 4102,981 4148,955 4162,961 4210,942 4272,948 4274,894 4185,896 4171,907 4156,898 4144,909 4117,898 4098,905 4071,888 4046,913 4017,919 3959,888 3924,903"/>
                <Baseline points="3933,931 4010,937 4100,937 4189,937 4279,925"/>
                <TextEquiv>
                    <Unicode>Mr Papert</Unicode>
                </TextEquiv>
            </TextLine>
            <TextLine id="tr_1_tl_4" custom="readingOrder {index:3;}">
                <Coords points="3384,1013 3482,1052 3530,1035 3550,1046 3631,1015 3725,1025 3725,965 3552,959 3525,975 3384,946"/>
                <Baseline points="3395,996 3485,1008 3574,1008 3664,1002 3730,1002"/>
                <TextEquiv>
                    <Unicode>Telegramm.</Unicode>
                </TextEquiv>
            </TextLine>
            <TextLine id="tr_1_tl_5" custom="readingOrder {index:4;}">
                <Coords points="2934,1220 4503,1193 4544,1106 2936,1143"/>
                <Baseline points="2948,1187 3025,1187 3115,1187 3204,1181 3294,1181 3384,1181 3473,1181 3563,1181 3652,1175 3742,1175 3831,1175 3921,1169 4010,1169 4100,1169 4189,1163 4279,1163 4368,1163 4458,1163 4547,1157"/>
                <TextEquiv>
                    <Unicode>Lade Sie herzlichst zur morgigen Première zugleich</Unicode>
                </TextEquiv>
            </TextLine>
            <TextLine id="tr_1_tl_6" custom="readingOrder {index:5;}">
                <Coords points="2949,1349 4472,1307 4577,1293 4577,1243 2951,1274"/>
                <Baseline points="2960,1307 2972,1307 3061,1307 3151,1301 3240,1301 3330,1301 3419,1295 3509,1295 3598,1295 3688,1295 3777,1289 3867,1289 3956,1289 4046,1283 4136,1283 4225,1283 4315,1283 4404,1283 4494,1283 4583,1277"/>
                <TextEquiv>
                    <Unicode>im Namen der Direktion Lustspieltheater. Wir hoffen</Unicode>
                </TextEquiv>
            </TextLine>
            <TextLine id="tr_1_tl_7" custom="readingOrder {index:6;}">
                <Coords points="2949,1463 3401,1434 3673,1473 4115,1417 4241,1453 4524,1434 4526,1361 2951,1382"/>
                <Baseline points="2960,1420 3008,1426 3097,1426 3187,1420 3276,1420 3366,1420 3455,1414 3545,1414 3634,1408 3724,1408 3813,1408 3903,1408 3992,1408 4082,1402 4171,1402 4261,1396 4350,1396 4440,1396 4529,1396"/>
                <TextEquiv>
                    <Unicode>sehr auf Ihr Kommen im Interesse des Abends.Draht</Unicode>
                </TextEquiv>
            </TextLine>
            <TextLine id="tr_1_tl_8" custom="readingOrder {index:7;}">
                <Coords points="2949,1602 3021,1596 3054,1575 3185,1594 3254,1562 3376,1583 3422,1560 3455,1567 3455,1500 3388,1477 3368,1498 3318,1494 3270,1471 3233,1490 3204,1477 3152,1498 3119,1490 3096,1509 2984,1492 2949,1513"/>
                <Baseline points="2960,1539 3049,1539 3139,1539 3228,1539 3318,1533 3407,1533 3461,1539"/>
                <TextEquiv>
                    <Unicode>bitte baldigst.</Unicode>
                </TextEquiv>
            </TextLine>
            <TextLine id="tr_1_tl_9" custom="readingOrder {index:8;}">
                <Coords points="3426,1697 3700,1677 3789,1714 3951,1689 4003,1658 4127,1691 4212,1658 4214,1594 4148,1579 4079,1598 4032,1575 3934,1596 3851,1569 3774,1608 3698,1579 3528,1619 3428,1612"/>
                <Baseline points="3437,1647 3503,1653 3592,1647 3682,1647 3771,1647 3861,1641 3950,1641 4040,1641 4130,1641 4219,1635"/>
                <TextEquiv>
                    <Unicode>Brahm Lustspieltheater.</Unicode>
                </TextEquiv>
            </TextLine>
        </TextRegion>
    </Page>
</PcGts>
