4900 4008
1687 814 1987 911 26.6.98.
464 944 2235 1078 Vielleicht kommt er zu Ihnen nach S.Martino.- Er scheint
460 1063 2220 1197 das Stück Ende Oktober oder Anfang Nov. geben zu wollen,
471 1184 2147 1283 möchte aber nicht urgern, dass Sie zuerst ins Feuer ge-
477 1302 2193 1439 hen - unter andern, weil es bei Ihnen jedenfalls im gan-
477 1426 2083 1560 zen besser gespielt werden wird. (dies seine eignen
471 1549 2123 1624 Worte). Wollen Sie mir jetzt nicht Engels für den al-
488 1668 1492 1795 ten Losatti zum Praesent machen?
477 1795 1907 1929 Für heut nur dies und viele herzliche Grüsse.
1186 2009 1342 2145 A.S.
4030 326 4402 493 „ 1 „ „ — „
3852 708 4286 832 Wien, 5.7.98.
3172 860 3837 977 Lieber Doktor Brahm,
2928 944 4547 1089 Heute habe ich von meinem Schreibær das veränderte
2944 1054 4572 1206 Exemplar bekommen, und will es, nach Durchsicht,Ihrem
2939 1181 4655 1307 Wunsch gemäss an Sie nach S. Martino senden. Ich hoffe
2952 1278 4613 1452 Sie werden die Verbesserung spüren.-- Dass die Rollen
2961 1419 4552 1571 (vom 2.u.3.Akt) neu ausgeschrieben werden, ist wohl
2970 1613 3342 1692 nothwendig.
2961 1676 4589 1811 Dem Schlenther hab ich die Veränderungen am 30.Juni
2970 1797 4607 1934 gegeben; er wollte mich vor seiner Abreise noch spre-
2977 1905 4677 2035 chen, liess aber nichts mehr von sich hören. Wir hatten
2985 2015 4624 2165 über den Termin gesprochen und er nannte den 24. Ok-
3003 2123 4598 2284 tober als wahrscheinlichen. Das Stück ist hier noch
2988 2277 3500 2402 bei der Censur.
2999 2372 4530 2499 Es wäre mir natürlich sehr lieb, wenn Sie mit dem
2988 2484 4708 2658 Stück etwa Mitte Oktober herausrücken könnten. Was die
3010 2633 4675 2739 Besetzung anbelangt, so bleibts wohl bei Else Lehmann,
3012 2750 4701 2856 Rittner, Dumont, Sauer und Müller. Wer wird die Franzis-
3010 2878 4616 3034 ka geben? Hier wird sie von der Hohenfels gespielt
