4941 4008
987 710 1209 846 23
1269 710 1784 818 Wien, 17.3.1900.
441 842 2166 955 Lieber Herr Brahm, schon von Georg Hirschfeld hatte ich
441 972 2185 1059 gehört, dass es Ihnen eine Weile nicht ganz gut gegangen
451 1072 2064 1185 ist, aber auch abgesehen davon hätte ich Sie nie für
445 1213 2094 1293 „Sie wissen nicht was“ gehalten. Die Beatrice ist ja
460 1332 2088 1415 vorläufig gar nicht aktuell,was praktische Ziele an-
454 1460 2081 1534 langt;und Ihren Eindruck haben Sie mir ja schon s.Z.
460 1575 2153 1714 angedeutet, Schlenther will das Stück anfangs nächster
460 1697 2075 1784 Saison bringen, stellt die „Bedingung“, dass die Burg
454 1821 2101 1892 die Allererstaufführung hat,-lässt aber vorläufig in
454 1884 2101 2009 Hinsicht auf einen von mir gewünschten Termin nichts
454 2005 2159 2137 verlauten. Ich denke erst nach der hiesigen Aufführung
451 2170 1482 2255 in Berlin etwas zu unternelmen.-
458 2224 2009 2370 Eine Novelle, an der ich seit Beginn dieses Jahres
460 2370 2163 2485 schreibe, längelt und schlänselt sich. Ob ich mich dann
451 2474 2118 2617 gleich wieder ins dramatische begebe, weiss ich nicht.
454 2602 2105 2749 Hingegen möchte ich Ende dieses Monats auf zehn Tage
454 2741 2046 2882 in einen mässigen Süden,Ragusa und auch Abbazia, zu
454 2875 825 3012 Hirschfeld.
3565 371 3748 551 - 1
4012 783 4425 896 (17.3.1900.)
2862 888 4520 1031 Ich freie mich sehr auf den Mai und auf Sie. Dass Sie
2847 1033 4529 1139 das Freiwild geben, ist mir höchst angenehm. Den Segen
2856 1154 4503 1261 für Paracelsus haben Sie natürlich gleichfalls,gegen
2860 1293 4542 1426 eine Tantième von 3 Perzent. (Wir hatten s.Z. in unse-
2856 1387 4564 1534 rem Contract die Trennung der Einakter nicht gedacht.)
2862 1517 4542 1649 -Dass Hofmannsthal in Paris ist, wissen Sie wahrschein-
2862 1630 4557 1773 lich. Ich habe aber seitdem er weg ist keine Nachricht
2869 1766 4533 1890 von ihm. -Den ganzen winter hab ich in einer ziemlich
2862 1873 4444 2003 trüben Stimmung verb recht, aus der nur gelegentlich
2869 1986 4583 2140 die Arbeit mich herausreissen konnte; trotzdem habe ich
2862 2111 4568 2259 vielleicht stärker als je eine gewisse Empfindung inne-
2849 2235 4557 2363 rer Fülle gehabt. Es muss sich ja in der nächsten Zeit
2856 2357 4514 2491 zeigen, ob das Selbsttäuschungen, vielleicht nur krank-
2849 2478 3895 2619 hafte Wallungen der Seele waren.-
2849 2587 4307 2730 Leben Sie wohl und seien Sie herzlich gegrüsst
3648 2754 3800 2858 A.S.
