4906 4167
1097 816 1512 940 Wien, 5.4.97.
681 997 1488 1110 Lieber Herr Doctor Brahm,
382 1088 1985 1222 natürlich handelt es sich wieder um ein Stück. Aber
406 1200 1924 1350 ich kenne es nicht. Es heisst Kismet, lies Kismet,
386 1320 1981 1448 der Autor Szalit, er bittet mich, ihn Ihnen zu empfeh-
406 1420 2140 1586 len. Er hat einmal die Liebelei ins polnische übersetzt,
399 1555 2149 1693 aber eine andere Uebersetzung ist aufgeführt worden. Sie
399 1677 2050 1817 sehen, er wird vom Unglück verfolgt. Wenn es Ihnen al-
399 1810 1994 1928 so egal ist, so schauen Sie vielleicht dieses Kismet
399 1939 2035 2048 ein bischen früher an, als es in der Einlaufsreihe be-
393 2057 2024 2199 gründet wäre. Ich bitte Sie leichten Herzens darum -
399 2229 1062 2308 ich kenn es ja nicht.
393 2321 2031 2421 Im Mai werde ich Sie leider nicht hier sehen; in zwei
393 2426 1989 2528 Tagen fahr ich nach Paris, komme wohl erst Ende Mai
393 2550 2090 2633 zurück. Aber lassen Sie mir den Hirschfeld da; ich hab es
406 2663 2005 2770 noch grosse Dinge mit ihm vor; u.a. Bicyclepartien.
406 2792 2074 2910 Werden wir uns vielleicht im Sommer sehn? Salzkammer-
393 2925 1064 3049 gut? Riesengebirge? -
3843 966 4149 1067 (5.4.97.)
2814 1038 4482 1167 Sie können sich nicht vorstellen, wie sehr ich vom Bi-
2814 1160 4520 1307 berpelz entzückt gewesen bin. Es ist was schönes, einen
2829 1274 4467 1431 Grossen so frech und lustig zu sehn. - Ihnen geht es
2836 1427 4526 1570 in jeder Hinsicht gut, wie ich mit herzlichem Vergnügen
2833 1536 4480 1686 höre. Möge es immer so bleiben! Soll ich Ihnen in Pa-
2829 1682 4474 1773 ris was bestellen? Vielleicht Stücke mitbringen? Sie
2836 1762 4461 1922 wissen, ich hab eine so glückliche Hand, und bin immer
3163 1900 3774 2042 Ihr treu ergebener
3717 2000 3885 2159 A.S.
