4906 4167
1170 803 1635 942 Parts, 23.5.97.
667 937 1291 1045 Lieber Herr Doctor,
364 1021 2011 1163 Ihr schöner Brief ist mir hieher nachgeflogen - oder
369 1141 2072 1288 nachgesprüht und ich freue mich, dass Sie so freundlich
371 1291 2074 1411 meiner gedenken. Dass ich Ihre Anwesenheit in Wien ver-
382 1385 2107 1519 säumt habe, war einer der vier oder fünf Wermuthstropfen
393 1506 1934 1629 im Freudenbecher meines Pariser Aufenthaltes; ich
386 1624 2033 1776 glaube geschmeckt zu haben? der bitterste. Im ganzen
393 1738 2065 1872 habe ich mich aber recht wohl gefühlt. „Habe“ sag ich,
382 1870 2041 1991 denn morgen früh reise ich nach London und Anfang Ju-
380 1971 2072 2107 ni hoff ich in Wien zu sein. Es scheint, Sie haben über
399 2096 1980 2232 Ihren Sommer noch nicht endgiltig disponiert; auch
386 2210 2017 2406 meine Pläne stehen noch nicht ganz fest; wahrschein-
393 2333 2065 2476 lich gehe ich im Juli nach Ischl; weiter weiss ich ei-
386 2454 2076 2608 gentlich noch nichts rechtes. Die Umstände dürften es
384 2564 2092 2761 fügen, dass ich schon früh in Wien bin, Bitte schreiben
393 2678 2057 2821 gie mir jedenfalls eine Zeile, wie lang Sie im Riesen-
380 2821 2044 3003 gebirge bleiben und was Sie weiter zu thun gedenken.
4041 898 4375 1047 (23.5.97.)
2854 966 4544 1159 Ich möchte Sie sehr gerne irgendwo treffen, wenns geht.
2854 1155 4568 1288 Auch verspreche ich Ihnen kein Stück vorzulesen; haupt-
2864 1269 4454 1367 sächlich weil ich im Sommer kaum schon eines fertig
2871 1376 4544 1515 haben dürfte. Ich schliesse das daraus, dass ich bisher
2854 1521 4530 1637 keine Zeile zu denselben geschrieben. Aber es kann ge-
2858 1616 4491 1754 schehen, dass sehr rasch eines, wenn ich erst zur Ruhe
2854 1727 4489 1890 komme, von Anfang bis zu Ende gefördert wird; denn es
2858 1866 4447 1997 ist mir mancherlei eingefallen. Für die „Frechheit"
2851 1980 4489 2103 stehe ich ein, ob es eine Komödle wird, weiss ich noch
2854 2087 4471 2204 nicht so sicher; denn mit meinen lustigen Ideen geht
2854 2208 4487 2327 es mir gewöhnlich so wie mit einem ungeheuer fidelen
2858 2325 4467 2474 Stoff, den ich einmal meinen Freunden erzählte und wo
2864 2443 4520 2566 es mir mitten im Erzählen passierte, dass die Sache im-
2858 2573 4484 2693 mer ernster wurde, bis schliesslich, zu meinem eigenen
2847 2678 4515 2814 Erstaunen, der Held den grausamen Tod des Erstochenwer¬
2840 2796 4487 2950 dens erlitt.(Wobei es wenigstens nicht knallt.) Aber
2840 2917 4605 3077 es ist wirklich so? während ich sie überdenke, verdüstern
