2512 4102
1532 823 2108 947 Berlin, E1.9.1896.
1108 827 1207 996 17
926 998 1654 1142 Lieber Herr Schnitzler,
768 1139 2095 1251 Burckhard's Gedanke, dass Paul den Karinski.
430 1255 2036 1361 niederschiesse, leuchtet mir sehr ein, und ich möchte
433 1382 2125 1483 Sie dringendst bitten,wenn Sie es innerlich irgend mög
424 1485 2004 1597 lich finden, ihn auszuführen: äusserlich ist ja die
426 1625 1979 1711 Aenderung leicht genug. Der Einwand, dass Paul ein
433 1726 2019 1842 „Trottel“ ist, wenn er sich nicht zu schützen weiss,
424 1834 2030 1960 ist auch mir ähnlich gekommen; Und Sie gewinnen, dem
411 1967 2047 2061 Publikum  gegenüber, für ihn unendlich viel, wenn er,
418 2057 2087 2186 was er will, auch zu behaupten weiss, Zugleich gewinnt
424 2175 2059 2302 die Tendenz des Stückes, so weit von einer solchen zu
426 2298 2051 2424 reden ist: der Mensch mit dem neuen Ehr-Gefühl würde
418 2439 2053 2536 als Sieger ganz anders am Schluss xxx dastehen, denn
418 2509 2015 2648 als Gefallener. Und da er in Notwehr gehandelt hat-
418 2623 2064 2764 im weiteren oder engeren Sinn, je nach der Ausführung
405 2781 2034 2891 so werden Sie das liebe Publikum ja über sein ferne-
411 2867 2108 2998 res Schicksal leicht beruhigen können. Ich halte diese
403 3011 2030 3140 Aenderung für ausserordentlich wichtig und entschei-
