5037 4023
953 756 1154 895 193
1238 809 1395 926 Berl
1790 804 2066 930 20.1.06.
376 908 2053 1061 und bitte um Ihre Zustimmung; oder soll ich versuchen,
376 1050 2108 1193 sie „in der Schwebe zu halten", bis dass Sie sie erschaut
369 1160 2024 1291 haben? Das wäre freilich nur möglich, wenn Sie zum An-
365 1304 1330 1372 fang der Proben kommen wollen.
588 1397 1958 1562 Näheres über Termin und Besetzungsvorschlag
358 1470 831 1616 baldmögl ichst.
888 1644 1246 1792 Herzlichst
1187 1761 1337 1841 Ihr
1282 1878 1439 2002 O.B.
1498 2000 1677 2128 erachs
1395 2122 1717 2263 xxx wenn
393 2124 997 2303 Jeshalb sollte ich
1156 2261 1357 2376 a-t-mois
727 2276 1008 2382 essen können
667 2362 1364 2495 wenn ich es sparen könnte
681 2473 1087 2610 Gestalt bekäm-
488 2583 1213 2740 spielt, und ich meine, das
482 2729 1178 2851 xxx annthemd so verderxx
3430 778 3596 880 194
3797 787 4369 904 Berlin, 27.1.1906.
3342 950 3814 1085 Lieber Freund,
2891 1039 4610 1224 Sie dichten sich Frl.O um, transponiren Sie in ein höhe-
2900 1171 4645 1350 res Lebensalter - und sie bleibt doch 16jährig. Ueberle-
2900 1299 4542 1430 gen Sie einmal: welchen Grund sollte ich haben, Ihrem
2911 1410 4561 1578 Wunsche entgegen zu sein, wenn nicht den sachlichsten:
2900 1556 4614 1658 den Geburtsschein der Pippa. Ein junges weibliches Mit-
2915 1649 4491 1808 glied hat Erfolg gehabt ( Gott sei Lob in der Höhe)
2913 1777 4453 1905 hier ist eine schöne und dankbare Rolle - weshalb
2911 1887 4519 2040 in aller Welt sollte ich sie nicht mit dieser Rolle
2917 2016 4506 2130 wei terbringen wollen,wenn sie ihr „gewachsen“ wäre.
2913 2113 4619 2237 Weshalb sollte ich einen Gast bemühen, wenn ich im Hau se
2917 2237 4597 2402 arbeiten lassen könnte, Extrahonorar aus meiner Tasche
2922 2340 4694 2482 langen, wenn ich es sparen könnte? Aber es geht wahrhaftig
2917 2458 4696 2628 nicht, die Gestalt bekäme etwas Verletzendes, wenn ein Kind
2922 2586 4515 2723 sie spielt, und ich meine, dass 1-2 Jahre zu alt hier
2913 2729 4661 2851 nicht annähemd so verderblich sein können, wie 2-3 Jahre
2928 2838 4656 2966 zu jung. Im Uebrigen wiederhole ich Ihnen, dass ich mich
2930 2939 4692 3094 Frau K. gegenüber in keiner Weise gebunden habe, und dass
