<?xml version="1.0" encoding="UTF-8" standalone="yes"?>
<PcGts xmlns="http://schema.primaresearch.org/PAGE/gts/pagecontent/2013-07-15" xmlns:xsi="http://www.w3.org/2001/XMLSchema-instance" xsi:schemaLocation="http://schema.primaresearch.org/PAGE/gts/pagecontent/2013-07-15 http://schema.primaresearch.org/PAGE/gts/pagecontent/2013-07-15/pagecontent.xsd">
    <Metadata>
        <Creator>prov=READ-COOP:name=TrHtr:version=2.1.0:model_id=51170:date=26_07_2023_02:03</Creator>
        <Created>2023-05-02T07:45:32.845+02:00</Created>
        <LastChange>2023-07-26T02:03:31.666+02:00</LastChange>
        <TranskribusMetadata docId="1416706" pageId="54951819" pageNr="356" tsid="130871656" status="IN_PROGRESS" userId="64420" imgUrl="https://files.transkribus.eu/Get?id=CSAFCRZKXLJOYBKNTZOONFZA&amp;fileType=view" xmlUrl="https://files.transkribus.eu/Get?id=DBDFNLZPFUHCPPAPGHRBQSWD" imageId="44455545"/>
    </Metadata>
    <Page imageFilename="1416706_0356.jpg" imageWidth="4908" imageHeight="4008">
        <ReadingOrder>
            <OrderedGroup id="ro_1711829491269" caption="Regions reading order">
                <RegionRefIndexed index="0" regionRef="tr_2"/>
                <RegionRefIndexed index="1" regionRef="tr_1"/>
            </OrderedGroup>
        </ReadingOrder>
        <TextRegion id="tr_2" custom="readingOrder {index:0;}">
            <Coords points="328,773 2117,773 2117,2872 328,2872"/>
            <TextLine id="tr_2_tl_1" custom="readingOrder {index:0;}">
                <Coords points="1509,851 1563,866 1626,836 1652,853 1678,842 1698,858 1746,858 1780,838 1804,842 1817,827 1848,832 1848,771 1806,764 1798,773 1704,732 1689,738 1654,725 1607,740 1592,727 1509,747"/>
                <Baseline points="1520,823 1610,823 1699,823 1789,823 1854,829"/>
                <TextEquiv>
                    <Unicode>(16.2.02.)</Unicode>
                </TextEquiv>
            </TextLine>
            <TextLine id="tr_2_tl_2" custom="readingOrder {index:1;}">
                <Coords points="345,984 2021,955 2021,860 1874,840 1340,884 347,860"/>
                <Baseline points="357,954 417,954 506,954 596,954 685,948 775,948 864,948 954,954 1043,948 1133,948 1222,948 1312,942 1401,942 1491,942 1580,942 1670,936 1759,936 1848,936 1938,936 2027,936"/>
                <TextEquiv>
                    <Unicode>Das Feuilleton von Goldmann hat mich nicht sonderlich</Unicode>
                </TextEquiv>
            </TextLine>
            <TextLine id="tr_2_tl_3" custom="readingOrder {index:2;}">
                <Coords points="360,1096 1891,1086 1974,1064 1974,1014 363,1042"/>
                <Baseline points="375,1079 459,1079 548,1073 638,1073 727,1079 817,1073 906,1067 996,1067 1085,1067 1174,1067 1264,1067 1353,1061 1443,1061 1532,1061 1622,1061 1711,1061 1801,1055 1890,1055 1980,1055"/>
                <TextEquiv>
                    <Unicode>entzückt. Es gäbe viel schönes über die „Grenzen der</Unicode>
                </TextEquiv>
            </TextLine>
            <TextLine id="tr_2_tl_4" custom="readingOrder {index:3;}">
                <Coords points="360,1240 1309,1181 1915,1209 2058,1190 2058,1127 363,1164"/>
                <Baseline points="375,1198 453,1192 542,1192 632,1192 721,1192 811,1192 900,1186 990,1186 1079,1186 1169,1186 1258,1180 1347,1180 1437,1180 1526,1180 1616,1174 1705,1174 1795,1174 1884,1174 1974,1174 2063,1169"/>
                <TextEquiv>
                    <Unicode>Kritik" zu sagen [s] über die der erlaubten - und Über die</Unicode>
                </TextEquiv>
            </TextLine>
            <TextLine id="tr_2_tl_5" custom="readingOrder {index:4;}">
                <Coords points="369,1327 1618,1342 2043,1318 2045,1253 371,1279"/>
                <Baseline points="381,1312 441,1318 530,1318 620,1312 709,1312 799,1312 888,1312 978,1306 1067,1306 1157,1306 1246,1306 1336,1306 1425,1300 1514,1300 1604,1300 1693,1300 1783,1300 1872,1294 1962,1294 2051,1294"/>
                <TextEquiv>
                    <Unicode>der gebotenen. Ist es nicht sonderbar, dass selbst sehr</Unicode>
                </TextEquiv>
            </TextLine>
            <TextLine id="tr_2_tl_6" custom="readingOrder {index:5;}">
                <Coords points="356,1444 2006,1457 2037,1359 1555,1316 1259,1400 356,1400"/>
                <Baseline points="369,1437 429,1437 518,1437 608,1431 697,1431 787,1431 876,1431 966,1425 1055,1425 1145,1425 1234,1425 1324,1425 1413,1425 1503,1425 1592,1419 1681,1419 1771,1419 1860,1419 1950,1413 2039,1419"/>
                <TextEquiv>
                    <Unicode>kluge Leute,ja selbst solche, die man nicht eigentlich</Unicode>
                </TextEquiv>
            </TextLine>
            <TextLine id="tr_2_tl_7" custom="readingOrder {index:6;}">
                <Coords points="369,1570 2015,1574 2028,1498 369,1522"/>
                <Baseline points="381,1550 423,1556 512,1550 602,1550 691,1550 781,1550 870,1544 960,1550 1049,1550 1139,1544 1228,1544 1318,1544 1407,1544 1497,1538 1586,1538 1675,1538 1765,1538 1854,1538 1944,1532 2033,1538"/>
                <TextEquiv>
                    <Unicode>unproduktiv nennen kann, so wenig Ahnung von dem Wesen</Unicode>
                </TextEquiv>
            </TextLine>
            <TextLine id="tr_2_tl_8" custom="readingOrder {index:7;}">
                <Coords points="369,1685 1876,1685 1971,1633 1557,1592 1444,1641 1385,1600 1333,1641 371,1639"/>
                <Baseline points="381,1670 453,1670 542,1670 632,1670 721,1670 811,1670 900,1670 990,1670 1079,1670 1169,1664 1258,1664 1347,1664 1437,1664 1526,1658 1616,1658 1705,1658 1795,1658 1884,1658 1974,1664"/>
                <TextEquiv>
                    <Unicode>des Schaffens haben? Ich denke, der Kritiker hat den</Unicode>
                </TextEquiv>
            </TextLine>
            <TextLine id="tr_2_tl_9" custom="readingOrder {index:8;}">
                <Coords points="356,1802 1789,1826 1993,1800 1995,1696 1522,1757 356,1759"/>
                <Baseline points="369,1795 387,1795 477,1789 566,1789 656,1789 745,1789 835,1789 924,1783 1013,1789 1103,1789 1192,1783 1282,1783 1371,1783 1461,1783 1550,1783 1640,1777 1729,1777 1819,1777 1908,1777 1998,1783"/>
                <TextEquiv>
                    <Unicode>Künstler diese zwei Dinge zu fragen: „Kannst du das,</Unicode>
                </TextEquiv>
            </TextLine>
            <TextLine id="tr_2_tl_10" custom="readingOrder {index:9;}">
                <Coords points="356,1952 897,1909 1761,1935 1924,1922 1926,1869 1327,1869 949,1806 708,1824 634,1878 358,1876"/>
                <Baseline points="369,1914 411,1914 501,1908 590,1908 679,1908 769,1908 858,1908 948,1908 1037,1908 1127,1908 1216,1902 1306,1902 1395,1902 1485,1902 1574,1902 1664,1902 1753,1896 1842,1896 1932,1896"/>
                <TextEquiv>
                    <Unicode>was du willst?—“ Und „Willst du auch alles, was du</Unicode>
                </TextEquiv>
            </TextLine>
            <TextLine id="tr_2_tl_11" custom="readingOrder {index:10;}">
                <Coords points="356,2061 1980,2050 2015,1976 1691,1993 1476,1945 1392,1998 356,1998"/>
                <Baseline points="369,2033 411,2033 501,2027 590,2027 679,2027 769,2027 858,2021 948,2021 1037,2021 1127,2021 1216,2021 1306,2021 1395,2021 1485,2021 1574,2015 1664,2015 1753,2015 1842,2015 1932,2015 2021,2015"/>
                <TextEquiv>
                    <Unicode>kannst?"- Aber er hat keineswegs das Recht von jeman-</Unicode>
                </TextEquiv>
            </TextLine>
            <TextLine id="tr_2_tl_12" custom="readingOrder {index:11;}">
                <Coords points="356,2163 1826,2169 1939,2163 1941,2106 358,2130"/>
                <Baseline points="369,2153 423,2153 512,2153 602,2153 691,2153 781,2147 870,2147 960,2147 1049,2147 1139,2147 1228,2141 1318,2141 1407,2141 1497,2141 1586,2141 1675,2135 1765,2135 1854,2141 1944,2141"/>
                <TextEquiv>
                    <Unicode>dem, dem es beliebt ein Schauspiel zu schreiben, ein</Unicode>
                </TextEquiv>
            </TextLine>
            <TextLine id="tr_2_tl_13" custom="readingOrder {index:12;}">
                <Coords points="369,2282 1850,2293 2063,2284 2063,2215 1906,2160 1726,2239 369,2234"/>
                <Baseline points="381,2260 471,2272 560,2272 650,2272 739,2266 829,2266 918,2260 1007,2260 1097,2260 1186,2260 1276,2260 1365,2260 1455,2260 1544,2260 1634,2254 1723,2260 1813,2260 1902,2260 1992,2254 2069,2260"/>
                <TextEquiv>
                    <Unicode>Lustspiel zu fordern - und von einem, dem es gefällt ei-</Unicode>
                </TextEquiv>
            </TextLine>
            <TextLine id="tr_2_tl_14" custom="readingOrder {index:13;}">
                <Coords points="363,2401 1928,2401 2037,2386 2039,2308 365,2288"/>
                <Baseline points="375,2385 435,2379 524,2379 614,2379 703,2379 793,2379 882,2379 972,2373 1061,2373 1151,2379 1240,2373 1330,2373 1419,2373 1508,2373 1598,2373 1687,2373 1777,2367 1866,2367 1956,2367 2045,2355"/>
                <TextEquiv>
                    <Unicode>nen Einakter zu schreiben - ein „abendfüllendes Stück“</Unicode>
                </TextEquiv>
            </TextLine>
            <TextLine id="tr_2_tl_15" custom="readingOrder {index:14;}">
                <Coords points="356,2508 673,2551 1266,2495 1948,2512 1993,2499 1995,2384 1353,2434 358,2404"/>
                <Baseline points="369,2505 387,2505 477,2499 566,2499 656,2499 745,2499 835,2499 924,2499 1013,2493 1103,2493 1192,2493 1282,2493 1371,2493 1461,2493 1550,2493 1640,2493 1729,2487 1819,2487 1908,2487 1998,2487"/>
                <TextEquiv>
                    <Unicode>zu verlangen. Ueberhaupt hab ich bei Gelegenheit der</Unicode>
                </TextEquiv>
            </TextLine>
            <TextLine id="tr_2_tl_16" custom="readingOrder {index:15;}">
                <Coords points="317,2658 1991,2642 2034,2536 317,2538"/>
                <Baseline points="328,2630 339,2624 429,2618 518,2618 608,2618 697,2618 787,2612 876,2618 966,2618 1055,2612 1145,2612 1234,2612 1324,2612 1413,2612 1503,2612 1592,2612 1681,2606 1771,2606 1860,2612 1950,2612 2039,2612"/>
                <TextEquiv>
                    <Unicode>„ Leb. St." bemerkt, dass es Leute gibt, welche Dichtungen</Unicode>
                </TextEquiv>
            </TextLine>
            <TextLine id="tr_2_tl_17" custom="readingOrder {index:16;}">
                <Coords points="356,2762 1952,2764 1987,2645 1437,2658 1366,2718 925,2632 356,2664"/>
                <Baseline points="369,2743 381,2743 471,2737 560,2737 650,2737 739,2737 829,2737 918,2737 1007,2731 1097,2731 1186,2731 1276,2737 1365,2737 1455,2731 1544,2731 1634,2731 1723,2731 1813,2731 1902,2731 1992,2737"/>
                <TextEquiv>
                    <Unicode>nach dem Gewicht einschätzen. - „Kleinkunst-“! „Buch</Unicode>
                </TextEquiv>
            </TextLine>
            <TextLine id="tr_2_tl_18" custom="readingOrder {index:17;}">
                <Coords points="369,2894 2115,2894 2115,2805 2021,2818 1943,2757 369,2790"/>
                <Baseline points="381,2862 417,2862 506,2862 596,2862 685,2856 775,2862 864,2856 954,2856 1043,2856 1133,2856 1222,2856 1312,2856 1401,2856 1491,2856 1580,2856 1670,2856 1759,2850 1848,2856 1938,2856 2027,2856 2117,2856"/>
                <TextEquiv>
                    <Unicode>der Lieder", Kakadu (Verzeihen Sie die Zusammenstellung)</Unicode>
                </TextEquiv>
            </TextLine>
        </TextRegion>
        <TextRegion id="tr_1" custom="readingOrder {index:1;}">
            <Coords points="2743,731 4467,731 4467,2950 2743,2950"/>
            <TextLine id="tr_1_tl_1" custom="readingOrder {index:0;}">
                <Coords points="3769,823 3811,819 3830,799 3858,812 3895,799 3995,840 4110,825 4112,734 4082,725 4041,740 3991,723 3939,738 3852,717 3826,697 3771,693"/>
                <Baseline points="3781,787 3846,787 3936,781 4025,781 4115,781"/>
                <TextEquiv>
                    <Unicode>(16.2.02.)</Unicode>
                </TextEquiv>
            </TextLine>
            <TextLine id="tr_1_tl_2" custom="readingOrder {index:1;}">
                <Coords points="2738,944 4432,960 4432,853 4347,829 3808,886 2738,866"/>
                <Baseline points="2749,906 2827,906 2916,906 3006,906 3095,906 3184,912 3274,906 3363,906 3453,906 3542,906 3632,906 3721,912 3811,906 3900,906 3990,900 4079,900 4169,900 4258,900 4347,900 4437,900"/>
                <TextEquiv>
                    <Unicode>Kleinkunst - „Das grosse Licht“, „der Herr von Abades-</Unicode>
                </TextEquiv>
            </TextLine>
            <TextLine id="tr_1_tl_3" custom="readingOrder {index:2;}">
                <Coords points="2731,1099 2899,1047 3207,1073 3365,1047 3602,1055 3602,994 3559,979 3363,997 3148,960 2899,994 2731,981"/>
                <Baseline points="2743,1025 2803,1025 2892,1025 2982,1025 3071,1019 3161,1025 3250,1025 3340,1019 3429,1019 3518,1019 3608,1019"/>
                <TextEquiv>
                    <Unicode>sa" - „Grosskunst" - wie? -</Unicode>
                </TextEquiv>
            </TextLine>
            <TextLine id="tr_1_tl_4" custom="readingOrder {index:3;}">
                <Coords points="2742,1181 4384,1190 4401,1101 2742,1110"/>
                <Baseline points="2755,1133 2839,1145 2928,1145 3017,1145 3107,1145 3196,1139 3286,1145 3375,1139 3465,1145 3554,1145 3644,1139 3733,1139 3823,1139 3912,1139 4002,1139 4091,1139 4180,1139 4270,1139 4359,1139 4407,1139"/>
                <TextEquiv>
                    <Unicode>Und ferner: was für ein Teufel treibt den Tageskriti-</Unicode>
                </TextEquiv>
            </TextLine>
            <TextLine id="tr_1_tl_5" custom="readingOrder {index:4;}">
                <Coords points="2742,1303 3433,1275 3895,1333 4395,1292 4395,1218 4297,1201 2742,1209"/>
                <Baseline points="2755,1270 2791,1264 2880,1264 2970,1264 3059,1264 3149,1264 3238,1264 3328,1264 3417,1264 3507,1258 3596,1258 3685,1258 3775,1258 3864,1258 3954,1258 4043,1258 4133,1258 4222,1258 4312,1258 4401,1258"/>
                <TextEquiv>
                    <Unicode>ker dem Literaturgeschichtsschreiber ins Handwerk zu</Unicode>
                </TextEquiv>
            </TextLine>
            <TextLine id="tr_1_tl_6" custom="readingOrder {index:5;}">
                <Coords points="2731,1420 3860,1398 4171,1444 4351,1418 4353,1340 3576,1342 3433,1275 3335,1342 2734,1337"/>
                <Baseline points="2743,1395 2749,1389 2839,1389 2928,1383 3017,1383 3107,1389 3196,1383 3286,1383 3375,1389 3465,1383 3554,1383 3644,1383 3733,1383 3823,1383 3912,1383 4002,1377 4091,1383 4180,1377 4270,1377 4359,1383"/>
                <TextEquiv>
                    <Unicode>pfuschen? Dabei ereignet es sich natürlich, dass der</Unicode>
                </TextEquiv>
            </TextLine>
            <TextLine id="tr_1_tl_7" custom="readingOrder {index:6;}">
                <Coords points="2747,1550 3745,1524 3930,1563 4425,1516 4412,1444 2749,1461"/>
                <Baseline points="2761,1508 2821,1508 2910,1508 3000,1503 3089,1503 3178,1503 3268,1503 3357,1503 3447,1508 3536,1503 3626,1503 3715,1503 3805,1503 3894,1497 3984,1497 4073,1497 4163,1497 4252,1497 4342,1497 4431,1503"/>
                <TextEquiv>
                    <Unicode>Tageskritiker aus dem ganzen Wirken eines Autors sich</Unicode>
                </TextEquiv>
            </TextLine>
            <TextLine id="tr_1_tl_8" custom="readingOrder {index:7;}">
                <Coords points="2731,1657 4340,1678 4414,1654 4414,1576 2731,1600"/>
                <Baseline points="2743,1634 2809,1628 2898,1622 2988,1622 3077,1622 3167,1622 3256,1622 3345,1628 3435,1622 3524,1628 3614,1622 3703,1622 3793,1622 3882,1622 3972,1622 4061,1622 4151,1622 4240,1616 4330,1616 4419,1616"/>
                <TextEquiv>
                    <Unicode>gerade so viel nimmt, als ihm eben passt,und mehr oder</Unicode>
                </TextEquiv>
            </TextLine>
            <TextLine id="tr_1_tl_9" custom="readingOrder {index:8;}">
                <Coords points="2749,1798 3413,1754 4414,1780 4462,1698 2749,1715"/>
                <Baseline points="2761,1747 2767,1741 2856,1741 2946,1741 3035,1741 3125,1741 3214,1741 3304,1741 3393,1741 3483,1741 3572,1741 3662,1741 3751,1741 3841,1741 3930,1741 4019,1741 4109,1741 4198,1741 4288,1741 4377,1741 4467,1735"/>
                <TextEquiv>
                    <Unicode>minder absichtlich vergisst,-was ihm die Rundung seines</Unicode>
                </TextEquiv>
            </TextLine>
            <TextLine id="tr_1_tl_10" custom="readingOrder {index:9;}">
                <Coords points="2742,1896 3587,1900 3587,1791 3441,1833 3174,1802 3012,1835 2905,1789 2805,1815 2742,1787"/>
                <Baseline points="2755,1860 2844,1860 2934,1860 3023,1866 3113,1860 3202,1860 3292,1860 3381,1860 3471,1860 3560,1860 3590,1860"/>
                <TextEquiv>
                    <Unicode>Feuilletons stören könnte.-</Unicode>
                </TextEquiv>
            </TextLine>
            <TextLine id="tr_1_tl_11" custom="readingOrder {index:10;}">
                <Coords points="2742,2015 4414,2034 4414,1941 4316,1913 2742,1935"/>
                <Baseline points="2755,1986 2844,1986 2934,1986 3023,1986 3113,1986 3202,1986 3292,1986 3381,1980 3471,1980 3560,1980 3650,1980 3739,1980 3829,1980 3918,1980 4008,1980 4097,1980 4186,1980 4276,1980 4365,1980 4419,1986"/>
                <TextEquiv>
                    <Unicode>Anfang März möcht ich wieder einmal auf Reisen gehen.</Unicode>
                </TextEquiv>
            </TextLine>
            <TextLine id="tr_1_tl_12" custom="readingOrder {index:11;}">
                <Coords points="2742,2128 4369,2128 4336,2047 2742,2039"/>
                <Baseline points="2755,2099 2761,2099 2850,2105 2940,2099 3029,2099 3119,2099 3208,2105 3298,2099 3387,2099 3477,2099 3566,2099 3656,2099 3745,2099 3835,2099 3924,2099 4013,2099 4103,2099 4192,2099 4282,2099 4371,2093"/>
                <TextEquiv>
                    <Unicode>Ob ins Gebirge (Salzburg) oder weiter,in den tiroli-</Unicode>
                </TextEquiv>
            </TextLine>
            <TextLine id="tr_1_tl_13" custom="readingOrder {index:12;}">
                <Coords points="2742,2254 3513,2232 3778,2284 3854,2239 4390,2236 4438,2167 2742,2173"/>
                <Baseline points="2755,2230 2833,2224 2922,2224 3011,2224 3101,2224 3190,2224 3280,2224 3369,2224 3459,2224 3548,2224 3638,2224 3727,2218 3817,2224 3906,2224 3996,2218 4085,2218 4175,2218 4264,2218 4353,2218 4443,2218"/>
                <TextEquiv>
                    <Unicode>schen Süden, weiss ich noch nicht. Ich bin auch jetzt</Unicode>
                </TextEquiv>
            </TextLine>
            <TextLine id="tr_1_tl_14" custom="readingOrder {index:13;}">
                <Coords points="2731,2356 4154,2345 4230,2384 4425,2360 4425,2267 4293,2312 4006,2271 2731,2319"/>
                <Baseline points="2743,2343 2821,2343 2910,2343 3000,2338 3089,2338 3178,2343 3268,2343 3357,2338 3447,2343 3536,2338 3626,2338 3715,2338 3805,2338 3894,2338 3984,2338 4073,2338 4163,2338 4252,2338 4342,2338 4431,2332"/>
                <TextEquiv>
                    <Unicode>ziemlich viel auf dem Land, hab e mir ein Zimmer in Mijd-</Unicode>
                </TextEquiv>
            </TextLine>
            <TextLine id="tr_1_tl_15" custom="readingOrder {index:14;}">
                <Coords points="2731,2475 4438,2475 4421,2414 4173,2388 2734,2410"/>
                <Baseline points="2743,2463 2833,2463 2922,2463 3011,2463 3101,2463 3190,2463 3280,2463 3369,2463 3459,2463 3548,2463 3638,2463 3727,2457 3817,2457 3906,2457 3996,2457 4085,2457 4175,2457 4264,2457 4353,2457 4443,2451"/>
                <TextEquiv>
                    <Unicode>ling genommen und pendle hin und her. Eine regelrechte</Unicode>
                </TextEquiv>
            </TextLine>
            <TextLine id="tr_1_tl_16" custom="readingOrder {index:15;}">
                <Coords points="2731,2603 4308,2588 4445,2647 4445,2510 2731,2558"/>
                <Baseline points="2743,2576 2833,2576 2922,2582 3011,2576 3101,2582 3190,2576 3280,2576 3369,2582 3459,2576 3548,2576 3638,2576 3727,2576 3817,2576 3906,2576 3996,2576 4085,2576 4175,2576 4264,2570 4353,2576 4443,2576 4449,2576"/>
                <TextEquiv>
                    <Unicode>Arbeit hab ich noch nicht begonnen, innerlich wälze ich</Unicode>
                </TextEquiv>
            </TextLine>
            <TextLine id="tr_1_tl_17" custom="readingOrder {index:16;}">
                <Coords points="2738,2723 4219,2729 4425,2714 4425,2645 2738,2658"/>
                <Baseline points="2749,2701 2821,2701 2910,2701 3000,2701 3089,2701 3178,2701 3268,2695 3357,2695 3447,2695 3536,2695 3626,2695 3715,2695 3805,2695 3894,2695 3984,2695 4073,2695 4163,2695 4252,2689 4342,2689 4431,2695"/>
                <TextEquiv>
                    <Unicode>meinen Doman, skizziere mancherlei dazu; aber das wird</Unicode>
                </TextEquiv>
            </TextLine>
            <TextLine id="tr_1_tl_18" custom="readingOrder {index:17;}">
                <Coords points="2731,2829 4379,2853 4379,2760 4338,2755 2731,2775"/>
                <Baseline points="2743,2821 2773,2821 2862,2821 2952,2821 3041,2821 3131,2821 3220,2821 3310,2815 3399,2815 3489,2815 3578,2815 3668,2821 3757,2815 3846,2815 3936,2815 4025,2815 4115,2815 4204,2815 4294,2821 4383,2815"/>
                <TextEquiv>
                    <Unicode>wohl zwei - drei Jahre dauern, bis derfertig ist. (Es</Unicode>
                </TextEquiv>
            </TextLine>
            <TextLine id="tr_1_tl_19" custom="readingOrder {index:18;}">
                <Coords points="2731,2964 4434,2970 4436,2886 4290,2842 4084,2899 2734,2883"/>
                <Baseline points="2743,2940 2827,2940 2916,2940 3006,2940 3095,2940 3184,2940 3274,2940 3363,2934 3453,2940 3542,2940 3632,2934 3721,2934 3811,2934 3900,2934 3990,2934 4079,2934 4169,2934 4258,2934 4347,2940 4437,2934"/>
                <TextEquiv>
                    <Unicode>wird ein wirklicher Roman, nicht eine lange Novelle, wie</Unicode>
                </TextEquiv>
            </TextLine>
        </TextRegion>
    </Page>
</PcGts>
