4929 4024
1690 849 1990 998 25.10.05.
322 1000 1952 1145 sein, wenn du vernünftig bist". Diese Worte sind sehr
328 1136 2084 1272 gut, als Einleitung zu etwas Präcisem, Aufschlussgebenden;
322 1230 1751 1340 so wie sie jetzt dastehen, sagen sie zu wenig.
536 1372 2001 1477 Berlin ist nach den sehr schönen Tagen da oben
335 1471 2020 1580 ein harter Bissen. Auhh ich wünschte, dass so eigentüm-
322 1604 1974 1720 lich belebte, gemeinsame Zeiten häufiger wiederkommen
333 1723 2062 1839 könnten! Mit vielen guten Grüssen für Ihre Frau, Sie und
328 1832 1230 1965 den erfreulich dicken Knaben
1342 2016 1508 2114 O.B.
3318 845 3684 948 Telegramm.
3695 941 4288 1062 Berlin, 28.10.1905.
2806 1048 4539 1175 Habe nichts seit Semmering unternommen und stehe Notiz
2821 1156 4581 1307 vollkommen fern. Bitte, nennen Sie mir Zeitungen, in denen
2823 1333 3524 1440 die Ente weiterfliegt.
3526 1396 3828 1523 Grüssend
3808 1491 4029 1637 Brahm.
