5104 4088
1121 725 1466 895 306 238 a
1665 778 2231 924 Dachau 1912.
491 928 2098 1112 Eben den tapfersten aller Cassiane genossen habend,
476 1064 1751 1239 grüsst die trefflichsten aller Freunde.
1728 1216 1891 1349 O.B.
484 1296 1129 1447 * incl. Wassermann.
484 1402 2123 1586 Wir freuen uns auf Ihr Kommen +) im Herbst und grüs-
484 1550 977 1686 sen herzlichst.
759 1631 1751 1779 Ihre Elly und Georg Hirschfeld.
467 1768 1673 1910 *) Hoffentlich auch incl. Wassermann.
461 1978 2073 2166 Kass, das muss ein Käs sein, weil sichs Kas schreibt.
3576 740 4255 914 Helgo land, 23.8.1908.
3234 914 4167 1089 Lieber Freund und Leibdoctor,
2895 979 4564 1229 Ihre Karte hat mich erfreut, qua Lebenszeichen; aber
2921 1106 4602 1335 dass die Arbeit mässig fliessen soll, obgleich doch ge-
2929 1229 4632 1453 wiss „gute Reden sie begleiten", das will mir nicht ein
2936 1347 4602 1595 Dem Menschen will’s nicht gefallen, und dem notleiden-
2938 1483 4592 1700 den Director erst recht nicht. Und beide vereint wün-
2953 1597 4583 1827 schen, dass die Production so schön werde wie der Ge-
2967 1700 4611 1927 sang, und dass der Gesang auf der Höhe bleibe Schnitz-
2972 1846 4234 2054 lerischer Poesie (mit dem Ewigkeitszug).
3293 1956 4549 2130 Ich denke gern und dankbar an die Seiser
2982 2075 4566 2272 Tage, wo Sie Beide mit einem alten, hypochondrischen
3001 2193 4689 2424 Manne so viel Nachsicht hatten. Und nun wollen Sie gar
2999 2295 4672 2517 wissen, wie ich mich „befinde“? Natürlich gut, das Meer
3024 2428 4659 2623 ist ein noch besserer Arzt als Sie; allerdings,nach
3018 2530 4719 2745 der Aorta hab ich es gar nicht erst gefragt, die ist in
3037 2659 4645 2864 Ruhestand versetzt; und der Zucker, von allen Seiten
3041 2760 4638 3008 attakiert, zog sich auf ein halbes zurück.- Schön
