4978 4040
1318 356 1628 589 11
594 572 1604 766 58a Wien, 16.12.1905.
325 725 794 845 Läsber Freund,
340 864 2019 1021 ich sende Ihnen heute einen umbrochenen correcturabzug
334 1000 2004 1126 des Puf. Vielleicht haben Sie noch etwas wichtiges zu
334 1126 2067 1264 sagen. Ich warte jedenfalls mit der Imprimatur bis Mitt-
334 1246 2034 1371 woch - res., Donnerstag. (Vorläufig wird nur das Bühnen-
323 1344 1251 1451 manuscript fertig gestellt-).
340 1475 2043 1580 Die weiteren Nachrichten Somoff u. Katharina betreffend
323 1606 1925 1715 erwarte ich mit Spannung.- Wo war diese Dame vorher
323 1715 687 1816 engagiert? -
323 1835 1894 1969 Ihr Rath ist mir immer erwünscht, auch wenn ich Sie
308 1958 1934 2076 nicht gerade darum frage. Im Falle Raphael mar sein
323 2073 2014 2196 Sinn wohl vorherzusehen. Auch ich denke, dass hier kaum
327 2191 1897 2322 etwas zu gewinnen, immerhin aber etwas. zu verlieren
316 2311 1962 2444 wäre, und so warte ich auf die Auferstehung des „Mär-
323 2418 1864 2540 chen“ vielleicht doch lieber bis zun dem 1922 von
310 2547 1864 2680 Meinhardt im Deutschen Theater zu veranstaltenden
310 2658 930 2761 Schnitzl er-Cyclus.-
310 2741 1890 2911 Meine Frage: Kommen Sie nach Wien, bezog sich nicht
3228 410 3444 537 14 1 4
3302 576 4300 803 167 a 58
4003 679 4428 801 (16.12.1925.)
2818 786 4531 960 auf Ihr Gastspiel, das ich (verzeihen Sie) total verges-
2818 943 4400 1059 sen hatte, sondern auf irgend eine Fahrt aus andern
2820 1043 4114 1183 Gründen, die Sie als möglich hinstellten.-
2826 1165 4524 1312 In Sachen Burgtheater hab ich also gethan, wie Sie auch
2820 1283 4572 1434 für das vernünftigste hielten? keine weiteren Verpflich-
2833 1408 4441 1554 tungen übernommen u. mir vorbehalten, Schlenther zur
2818 1519 4494 1643 Berliner Premiere einzuladen. Man (Rosenbaum) bat nun
2833 1648 4481 1777 mich keineswegs in Wien etwas zu unternehmen, eh ich
2820 1770 4400 1894 mich nochmals mit der Burg in Verbindung gesetzt.
2837 1888 4321 2006 Kluge Leute glauben, dass die zweifelnde Haltung
2833 2017 4483 2130 Schlenthers, trotzdem es nicht zugegeben wird, auf Con-
2833 2126 4507 2259 surschwierigkeiten zurückzuführen, u.dass er vorläufig
2833 2252 4387 2381 aus Gefälligkeit die Bedenken der Censur auf sein
2831 2361 4088 2486 aesthetisches Gewissen überladen lässt.-
2833 2482 4583 2595 Würden Sie an meiner Stelle unter diesen Umständen doch
2850 2595 4160 2698 schon jetzt mit dem Volksth. unterhandeln?
3132 2676 4136 2776 Seien Sie herzlich gegrüsst.-Ihr
2833 2785 3966 2898 Spross und Gattin grüssen herzlich.
