4905 4008
1115 365 1432 493 1
300 594 806 741 davon
584 661 1014 886 Levl
1045 709 1965 850 Vien, 1. September 1903.
361 837 789 1028 B. S.
646 940 1497 1089 Sehr verehrliche Direktion:
798 1131 2154 1284 Wie Sie aus dem neuerlich beiliegenden Ver-
646 1259 2101 1362 trage entnehmen verden, habe ich mich zu einer
638 1354 2074 1488 Unterschrift leider noch nicht entschliessen
663 1431 2124 1587 können. Dies hat seinen Grund darin, dass die
640 1568 2168 1687 in Ihrem werten Schreiben vom 29. August angeführ-
655 1660 2126 1793 ten Voraussetzungen, unter denen Sie mir statt
661 1736 2112 1893 der von mir gewünschten 3, nur 11 für die Auf-
657 1866 2109 1983 führung des "Puppensnialars" zusiehern wollen,
638 1963 1939 2086 den Tatsachen nicht durchaus entsprechen.
762 2063 2166 2175 Se habe ich vor allem diesen meinen Anspruch.
625 2149 2112 2275 bereits in einem früheren Schreiben - ob in dem
626 2237 2028 2391 vom 30. Juli oder in einem anderen, weiss ich
636 2342 2137 2517 nicht - Ausdruck gegeben, und ich zweifle nicht,
632 2447 2101 2578 dass die betreffende Stelle, die ungefähr lau-
602 2527 2028 2682 tet! "Dreiperzentigen Kontrakt vollen Sie mir
596 2655 2111 2834 freundlichst bald zusenden" ohne besondere Mühe
3054 724 3807 867 auffindbar sein dürfte.
3222 821 4597 963 Des Fernern entbehrt Ihre geschätzte Bemer¬
3102 930 4618 1049 kung, dass der Satz von 2x für Einakter an Deut-
3115 1026 4565 1173 schen Theater der Norm entspricht, meinen per-
3102 1115 4590 1272 sönlichen Erfahrungen nach der allgemeinen Sil-
3083 1220 4553 1339 tigkeit. Denn was mich anbelangt, habe ich für
3071 1320 4546 1469 die Aufführungen des-"Paracelsus" am Deutschen
3073 1419 4590 1593 Theater nicht 2, sondern 3d, für die des "Kakadus"
3066 1526 4515 1675 8 1/2 - nicht ausnahmsweise 3x, wie Sie heute
3066 1631 4510 1772 glauben - erhalten, was auch in Ihren Büchern
3085 1730 3746 1847 vermerkt sein dürfte.
3215 1832 3619 1941 Es sei mir e
3809 1805 4532 1950 hier beizufügen, dass
3090 1925 4559 2053 ich (vie jeder Autor:) vom Burgtheater ### für
3088 2025 4582 2166 Aufführung von Einaktern erhalten habe, sondern
3064 2130 4584 2290 dass in einer Abmachung mit dem Deutschen Volks-
3094 2246 4492 2355 theater, "Litteratur" betreffend, der gleiche
3052 2332 4573 2483 Tantièmensatz bestimmt wurde, und dass mir sogar
3077 2433 4565 2542 das Raimundtheater für die Aufführung des "Ab-
3052 2527 4546 2655 schiedssouper“ den gleichen Perzentsatz bezahlt
3071 2636 4603 2773 hat. Auch nach diesen Erfahrungen hatte ich kei-
