5095 4120
1631 800 1932 904 11.10.01.
471 880 2145 996 budenklich - um so bedenklicher, als alle Stücke zart,
475 998 2175 1134 geistreich, sinnvoll, aber keines besonders theaterkräf-
495 1108 2164 1222 tig ist (ich spreche von den vier ernsten). Am ersten
471 1231 2199 1362 „dramatisch" würde die Costümscene der „Frau m.d.D.“ wir-
478 1306 2199 1452 ken, aber der Schluss - durch Ihre Aenderung in nichts
495 1478 2145 1598 Wesentlichem gebessert - droht die Wirkung in Befrem-
501 1598 2151 1693 den aufzulösen. Zu der allgemeinen Erwägung, dass ein
523 1704 2203 1818 solches Kaleidoskop die Hörer verwirren muss,und dass
499 1820 2171 1940 ein bis 3/lic (wir haben es genau berechnet) spielen-
508 1947 2078 2059 des Potpourri sie ermüden müsste, kommt also hinzu,
508 2067 2128 2192 dass eine allzu grosse Zahl von lauter Leckerbissen
506 2186 2100 2304 noch schwerer munden würde, als ein mehr gemischtes
499 2302 2171 2399 Gericht; und deshalb muss ich Ihnen nun definitiv die
501 2416 2119 2569 Fünfzahl als nach unserer Meinung höchst gefährlich
506 2523 2181 2700 bezeichnen, und bitte Sie recht sehr, mit sich zu Rathe
508 2676 2229 2814 zu gehen, ob Sie nicht auf eines der Stücke verzichten,
518 2760 2121 2891 resp. es für eine andere Gelegenheit zurückstellen
514 2861 2235 3046 wollen. Welches - bliebe natürlich Ihnen überlassen, da
514 2992 2143 3126 ja nicht die Rede davon sein kann, dass eines „abge-
4281 802 4586 897 11.10.01.
3001 882 4690 1024 lehnt" oder dergl. sein solle; wollen Sie aber meine
3007 983 4677 1134 Meinung wissen, so würde ich die „Frau m.d.D." nennen,
2997 1069 4552 1254 wegen des Schlusses, den Sie vielleicht in einiger
3007 1187 4692 1388 Zeit doch noch anders fassen; oder - es thut mir leid
3020 1304 4642 1489 aber ich kann mir nicht helfen - die „Masken“, deren
3010 1418 4679 1622 Theaterwirkung in der vorliegenden Form mir problema¬
3020 1547 4645 1758 tisch erscheint. Aber haben Sie nicht überhaupt die
3020 1648 4673 1852 beiden neuen Stücke etwas überhastet, und liesse sich
3020 1764 4660 1975 nicht nach einer Pause,in der Sie Distanz zu der Ar-
3038 1949 4483 2091 beit gewinnen, noch einmal darauf zurückkommen?
3033 2003 4716 2196 In den Besetzungsfragen werden wir uns unschwer eini-
3033 2192 4629 2326 gen. Puppenspieler Rittner ist eine gute Idee, wenn
3038 2255 4735 2435 man ihn herankriegen kann;Rademacher vielleicht Sauer?
3046 2444 4752 2554 Anna-Lehmann, Florian-Fischer einverstanden. Ich dächte
3063 2543 4677 2687 die Stücke nach dem „rothen Hahn" zu bringen, der im
3063 2668 4767 2799 November kommen soll;doch erst müssen wir die Zahl und
3055 2797 4737 2921 Wahl erledigen.ym Laufe dieses Monats, mehr gegen Ende
3070 2865 4709 2973 zu, komme ich wahrscheinlich nach Wien, da könnten wir
3074 2913 4713 3048 besser als es schriftlich möglich ist, noch alles be-
3068 2997 4223 3132 sprechen.-Herzlich grüssend Ihr O.B.
