<?xml version="1.0" encoding="UTF-8" standalone="yes"?>
<PcGts xmlns="http://schema.primaresearch.org/PAGE/gts/pagecontent/2013-07-15" xmlns:xsi="http://www.w3.org/2001/XMLSchema-instance" xsi:schemaLocation="http://schema.primaresearch.org/PAGE/gts/pagecontent/2013-07-15 http://schema.primaresearch.org/PAGE/gts/pagecontent/2013-07-15/pagecontent.xsd">
    <Metadata>
        <Creator>prov=READ-COOP:name=TrHtr:version=2.1.0:model_id=51170:date=26_07_2023_01:53</Creator>
        <Created>2023-05-02T07:44:29.387+02:00</Created>
        <LastChange>2023-07-26T01:53:50.733+02:00</LastChange>
        <TranskribusMetadata docId="1416706" pageId="54950438" pageNr="35" tsid="130869954" status="IN_PROGRESS" userId="64420" imgUrl="https://files.transkribus.eu/Get?id=HQKADMOXWLXXLRDGVZXUIIFL&amp;fileType=view" xmlUrl="https://files.transkribus.eu/Get?id=QQXQUYOULKTQWHSDXUHXSHNF" imageId="44454164"/>
    </Metadata>
    <Page imageFilename="1416706_0035.jpg" imageWidth="2472" imageHeight="4105">
        <ReadingOrder>
            <OrderedGroup id="ro_1711829245061" caption="Regions reading order">
                <RegionRefIndexed index="0" regionRef="tr_2"/>
                <RegionRefIndexed index="1" regionRef="tr_3"/>
                <RegionRefIndexed index="2" regionRef="tr_1"/>
            </OrderedGroup>
        </ReadingOrder>
        <TextRegion id="tr_2" custom="readingOrder {index:0;}">
            <Coords points="838,460 2059,460 2059,1108 838,1108"/>
            <TextLine id="tr_2_tl_1" custom="readingOrder {index:0;}">
                <Coords points="1702,538 1734,533 1770,555 1800,540 1847,567 1870,550 1974,570 2029,542 2055,548 2048,412 1983,423 1934,455 1902,431 1830,440 1810,421 1794,431 1772,421 1738,434 1698,414"/>
                <Baseline points="1713,510 1758,513 1803,510 1847,516 1892,516 1937,519 1982,519 2027,525 2059,525"/>
                <TextEquiv>
                    <Unicode>1 1/4 1/2 1.</Unicode>
                </TextEquiv>
            </TextLine>
            <TextLine id="tr_2_tl_2" custom="readingOrder {index:1;}">
                <Coords points="1541,497 1558,495 1572,482 1600,470 1609,472 1617,465 1628,465 1626,404 1615,404 1609,410 1594,408 1587,414 1575,410 1568,416 1553,406 1538,406"/>
                <Baseline points="1552,513 1597,513 1636,516"/>
                <TextEquiv>
                    <Unicode>Votre</Unicode>
                </TextEquiv>
            </TextLine>
            <TextLine id="tr_2_tl_3" custom="readingOrder {index:2;}">
                <Coords points="982,922 1018,922 1052,903 1065,912 1084,905 1088,912 1094,907 1107,916 1120,916 1130,797 1107,793 1103,786 1056,795 1048,784 1020,790 1012,780 997,778"/>
                <Baseline points="1000,856 1041,850 1086,847 1131,841"/>
                <TextEquiv>
                    <Unicode>20</Unicode>
                </TextEquiv>
            </TextLine>
            <TextLine id="tr_2_tl_4" custom="readingOrder {index:3;}">
                <Coords points="1239,939 1292,931 1332,948 1507,929 1558,941 1596,975 1632,950 1679,963 1715,939 1770,958 1772,839 1757,833 1683,842 1609,822 1490,854 1420,835 1347,865 1241,844"/>
                <Baseline points="1250,904 1283,901 1328,901 1373,898 1418,901 1462,898 1507,898 1552,898 1597,895 1642,892 1686,889 1731,892 1776,895"/>
                <TextEquiv>
                    <Unicode>Berlin, 2.1.1897.</Unicode>
                </TextEquiv>
            </TextLine>
            <TextLine id="tr_2_tl_5" custom="readingOrder {index:4;}">
                <Coords points="827,1103 1613,1092 1615,992 1528,980 1485,1009 1417,982 1318,1022 1105,990 1052,1024 973,992 912,1035 829,1028"/>
                <Baseline points="838,1098 856,1095 901,1089 946,1086 991,1083 1035,1083 1080,1080 1125,1080 1170,1080 1215,1077 1259,1077 1304,1077 1349,1077 1394,1074 1438,1071 1483,1071 1528,1068 1573,1071 1618,1074"/>
                <TextEquiv>
                    <Unicode>Lieber Doctor Schnitzler,</Unicode>
                </TextEquiv>
            </TextLine>
        </TextRegion>
        <TextRegion id="tr_3" custom="readingOrder {index:1;}">
            <Coords points="417,1126 2119,1126 2119,1935 417,1935"/>
            <TextLine id="tr_3_tl_1" custom="readingOrder {index:0;}">
                <Coords points="406,1258 2010,1201 2012,1094 1400,1143 408,1120"/>
                <Baseline points="417,1218 447,1221 492,1218 537,1215 582,1212 626,1212 671,1212 716,1209 761,1209 806,1206 850,1206 895,1206 940,1203 985,1203 1029,1200 1074,1200 1119,1200 1164,1197 1209,1197 1253,1194 1298,1194 1343,1194 1388,1191 1433,1191 1477,1188 1522,1188 1567,1185 1612,1185 1656,1185 1701,1182 1746,1179 1791,1179 1836,1179 1880,1176 1925,1176 1970,1176 2015,1179"/>
                <TextEquiv>
                    <Unicode>ein bischen Bedenken hatte ich ja (wenn sie auch an</Unicode>
                </TextEquiv>
            </TextLine>
            <TextLine id="tr_3_tl_2" custom="readingOrder {index:1;}">
                <Coords points="406,1341 1953,1330 1968,1252 408,1252"/>
                <Baseline points="417,1334 447,1334 492,1334 537,1334 582,1331 626,1331 671,1328 716,1328 761,1328 806,1325 850,1325 895,1322 940,1319 985,1319 1029,1316 1074,1316 1119,1316 1164,1313 1209,1313 1253,1313 1298,1310 1343,1310 1388,1310 1433,1307 1477,1304 1522,1304 1567,1304 1612,1301 1656,1298 1701,1298 1746,1298 1791,1298 1836,1295 1880,1298 1925,1298 1970,1304"/>
                <TextEquiv>
                    <Unicode>das feierliche Wort Gewissen nicht heranreichten);</Unicode>
                </TextEquiv>
            </TextLine>
            <TextLine id="tr_3_tl_3" custom="readingOrder {index:2;}">
                <Coords points="404,1477 1742,1422 1853,1456 2034,1428 2036,1368 408,1375"/>
                <Baseline points="417,1456 429,1456 474,1453 519,1450 564,1450 609,1450 653,1447 698,1447 743,1447 788,1444 832,1441 877,1441 922,1441 967,1438 1012,1438 1056,1438 1101,1436 1146,1436 1191,1433 1235,1433 1280,1433 1325,1430 1370,1430 1415,1427 1459,1424 1504,1424 1549,1424 1594,1421 1639,1418 1683,1418 1728,1418 1773,1415 1818,1412 1862,1412 1907,1412 1952,1412 1997,1412 2042,1409"/>
                <TextEquiv>
                    <Unicode>aber um Ihnen und dem mir sympathischen Herrn Salten</Unicode>
                </TextEquiv>
            </TextLine>
            <TextLine id="tr_3_tl_4" custom="readingOrder {index:3;}">
                <Coords points="408,1592 2004,1560 2114,1543 2116,1477 410,1477"/>
                <Baseline points="420,1579 462,1573 507,1573 552,1573 597,1570 641,1570 686,1567 731,1567 776,1564 821,1561 865,1561 910,1561 955,1561 1000,1558 1044,1555 1089,1555 1134,1555 1179,1552 1224,1552 1268,1549 1313,1549 1358,1549 1403,1546 1447,1543 1492,1543 1537,1540 1582,1540 1627,1540 1671,1537 1716,1537 1761,1537 1806,1534 1850,1534 1895,1531 1940,1531 1985,1528 2030,1528 2074,1525 2119,1522"/>
                <TextEquiv>
                    <Unicode>gefällig zu sein, habe ich sie tapfer heruntergeschluckt</Unicode>
                </TextEquiv>
            </TextLine>
            <TextLine id="tr_3_tl_5" custom="readingOrder {index:4;}">
                <Coords points="412,1696 2074,1658 2074,1598 2008,1583 414,1609"/>
                <Baseline points="423,1689 468,1689 513,1686 558,1686 603,1686 647,1683 692,1680 737,1680 782,1677 826,1677 871,1677 916,1674 961,1674 1006,1671 1050,1668 1095,1668 1140,1668 1185,1665 1230,1665 1274,1662 1319,1665 1364,1662 1409,1662 1453,1662 1498,1659 1543,1656 1588,1656 1633,1656 1677,1653 1722,1650 1767,1650 1812,1650 1856,1650 1901,1647 1946,1647 1991,1644 2036,1644 2080,1647"/>
                <TextEquiv>
                    <Unicode>und den beif. Schreibebrief abgefasst, der hoffentlich</Unicode>
                </TextEquiv>
            </TextLine>
            <TextLine id="tr_3_tl_6" custom="readingOrder {index:5;}">
                <Coords points="412,1815 1842,1802 2070,1789 2072,1730 414,1726"/>
                <Baseline points="423,1809 462,1809 507,1806 552,1806 597,1803 641,1803 686,1800 731,1800 776,1800 821,1797 865,1797 910,1794 955,1794 1000,1794 1044,1791 1089,1791 1134,1788 1179,1788 1224,1785 1268,1782 1313,1782 1358,1782 1403,1779 1447,1779 1492,1779 1537,1779 1582,1776 1627,1776 1671,1773 1716,1773 1761,1770 1806,1770 1850,1770 1895,1767 1940,1767 1985,1764 2030,1764 2074,1767"/>
                <TextEquiv>
                    <Unicode>nach Wunsch geraten ist, Herrn S. zum Ziele hilft und</Unicode>
                </TextEquiv>
            </TextLine>
            <TextLine id="tr_3_tl_7" custom="readingOrder {index:6;}">
                <Coords points="414,1942 2066,1904 2027,1825 1828,1804 1723,1847 1052,1817 648,1864 416,1819"/>
                <Baseline points="426,1925 459,1922 504,1922 549,1919 594,1919 638,1916 683,1916 728,1916 773,1916 818,1913 862,1913 907,1910 952,1910 997,1910 1041,1910 1086,1907 1131,1907 1176,1904 1221,1901 1265,1901 1310,1901 1355,1898 1400,1895 1444,1895 1489,1895 1534,1892 1579,1892 1624,1892 1668,1889 1713,1889 1758,1889 1803,1886 1847,1886 1892,1883 1937,1883 1982,1883 2027,1883 2071,1886"/>
                <TextEquiv>
                    <Unicode>dies vor allem - ihn nicht in eine Sache hineinsetzt,</Unicode>
                </TextEquiv>
            </TextLine>
        </TextRegion>
        <TextRegion id="tr_1" custom="readingOrder {index:2;}">
            <Coords points="426,1950 2110,1950 2110,3114 426,3114"/>
            <TextLine id="tr_1_tl_1" custom="readingOrder {index:0;}">
                <Coords points="416,2066 1779,2038 2106,2012 2108,1966 419,1961"/>
                <Baseline points="429,2045 453,2042 498,2039 543,2039 588,2039 632,2036 677,2036 722,2036 767,2036 812,2033 856,2030 901,2030 946,2027 991,2027 1035,2027 1080,2024 1125,2021 1170,2021 1215,2021 1259,2018 1304,2018 1349,2015 1394,2015 1438,2012 1483,2012 1528,2012 1573,2009 1618,2009 1662,2009 1707,2009 1752,2009 1797,2006 1842,2006 1886,2003 1931,2000 1976,2000 2021,2000 2065,2000 2110,2000"/>
                <TextEquiv>
                    <Unicode>die er einmal bereut.- Der Weltstadt Bromberg habe ich</Unicode>
                </TextEquiv>
            </TextLine>
            <TextLine id="tr_1_tl_2" custom="readingOrder {index:1;}">
                <Coords points="414,2161 531,2206 695,2157 916,2199 1677,2134 1923,2168 2010,2150 2012,2078 1128,2055 1024,2100 416,2110"/>
                <Baseline points="426,2158 450,2155 495,2158 540,2158 585,2155 629,2155 674,2155 719,2152 764,2152 809,2152 853,2149 898,2146 943,2146 988,2143 1032,2143 1077,2143 1122,2140 1167,2140 1212,2140 1256,2137 1301,2134 1346,2134 1391,2134 1436,2131 1480,2128 1525,2128 1570,2125 1615,2125 1659,2125 1704,2125 1749,2122 1794,2122 1839,2122 1883,2122 1928,2119 1973,2119 2018,2119"/>
                <TextEquiv>
                    <Unicode>übrigens auch schon zu einem Director verholfen. So</Unicode>
                </TextEquiv>
            </TextLine>
            <TextLine id="tr_1_tl_3" custom="readingOrder {index:2;}">
                <Coords points="416,2284 597,2306 742,2282 776,2304 924,2274 1014,2306 1237,2274 1237,2216 892,2218 844,2244 733,2204 642,2236 416,2229"/>
                <Baseline points="429,2277 435,2277 480,2277 525,2274 570,2274 615,2271 659,2271 704,2268 749,2268 794,2268 838,2268 883,2265 928,2265 973,2262 1018,2262 1062,2259 1107,2259 1152,2257 1197,2259 1241,2259"/>
                <TextEquiv>
                    <Unicode>bevölkert man das Weltall.</Unicode>
                </TextEquiv>
            </TextLine>
            <TextLine id="tr_1_tl_4" custom="readingOrder {index:3;}">
                <Coords points="722,2399 1938,2386 2066,2367 2066,2291 1742,2320 1649,2276 1307,2340 1060,2310 924,2342 856,2299 725,2333"/>
                <Baseline points="734,2385 773,2382 818,2382 862,2379 907,2382 952,2379 997,2379 1041,2376 1086,2376 1131,2376 1176,2376 1221,2376 1265,2373 1310,2373 1355,2370 1400,2370 1444,2370 1489,2370 1534,2367 1579,2364 1624,2364 1668,2361 1713,2358 1758,2358 1803,2358 1847,2355 1892,2355 1937,2355 1982,2352 2027,2349 2071,2352"/>
                <TextEquiv>
                    <Unicode>Weiter habe ich, um Ihnen (nicht dem mir un-</Unicode>
                </TextEquiv>
            </TextLine>
            <TextLine id="tr_1_tl_5" custom="readingOrder {index:4;}">
                <Coords points="431,2537 1972,2518 2087,2497 2089,2416 434,2459"/>
                <Baseline points="444,2513 480,2510 525,2510 570,2507 615,2507 659,2504 704,2501 749,2501 794,2501 838,2501 883,2501 928,2498 973,2495 1018,2492 1062,2492 1107,2492 1152,2492 1197,2489 1241,2489 1286,2489 1331,2486 1376,2486 1421,2486 1465,2483 1510,2483 1555,2480 1600,2477 1644,2477 1689,2477 1734,2474 1779,2474 1824,2474 1868,2471 1913,2471 1958,2468 2003,2468 2048,2468 2092,2468"/>
                <TextEquiv>
                    <Unicode>sympathischen Herrn Bahr) gefällig zu sein, desselbigen</Unicode>
                </TextEquiv>
            </TextLine>
            <TextLine id="tr_1_tl_6" custom="readingOrder {index:5;}">
                <Coords points="423,2644 2038,2607 2091,2599 2093,2537 2025,2499 620,2595 425,2558"/>
                <Baseline points="435,2627 438,2627 483,2627 528,2627 573,2627 617,2624 662,2624 707,2624 752,2621 797,2618 841,2621 886,2618 931,2618 976,2615 1021,2612 1065,2612 1110,2612 1155,2609 1200,2609 1244,2606 1289,2603 1334,2603 1379,2603 1424,2600 1468,2600 1513,2597 1558,2597 1603,2594 1647,2594 1692,2594 1737,2594 1782,2594 1827,2591 1871,2588 1916,2588 1961,2588 2006,2588 2051,2585 2095,2579"/>
                <TextEquiv>
                    <Unicode>Stück gelesen. Ich finde es für das Deutsch.Th. nicht</Unicode>
                </TextEquiv>
            </TextLine>
            <TextLine id="tr_1_tl_7" custom="readingOrder {index:6;}">
                <Coords points="429,2769 1853,2739 2019,2718 2021,2648 431,2690"/>
                <Baseline points="441,2752 456,2749 501,2746 546,2746 591,2746 635,2743 680,2743 725,2740 770,2737 815,2737 859,2734 904,2734 949,2731 994,2731 1038,2731 1083,2728 1128,2728 1173,2725 1218,2725 1262,2722 1307,2719 1352,2719 1397,2719 1441,2716 1486,2716 1531,2716 1576,2713 1621,2713 1665,2710 1710,2710 1755,2707 1800,2707 1845,2707 1889,2704 1934,2704 1979,2704 2024,2707"/>
                <TextEquiv>
                    <Unicode>geeignet. Da Hr.B. es nicht direct eingereicht hat,</Unicode>
                </TextEquiv>
            </TextLine>
            <TextLine id="tr_1_tl_8" custom="readingOrder {index:7;}">
                <Coords points="429,2898 2025,2850 2051,2788 599,2786 431,2837"/>
                <Baseline points="441,2866 486,2863 531,2863 576,2863 620,2860 665,2860 710,2857 755,2857 800,2854 844,2851 889,2851 934,2851 979,2848 1024,2848 1068,2845 1113,2845 1158,2842 1203,2842 1247,2839 1292,2839 1337,2839 1382,2836 1427,2833 1471,2833 1516,2833 1561,2830 1606,2830 1650,2827 1695,2827 1740,2827 1785,2827 1830,2824 1874,2824 1919,2821 1964,2821 2009,2821 2053,2818"/>
                <TextEquiv>
                    <Unicode>so kann ich mich auf diese Cabinets-Justiz beschrän-</Unicode>
                </TextEquiv>
            </TextLine>
            <TextLine id="tr_1_tl_9" custom="readingOrder {index:8;}">
                <Coords points="427,3015 895,2973 1062,3020 1271,2966 1723,3005 2102,2956 2104,2877 429,2926"/>
                <Baseline points="438,2979 450,2979 495,2979 540,2979 585,2976 629,2976 674,2976 719,2973 764,2970 809,2970 853,2970 898,2967 943,2964 988,2964 1032,2964 1077,2961 1122,2961 1167,2961 1212,2958 1256,2958 1301,2955 1346,2955 1391,2952 1436,2952 1480,2949 1525,2949 1570,2949 1615,2949 1659,2946 1704,2946 1749,2946 1794,2943 1839,2943 1883,2943 1928,2940 1973,2940 2018,2937 2062,2937 2107,2937"/>
                <TextEquiv>
                    <Unicode>ken und die Motivierung des Urtheils Ihnen und mir er-</Unicode>
                </TextEquiv>
            </TextLine>
            <TextLine id="tr_1_tl_10" custom="readingOrder {index:9;}">
                <Coords points="431,3122 459,3130 487,3120 533,3151 565,3132 589,3136 604,3154 684,3162 686,3043 640,3058 618,3047 586,3052 512,3026 455,3045 431,3043"/>
                <Baseline points="444,3104 468,3101 513,3101 558,3098 603,3098 647,3098 692,3098"/>
                <TextEquiv>
                    <Unicode>sparen.</Unicode>
                </TextEquiv>
            </TextLine>
        </TextRegion>
    </Page>
</PcGts>
