5085 4088
1084 712 1315 828 243
1732 712 2057 873 19.1.09.
498 845 2203 1022 noch einiges Schnitzlerisch-Anatolische etc. damit zu-
513 967 2132 1114 sammenspannen - nur um Geduld und „Spiel“raum müsst
526 1082 2134 1264 ich Sie bitten, da ich nach menschlicher Voraussicht
524 1200 2154 1379 zunächst keinen Platz schaffen könnte dafür: wir be-
526 1326 2201 1491 ginnen jetzt den Jbsen-Cyclus - nach dem stark erfolg-
808 1452 988 1531 König
526 1437 2137 1593 reichen „Kntag" - dann soll Ende Februar „Griselda"
526 1568 2167 1717 dran kommen, und so geht halt die gute Zeit hin. Den-
524 1679 2241 1848 noch hoffe ich stark, dass Sie es auch in Ihrem Interes-
537 1835 2117 1963 se finden, die, doch nicht recht lockenden, Lockungen
543 1942 2111 2057 der verschiedenen Outsider zu überhören (sagen Sie
535 2066 2092 2203 doch, Ihr Ohr tut weh) und sich mit mir, ohne lange
541 2147 2214 2333 Bankschiebung, über den Inhalt und die Chronologie des
543 2314 1444 2425 präsumtitten Abends einigen.
853 2387 2303 2526 Ich grüsse Sie alle herzlich und freundschaft-
556 2566 736 2671 lich.
1134 2676 1305 2761 O.B.
550 2746 2209 2917 Auf das Ergebnis Ihrer Durchsicht der beiden grossen
550 2909 1251 3065 Stücke sehr begierig.
3482 697 4322 856 244a Berlin, 23.2.1909.
3407 851 3893 982 Lieber Freund,
3041 958 4737 1091 den Vortrag habe ich angenommen, um den Termin: Ausgang
3052 1033 4684 1228 März ersucht, aber diese Wiener Bummelanten haben mir
3054 1185 4724 1322 noch keinen Bescheid gegeben. Ich habe reclamiert und
3058 1313 4729 1454 schreibe Ihnen dann. Inzwischen hypothetisch: Ankunft
3056 1412 4630 1572 in Wien oder Semmering (ist's da nicht sehr nass?)
3058 1557 3965 1698 20.-22.März, für ca. 10 Tage.
3777 1668 4044 1775 Ihrigst
3993 1790 4173 1901 O.B.
