4978 4056
1241 370 1472 539 " " "
1639 766 1976 871 (23.1.06.)
416 880 2064 999 tet genug; es wäre doch schön, wenn ich mich des edlen
429 1012 2123 1151 Cousinenpaars Marie und Katharina schattenlos erfreuen
422 1137 2033 1230 dürfte. Fängt man einmal mit der Einen zu probieren
427 1241 2193 1366 an, so ist das eine schwere Sache (Sie wissen’s ja selbst)
436 1390 2046 1478 - man wartet dann immer wieder auf den nächsten Tag,
429 1500 1980 1586 und plötzlich ist die Generalprobe da u. man kann
429 1617 2024 1705 nicht mehr umbesetzen. Zu grosse Jugendlichkeit ist
414 1709 2070 1822 keine Gefahr für die Rolle (Pippa ist ja auch höchst
429 1848 2077 1934 verführerisch) - eine Ahnung von „nicht mehr jung ge-
420 1958 2116 2059 nug" kann die Figur uneidlich machen. Somit komme ich
429 2088 2070 2178 zu dem Schlüsse, dass die Besetzung der Katharina mit
422 2193 2141 2330 Frl.Orloff unter den durch das Talent, das Wesen und den
416 2328 2130 2422 grossen Pippaerfolg geschaffenen Umständen eine Lakna
416 2460 2033 2556 Chance mehr für den Erfolg des „Rufs“ wäre und dass
436 2574 2033 2675 dagegen alles, was Sie mir bisher über Frau Kraus zu
416 2669 2042 2842 berichten die Güte hatten, kaum in günstigem Sinn in
416 2807 920 2946 Betracht kommt.
429 2922 2077 3054 Und nun zur weiteren Besetzung. Ich hoffe Bassermann-
3832 748 4184 893 (23.1.06.)
2915 895 4545 990 Oberst - Rei cher - Vater - Sauer Arzt steht so fest,
2928 1008 4605 1104 dass wir nicht mehr darüber reden müssen.- In Hinsicht
2919 1135 4492 1241 Maxens bekehr ich mich zu Ihrer Ansicht: Stieler -
2937 1239 4576 1362 der Umstand, das s Rittner unwillig an die Aufgabe sin-
2928 1382 4569 1470 ge, ist mir der einleuchtendste Gegengrund. Dann also
2922 1481 4539 1580 Rittner Adjunkt; Marr Albrecht.- Tante-Lehmann wäre
2922 1602 4616 1709 mir unendlich werthvoll. Vielleicht lässt sich das ma-
2935 1740 4574 1817 chen.- Von Walser, dem ich geschrieben, habe ich keine
2946 1857 4638 1936 Nachricht. Wann dürfte er fertig werden? Haben Sie ihn
2928 1982 4660 2068 gesprochen? Es wäre mir also höchlichst erwünscht, wenn
2935 2083 4596 2182 Sie mich in Ihrem nächsten Brief über die Besetzungs-
2946 2202 4585 2314 frage nach allen Richtungen endgiltig beruhigten und
2952 2334 4534 2427 die schwebende Katharina zu Gunsten des jungen und
2935 2431 4662 2548 heissen Frl.Orloff (von der mir gestern in Breslau auch
2952 2567 4605 2671 Werner Sombart, wie von der gesammten Pippaaufführung,
2944 2662 4598 2798 erfreuliches erzählte) ausser Schwebe gesetzt würde.-
3172 2759 4206 2838 Seien Sie herzlich gegrüsst.-Ihr
2946 2831 4563 2959 Wie alt ist Frau graus? - In welcher Rolle hatte sie
2939 2919 4580 3047 s.Z. Erfolg? - In welcher Rolle haben Sie sie gesehn?
