4869 4008
1225 333 1395 501 1 7
825 712 1755 859 34 a Wien, 8. Januar 1904.
363 947 1009 1107 Lieber Herr Brahmt—
942 1041 1702 1163 Es wird mir selbstver-
250 1160 1797 1273 tändlich ein Vergnügen sein, wenn das Lessingthe-
255 1261 1771 1381 ter im nächsten Jahr "Liebelei" und "Litteratur"
262 1362 1847 1480 a seinen Spielplan aufnimmt, es ist mir aber unver-
267 1480 1843 1588 tändlich, warum die künftige Direktion des Lessing-
273 1574 1836 1682 neaters diesen Abend nur mit dem Tantièmensatz von
214 1663 1682 1790 d? und nicht mit dem üblichen von 10% bewerten
267 1751 1794 1895 ichte. Raphael, der Volksbildner, hat mir abgese-
262 1870 1783 2008 in von einer Tantièmengarantie, für “Liebelei“ 7,
273 1992 1675 2102 ad für "Litteratur" 3L bewilligt, ohne mit der
283 2086 1760 2194 mper zu zucken. Ich glaube mich berechtigt, die
292 2192 1824 2298 eichen Bedingungen von Ihnen zu beanspruchen, wo-
280 2284 1737 2396 ei ich Ihnen übrigens die zuckende Wimper gern
285 2392 1824 2493 chsehe.- Falls Sie das alleinige Aufführungsrecht
285 2509 1824 2594 nächsten Jahr wünschen, so dürften Sie auch mein
292 2585 1764 2677 rlangen nach einer Tantièmengarantie, u.zw. von
262 2677 1684 2819 90 M für "Liebelei" und 300 M. für „Litteratur“
280 2812 1730 2943 eht unberechtigt finden. Sind Sie, lieber Herr
2612 820 4416 1004 Brahm, damit einverstanden, so ersuche ich um entsprechen-
2617 997 3026 1096 den Vertrag.
2775 1011 4400 1167 Die Gründe, welche Sie davon absehen liessen, die im
2640 1137 4404 1282 "Einsamen Vog" beschäftigten Darsteller mit den Stück be-
2624 1268 4356 1385 kannt zu machen, haben Sie mir nicht mitgeteilt. Velche
2633 1349 4480 1489 Gründe immer maassgebend waren, so denke ich, wird es jetzt
2640 1459 4453 1611 wol schon an der Zeit sein, den betreffenden Künstlern das
2647 1560 4379 1735 Stück zum Lesen zu geben. Sie befürchten wahrscheinlich,
2654 1654 4453 1801 dass man zu früh über das Stück zu schimpfen anfängt; aber
2644 1737 4466 1916 auf acht Tage früher oder später kommt es ja nicht an, und
2661 1861 4427 2003 das Wesentliche bleibt doch, dass den Schauspielern Gele-
2674 1974 4462 2123 genheit geboten wird, in den Sinn des Stücks und den Sinn
2665 2121 3485 2212 ihrer Rollen einzudringen.
2812 2164 4471 2316 Ich fahre nun auf ein paar Tage auf den Semmering und
2661 2270 4439 2415 hoffe, bei meiner Rückkunft Ihre freundlichen Nachrichten
2670 2419 3076 2511 vorzufinden.
