5041 4152
810 436 1071 572 1,1„
1162 442 1388 599 1,11
1191 905 1357 1012 148
1677 923 2065 1055 12.1.1904.
345 1098 2167 1175 Damit nun die rechtzeitige Verteilung der Bücher erfolgen
356 1212 2178 1305 kann, bitten wir Sie, uns noch einige Exemplare zustellen zu
354 1348 603 1445 wollen.
687 1443 1246 1547 Hochachtungsvoll
787 1561 1699 1677 Deutsches Theater zu Berlin.
1413 1672 1563 1770 O.B.
363 1781 1037 1903 Viele Grüsse, in Eile.
3262 424 3519 569 1 1/3
3462 889 3621 1019 149
3832 912 4547 1078 Berl in, 22. Jänner 1904.
2999 1112 3870 1212 Herrn Dr. Arthur Schnitzler
3435 1223 4272 1307 Wien XVIII.Spöttelgasse 7.
3303 1345 4150 1475 Sehr geehrter Herr Doktor!
3154 1477 4612 1552 Heute kann ich Ihnen mitteilen, dass die Arran-
2872 1570 4653 1661 gierprobe zum „einsamen Weg“ Anfang nächster Woche statt-
2893 1697 4694 1799 finden wird. Die Bühnenproben sollen dann am Montag den 1.
2890 1801 4665 1913 Februar beginnen. Die erste Aufführung ist für Sonnabend,
2893 1949 4665 2010 den 13. Februar in Aussicht genommen. Ich freue mich also,
2881 2067 4492 2164 Sie in absehbarer Zeit bei uns begrüssen zu können.
3464 2173 4011 2298 Hochachtungsvoll
2904 2387 4399 2491 Herzliche Grüsse und bringen Sie Ihre Frau mit!
