4955 4025
850 839 1200 977 Telegramm.
1189 962 1725 1084 Beri in, 9.1.1906.
352 1100 2102 1251 Freue mich mitteilen zu können dass Karl Walser Aussta-
345 1229 2041 1367 tung übernimmt. Bitte ihn Charlottenburg Kaiser Fried-
345 1347 2102 1509 rich Staasse 70 Ihre Wünsche im Ganzen und Einzelnen um-
345 1485 926 1603 gehend schreiben.
884 1598 1175 1736 Grüssend
1109 1703 1325 1841 Brahm
3564 819 4141 951 Berlin, 12.1.1906.
3277 944 3720 1102 Lieber Freund,
2805 1095 4593 1242 die Pippa soll am 19.zuerst tanzen und macht viel Plage,
2818 1211 4499 1358 entschuldigen Sie also, wenn ich nicht so rasch und so
2818 1336 4579 1454 ausführlich antworten kann, wie Ihre ungeduld es wünscht.
2830 1469 4359 1567 (Oder sagen wir: Ihre begreifliche Wissbegierde).
2836 1596 4510 1692 Glücklicherweise hat der Fall Walser ja grade gezeigt,
2823 1687 4533 1821 dass man langsam auch zum Ziel kommt! Max habe ich von
2830 1830 4539 1946 verschiedenen Seiten betrachtet, komme aber Ihrem Gedan-
2823 1964 4455 2048 ken, Rittner die Rolle spielen zu lassen, nicht näher.
2827 2070 4490 2171 Mir erscheint Max bei Stieler gut aufgehoben, der eine
2834 2164 4493 2280 hübsche Figur hat, in uniform viel besser aussieht, als
2830 2286 4510 2387 das Unge thüm Rittner, und einen viel anspruchsvollen
2830 2413 4477 2509 Leutnant, den im „Rosenmontag“, ganz gut bewältigt. R.
2794 2502 4557 2625 würde sicher sehr unlustig an die Rolle gehen, aus äusse-
2830 2656 4533 2738 ren Gründen, wie wegen der Passivität des Jünglings, der
2836 2749 4404 2859 in allen Scenen eigentlich die zweite Stimme hat.-
2836 2885 4586 2983 Wegen der langen Proben ist Fr. Kraus noch nicht zum Vor-
