5032 4088
1046 607 1253 712 252
966 738 1578 889 Nauheim, 10.7.1909.
355 788 2019 1050 Lieber Freund, ich habe an Behr geschrieben und werde
362 904 2062 1143 Ihnen, wenn er einverstanden ist, das Ms. zusenden. Ich
370 1025 2099 1251 glaube, es wäre das Beste,Sie lesen dann nur das Nicht-
375 1158 2051 1386 Gestrichene, um den Eindruck zu erhalten, was wir unge-
385 1268 1970 1481 fähr spielen wollen. Die Garantie von 1000 M. für
407 1386 2105 1623 Mizzi bin ich bereit zu zahlen, und sage, auch mit Kerr:
398 1589 1283 1741 Mögen Sie glücklich werden.
913 1705 1294 1830 Bestens Ihr
1285 1799 1440 1939 O.B.
1978 2066 2148 2185 A. F.
3543 607 3717 717 253
3793 654 4417 777 Nauheim, 24.7.1909.
3431 777 3896 919 Lieber Freund,
3072 893 4770 1018 den „Anatol“ habe ich jetzt noch mal gelesen und möcht
3054 979 4723 1134 ihn spielen. Ich meine mit Ihnen, dass nicht alle Stü-
3065 1121 4701 1253 cke zu spielen wären; aber den Hochzeitsmorgen möcht
3072 1218 4686 1369 ich nieht weglassen; als Abschluss, wie um seiner Lu-
3065 1343 4699 1505 stigkeit willen, brauchen wir ihn. Weshalb wollen Sie
3052 1464 4710 1617 den eliminieren? Ein bischen viel ge tollt wird ja, ge-
3054 1601 4757 1718 gen den Schluss hin, wo A. sich in den Frack schmeisst;
3054 1688 4692 1838 aber sonst find ich: von einer angenehmen Frechheit.
3048 1843 4710 1972 Dagegen scheinen mir Denksteine und Agonie von Schwä-
3054 1933 4770 2088 cherer Wirkung, sie möcht ich opfern, auch um die Mensch-
3054 2051 4757 2202 heit nicht mit 7 verschiedenen Dingen zu belasten. Dass
3054 2176 4699 2320 der Abend dadurch zu kurz wird, fürcht ich nicht; aber
3048 2277 4727 2428 dass er an Eindringlichkeit gewinnt, weiss ich, und die
3041 2411 4757 2542 langen Genüsse sind ja auch heute gar nicht so beliebt.
3048 2508 4697 2667 Den Anatol wird, glaube ich, Monnard ganz gut kriegen,
3039 2635 4772 2807 aber es empfiehlt sich, etwas zu warten, bis er sich bes-
3048 2777 4667 2897 ser auskennt und wir uns zu ihm. (Ich will mich aber
3041 2882 4686 3052 zur Aufführung in dieser Spielzeit verpflichten). Die
