5049 4088
1124 677 1297 830 228
1386 772 2188 887 Waisser Hirsch, 14.3.1908.
574 927 2224 1050 Lieber Freund, ich sende Ihnen einen herzlichen Gruss
590 1052 2080 1153 aus der alten Lahmannburg,wo ich meine vom öden
588 1194 2250 1274 Winter ramponirten Nerven etwas in Ordnung zu bringen
590 1310 2106 1405 suchte. Die niederösterreichischen Möglichkeiten
590 1390 2199 1547 schianen mir zu unbestimmt - trotz des verlockenden
586 1522 2214 1630 Kellners aus dem eckokelhaften Imperial - und zu Ex-
586 1655 2231 1767 perimenten reichte auch die Zeit nicht, ich muss Mitt-
586 1744 2205 1858 woch wieder zu Haus sein. Brauch ich Ihnen zu sagen,
590 1862 2211 1994 wie leid es mir aber ist, um das Zusammensein mit Ih-
580 1972 2241 2106 nen Beiden gekommen zu sein? Es hätte mich so sehr ge-
586 2131 2247 2233 freut, Sie nach der schweren Zeit jetzt wiederzusehen!
897 2228 2233 2347 Was macht der „Ruf“ und die andern schönen
580 2372 2277 2461 Pläne? Der Abschluss mit Wien ist uns noch immer nicht
574 2484 2247 2592 geglückt, hoffentlich wird's noch. Haben Sie die Pres-
590 2603 2267 2683 se über „Lebendige St." gelesen? Sie war,was man sagt,
574 2719 2195 2819 recht freundlich, das Publikum auch - aber diese un-
586 2842 2241 2973 freundliche Saison und die Launigkeit gegenüber „Ein-
3615 745 3771 834 228
4262 751 4550 874 14.3.08
2986 859 4577 1035 aktern", die in den reaktionären Zeitläuften wieder
3001 1026 4652 1168 aufkam (sie hat auch dem Salten sehr geschadet) lies
3009 1141 4647 1306 es zu keinem ganzen Gedeihen kommen. Ich hatte sonst
3009 1255 4586 1397 Vorsorge getroffen, auch über die Scheidestunde der
3009 1359 4692 1541 Triesch hinaus, die Stücke zu halten, abgesehen von der
3028 1492 4677 1646 Möglichkeit, dass die T. selber zu einigen Vorstellun-
3030 1670 3498 1780 gen zurückkam.
3276 1716 4438 1845 Alles Gute für alles Schnitzlerische
3813 1841 4142 1962 von Ihrem
4122 1977 4285 2070 O.B.
