2532 4103
1009 732 1115 834 33
1025 813 2084 946 S.Martino di Castrosza, Dolomiten-
1025 903 1479 1023 hotel.15.6.98.
747 1030 1468 1181 Lieber Herr Schnitzler,
1708 1109 1872 1200 Kohle.
356 1156 2026 1288 ich danke schön für Ihre geschätzte feurige Karte vom
362 1283 1995 1389 3.c.und verbinde damit gleich den Dank, den ich Ihnen
362 1392 1995 1512 noch für die „Frau des Weisen" schulde; ich habe sie
358 1525 2013 1631 mit auf die Reise genommen und alte, gute Bekanntschaf-
368 1652 1943 1749 ten darin gern erneut. Unbekannt war mir der famos
370 1749 2013 1868 vorgetragene „Ehrentag“, dem ich es noch besonders an-
366 1868 2026 2003 rechne, dass er (obgleich doch in erster Linie auf die
370 1995 2038 2122 „Geschichte“ angelegt) selbst Nebenpersonen so hübsch
368 2103 1993 2234 charakterisiert, wie die drei Freunde in ihren Abstu-
370 2219 2005 2363 fungen von dumm, gemein und vernünftig. Aber noch bin
370 2334 2038 2459 ich mit dem Danken nicht fertig; die Hauptsache kommt
370 2461 2020 2592 noch, die Anerkennung, die ich Ihrer Sprödigkeit gegen-
376 2583 1995 2698 über dem klimpernden Neumann schulde! Wenn ich sage,
379 2677 2030 2825 Sie thun recht daran, so spartanisch zu denken, so wer-
379 2800 1982 2943 den Sie meinen, ich bin parteiisch; ich sage es aber
379 2929 1930 3080 doch. Dieser Gschaftelhuber kann vielleicht durch
