5112 4087
1086 795 1301 993 264
1881 861 2158 974 19.1.10.
452 954 2176 1102 31 Tage). Vielen Dank für das document humain, das hier
457 1104 2242 1229 folgt. Alles gute Ihnen Beiden und Ihren Dresdener Tagen
1744 1208 1906 1347 O,B.
1713 1531 1915 1656 un sie
1492 1640 2060 1797 ohlenthers (guten)
1199 1753 1960 1892 haben. - Den Olmitzern ihr
1147 1874 2133 2030 ich nicht übers Herz; nur rate
1018 2008 1585 2137 zu viel Chateau
1027 2083 1969 2262 jetzten Dortreilen, von xxxxx
1547 2242 1946 2364 von Ihnen! d
1015 2224 1469 2362 avon.- Es ist d
1651 2598 2015 2739 ung, M. 6050.
3591 797 4349 972 265 Berlin,7.2.1919.
3470 968 3945 1088 Lieber Freund,
2987 1086 4738 1199 von dem grossen Erfolg der Pantomimik hatt ich schon ge-
2975 1172 4774 1320 lesen, und wünsche dass er sich über Wien nun in die weite
2980 1306 4715 1413 Welt der Internationale verbreite! Dagegen ist mir Ber-
2975 1404 4724 1560 gers Positivität vor dem Freunde Heinis ein Novum gewe-
2994 1535 4745 1653 sen, und ein sehr erfreuliches; möge der Mann sich weiter
2975 1642 4645 1781 so gut anrauchen, dann werden Sie Schlenthers (guten)
2975 1756 4745 1876 Abgang bald verschmerz t haben.- Den Olmützern ihre März-
2994 1894 4701 2010 Freude zu rauben, bringe ich nicht übers Herz; nur rate
2975 1992 4745 2117 ich Ihnen, dort nicht zu viel Chateau Palugay zu trinken,
4309 2096 4499 2176 kriegt
2975 2142 4711 2271 wie ich bei meinem letzten Dortweilen,man einen
2994 2237 4817 2367 ekkalhaften Kater davon.- Es ist edel von Ihnen (doch nicht
2975 2364 4781 2510 edler, als Sie von sich beanspruchen können), dass Sie sich
2984 2496 4738 2632 unseres Konzertierens freuen, das nachgerade unheimliche
2980 2605 4602 2703 Dimensionen annimmt: gest ern, 31. Vorstellung, M.6050.
2980 2696 4745 2850 Dg egen weiss ich es noch extra zu schätzen, dass Sie mir
2975 2825 4745 2959 grade an meinen Geburtstag obenerwähnte edlen Empfindun-
2975 2957 4704 3075 gen ausdrücken, als welcher schon öfter in unseren lite-
2980 3068 4736 3237 rarhistorischen Beziehungen mitwirkte, z.B. als Sie mich
