5037 4151
930 429 1470 616 Von tämän keskinken:
1688 431 1886 590 Välkeiten
1359 875 1814 1021 B. 30.3.1912.
412 1093 2023 1213 Seien Sie schönstens bedankt, lieber Freund, für Ihre
422 1213 2112 1307 Untersuchungen in der Pension Kramer. Obgleich ich auf
418 1333 2051 1470 deren Vetter Michael leider verzichten musste, möchte
422 1452 2027 1572 ich die 62 Kronen-Zimmer mieten, wenn mir ausser dem
422 1585 1968 1703 warmen Staatstelephon und Wasser auch noch einige
416 1670 2071 1796 Wärme für meine Diät-Wünsche entgegengebracht würde.
418 1803 2066 1888 Es sind ganz einfache sachen, die ich brauhhe, und ich
427 1903 1997 2019 möchte nur, dass die Kramerischen gleich erfahren,
436 2045 2077 2164 dass ich Diabetiker bin, u. s. w. u.s.w. will sagen: ich
429 2143 2058 2286 war bei dem führenden Berliner Bekämpfer der Dieb e-
436 2265 2106 2360 tis, Prof.Sandmeyer, in Behandlung, da das Acoton nicht
429 2365 2019 2485 schwinden wollte; 14 Tage habe ich ein sogenanntes
436 2498 2106 2587 Sanatorium in Zehlendorf bevölkert, und mein Bedürfnis
436 2606 2019 2711 nach weiteren Sanatorien (wie das im Cottage z.B.)
427 2704 2019 2818 wäre nun gedeckt; gewisse Diät-Vorschriften dieses
429 2837 2051 2924 Smeyer möchte ich aber weiter ausprobiren, durch die
446 2961 2156 3090 mein innerer Mensch wieder konstant mit Kohlenhydraten
3876 385 4264 577 F.T.F.K.
3184 429 3369 584 11/11
4231 897 4616 989 30.3.1912.
2977 1015 4612 1137 aufgemuntert werden soll.-Kann ich also bei J.D. und
2970 1115 4558 1241 Melitta Kramer auf einiges Entgegenkommen rechnen -
2970 1232 4603 1359 zunächst principiell, das Einzelne würde sich ja fin-
2970 1359 4568 1461 den, mir wären kan Richter brauchen - so bin ich der
2977 1472 4564 1596 ihrige,voll und ganz. Wollen Sie mir das „richten“,
2970 1587 4592 1720 wie der ehrliche Berger zu sagen pflegt? Ich glaube,
2977 1701 4642 1842 mündlich und wienerisch geht das besser. Eine directe
2970 1825 4669 1929 Bestätigung des Mietens am 3.Mai ab kann dann folgen.
3244 1940 4544 2069 Da wir grade von Berger reden: er hat mir
2981 2077 4632 2175 verschiedenes von Jbsen und Hauptmann schon freigege-
2988 2180 4599 2291 ben; deshalb bitte ich Sie, wegen „Zwischenspfel“ das
2981 2297 4592 2404 Nötige zu ordnen, vielleicht nicht umgehend, da heute
2977 2406 4723 2515 erst die Zusage der „hohen Intendanz“ an mich gelangte.-
2977 2552 4695 2637 Am 15. Mai möchte ich aber doch dabei sein, so verlockend
2981 2661 3970 2744 Sie und Brioni auf mich wirken.
2985 2763 4658 2874 Nun leben sie wohl, lieber Freund, und grüssen Sie Frau
2985 2892 4610 2994 Olga herzlich, an die sich meinen Dank von S.1 gleich-
2981 2983 3676 3070 falls lebhaft richtet.
3787 3051 3937 3190 O.B.
