5019 4136
872 732 1042 850 108
1271 811 1775 948 Wien, 15.5.1902.
780 929 1127 1044 Telegramm.
368 1075 2088 1219 Ich grüsse Sie herzlich und wünsche, dass die heute be-
368 1238 2121 1356 ginnende zweite Hälfte Ihres Lebens und Schaffens unter
375 1352 1988 1461 dem Motte: Ganz anders schaut er aus, wann er lacht.
1666 1511 1827 1639 O.B.
3449 715 3604 870 109
3604 826 4125 957 Wien, 19.5.1902.
3270 1022 3994 1149 Lieber Herr Schnitzler,
2871 1131 4591 1273 es thut mir sehr lei d, dass Ihre Freunde keine bes-
2865 1264 4589 1397 seren Plätze erhalten haben, aber ich selbst habe natür-
2865 1376 4585 1511 lich an diesem Versehen keinen Antheil. Vor allem aber:
2865 1498 4554 1628 es handelt sich um ein Versehen, nicht um eine böse Ab-
2865 1615 4589 1751 sicht. Ich habe die Plätze gleich als ich Ihren Brief
2851 1724 4585 1868 erhielt - das war am Sonnabend (abgeschickt ponnerstag)
2880 1849 4602 1986 als frei angewiesen und die zugetheilten Billets gehö-
2858 1962 4602 2067 ren zur theuersten Platzkategorie,in der gleichen Preis-
2858 2073 4502 2171 höhe wie die ersten Orchesterreihen; da aber gestern
2851 2182 4539 2293 das Haus gänzlich ausverkauft war schon am frühen vor-
2851 2328 4517 2422 mittag, hätte man vom Cassastandpunkt aus - ebenso gut
2851 2442 4524 2529 die Vorderplätze geben können, wie diese hintern, deren
2841 2527 4585 2625 Schlechtigkeit übrigens bestritten wird: sie werden bei
2841 2681 4524 2745 allen stark besuchten Vorstellungen verkauft, sagt man
2847 2795 4571 2873 mir. Nun sei aber am sonnabend schon „fast nichts“ mehr
2841 2899 4589 3017 dagewesen, als Ihr Brief kam, und unglücklicher Weise hat
