5041 4088
1336 703 1637 804 Semmering,
1453 736 2035 868 Raxkau, 19.7.1910.
1013 749 1215 881 274
855 894 1327 1004 Lieber Freund,
464 958 2213 1123 ich habe Kainz wegen des „weiten Land“ angetippt, und da
472 1103 2233 1242 er sehr bereit war, zu lesen, gab ich ihm gleich das Buch.
472 1242 2169 1345 Er lässt Ihnen melden, dass es ihn ausserordentlich in-
483 1336 2233 1479 teressiert hat, und dass er sehr gern den Friedrich spie-
477 1446 2129 1600 len würde. Er bittet mich, Ihnen seinen Eindruck mög-
477 1591 2189 1696 lichst superlativisch auszudrücken; doch da ich wieder
477 1699 2219 1817 im Zeichen der Diarrhoe stehe, reicht meine schriftstel-
475 1815 2151 1956 lerische Kraft nicht dazu aus.- Gestern traf ich auf
483 1903 2169 2072 dem Maierei-Wege Ihre Mutter und hatte eine angenehme
490 2022 2213 2187 Viertelstunde dit ihr.- Was macht der Umzug,die Schrei-
481 2211 732 2327 belust?
1037 2206 1316 2356 Herzlich
1450 2349 1609 2441 O.B.
3723 754 3887 903 275
3925 894 4861 1026 Semmering, 23.7.1910. Kurhaus.
3140 976 4859 1112 Lieber Freund, auf dem Balkon neben mir wird zwar so ge-
3140 1092 4784 1244 schrien, dass kein Würzburger Kleist- heblem zu lösen
3131 1176 4808 1345 ist, ich denke aber doch noch hier zu bleiben, ungleich
3134 1334 4808 1479 dem Jonas, der bereits Berlin bevölkert. Ihres Kommens
3120 1406 4850 1622 froh gewärtig, jetzt mit Bahr speisend, wünsche ich recht
3114 1523 3591 1659 wohl zu leben.
3947 1721 4118 1804 O.B.
