<?xml version="1.0" encoding="UTF-8" standalone="yes"?>
<PcGts xmlns="http://schema.primaresearch.org/PAGE/gts/pagecontent/2013-07-15" xmlns:xsi="http://www.w3.org/2001/XMLSchema-instance" xsi:schemaLocation="http://schema.primaresearch.org/PAGE/gts/pagecontent/2013-07-15 http://schema.primaresearch.org/PAGE/gts/pagecontent/2013-07-15/pagecontent.xsd">
    <Metadata>
        <Creator>prov=READ-COOP:name=TrHtr:version=2.1.0:model_id=51170:date=26_07_2023_01:53</Creator>
        <Created>2023-05-02T07:44:26.637+02:00</Created>
        <LastChange>2023-07-26T01:53:36.845+02:00</LastChange>
        <TranskribusMetadata docId="1416706" pageId="54950379" pageNr="20" tsid="130869919" status="IN_PROGRESS" userId="64420" imgUrl="https://files.transkribus.eu/Get?id=LYNXBFQGDJHHTCBSDOSBLCEB&amp;fileType=view" xmlUrl="https://files.transkribus.eu/Get?id=XRIBYDMBIVPAEVHLLBSJNBYY" imageId="44454105"/>
    </Metadata>
    <Page imageFilename="1416706_0020.jpg" imageWidth="2546" imageHeight="4104">
        <ReadingOrder>
            <OrderedGroup id="ro_1711829234074" caption="Regions reading order">
                <RegionRefIndexed index="0" regionRef="tr_1"/>
                <RegionRefIndexed index="1" regionRef="tr_2"/>
            </OrderedGroup>
        </ReadingOrder>
        <TextRegion id="tr_1" custom="readingOrder {index:0;}">
            <Coords points="414,442 2053,442 2053,1785 414,1785"/>
            <TextLine id="tr_1_tl_1" custom="readingOrder {index:0;}">
                <Coords points="1580,520 1591,518 1599,523 1614,506 1629,518 1639,510 1654,518 1666,512 1656,369 1643,371 1633,365 1603,392 1582,382 1568,384"/>
                <Baseline points="1587,492 1632,498 1671,498"/>
                <TextEquiv>
                    <Unicode>"</Unicode>
                </TextEquiv>
            </TextLine>
            <TextLine id="tr_1_tl_2" custom="readingOrder {index:1;}">
                <Coords points="991,970 1060,982 1196,934 1505,949 1601,915 1767,940 1769,837 1685,821 1478,867 1394,833 1314,852 1192,795 1102,854 991,879"/>
                <Baseline points="1002,925 1011,922 1056,922 1101,922 1146,922 1190,922 1235,922 1280,922 1325,922 1369,922 1414,916 1459,916 1504,916 1549,913 1593,913 1638,913 1683,910 1728,913 1772,913"/>
                <TextEquiv>
                    <Unicode>Berlin, 9. September 1896.</Unicode>
                </TextEquiv>
            </TextLine>
            <TextLine id="tr_1_tl_3" custom="readingOrder {index:2;}">
                <Coords points="403,1133 613,1150 680,1119 865,1140 1070,1108 1217,1129 1242,1123 1245,1054 1005,1026 913,1058 846,1035 670,1051 609,1016 468,1054 405,1033"/>
                <Baseline points="414,1116 444,1116 489,1113 534,1113 579,1110 623,1110 668,1110 713,1110 758,1107 802,1107 847,1107 892,1104 937,1104 981,1101 1026,1101 1071,1101 1116,1101 1161,1098 1205,1098 1250,1098"/>
                <TextEquiv>
                    <Unicode>Herrn Dr.Arthur Schnitzler</Unicode>
                </TextEquiv>
            </TextLine>
            <TextLine id="tr_1_tl_4" custom="readingOrder {index:3;}">
                <Coords points="1400,1150 1427,1161 1457,1154 1467,1165 1524,1159 1532,1167 1572,1148 1597,1169 1662,1156 1662,1079 1622,1070 1599,1091 1551,1104 1538,1117 1492,1100 1467,1104 1400,1089"/>
                <Baseline points="1411,1149 1444,1149 1489,1149 1534,1152 1578,1152 1623,1149 1668,1146"/>
                <TextEquiv>
                    <Unicode>Wien IX.</Unicode>
                </TextEquiv>
            </TextLine>
            <TextLine id="tr_1_tl_5" custom="readingOrder {index:4;}">
                <Coords points="1394,1234 1442,1245 1482,1221 1616,1263 1660,1240 1700,1261 1734,1238 1755,1247 1773,1232 1832,1232 1832,1138 1773,1156 1673,1154 1658,1169 1589,1167 1572,1148 1538,1165 1394,1161"/>
                <Baseline points="1405,1211 1435,1211 1480,1208 1525,1208 1569,1211 1614,1211 1659,1208 1704,1205 1749,1202 1793,1205 1838,1205"/>
                <TextEquiv>
                    <Unicode>Frankgasse 1.</Unicode>
                </TextEquiv>
            </TextLine>
            <TextLine id="tr_1_tl_6" custom="readingOrder {index:5;}">
                <Coords points="722,1370 831,1366 902,1396 1171,1360 1480,1377 1549,1358 1551,1261 858,1299 783,1263 724,1270"/>
                <Baseline points="734,1364 749,1361 793,1361 838,1361 883,1358 928,1358 973,1358 1017,1355 1062,1355 1107,1355 1152,1352 1196,1352 1241,1352 1286,1352 1331,1352 1375,1352 1420,1352 1465,1352 1510,1349 1555,1349"/>
                <TextEquiv>
                    <Unicode>Sehr geehrter Herr Doktor!</Unicode>
                </TextEquiv>
            </TextLine>
            <TextLine id="tr_1_tl_7" custom="readingOrder {index:6;}">
                <Coords points="418,1568 1830,1572 1994,1557 1996,1480 420,1478"/>
                <Baseline points="429,1543 432,1543 477,1540 522,1537 567,1537 611,1537 656,1537 701,1537 746,1537 790,1537 835,1537 880,1537 925,1534 970,1534 1014,1534 1059,1531 1104,1534 1149,1534 1193,1534 1238,1534 1283,1531 1328,1531 1372,1531 1417,1525 1462,1525 1507,1525 1552,1525 1596,1525 1641,1525 1686,1525 1731,1525 1775,1525 1820,1525 1865,1522 1910,1525 1954,1522 1999,1522"/>
                <TextEquiv>
                    <Unicode>Mit bestem Dank für die prompte Uebersendung Ihres</Unicode>
                </TextEquiv>
            </TextLine>
            <TextLine id="tr_1_tl_8" custom="readingOrder {index:7;}">
                <Coords points="418,1702 2048,1648 2048,1587 1671,1555 1412,1610 420,1603"/>
                <Baseline points="429,1662 441,1662 486,1659 531,1656 576,1656 620,1656 665,1653 710,1653 755,1650 799,1653 844,1650 889,1650 934,1650 978,1650 1023,1650 1068,1650 1113,1647 1158,1650 1202,1647 1247,1647 1292,1647 1337,1644 1381,1644 1426,1641 1471,1641 1516,1641 1561,1641 1605,1641 1650,1641 1695,1641 1740,1641 1784,1641 1829,1638 1874,1638 1919,1638 1963,1638 2008,1638 2053,1635"/>
                <TextEquiv>
                    <Unicode>"Freiwild" überreicht Ihnen Herr Dr.Brähm beifolgend</Unicode>
                </TextEquiv>
            </TextLine>
            <TextLine id="tr_1_tl_9" custom="readingOrder {index:8;}">
                <Coords points="426,1809 1822,1811 2015,1794 2015,1715 426,1731"/>
                <Baseline points="438,1772 453,1772 498,1775 543,1775 587,1772 632,1772 677,1772 722,1769 767,1766 811,1766 856,1766 901,1766 946,1769 990,1766 1035,1766 1080,1766 1125,1763 1170,1766 1214,1763 1259,1763 1304,1763 1349,1763 1393,1760 1438,1760 1483,1760 1528,1760 1572,1760 1617,1760 1662,1760 1707,1758 1752,1760 1796,1758 1841,1758 1886,1758 1931,1758 1975,1758 2020,1755"/>
                <TextEquiv>
                    <Unicode>den Kontrakt über das Stück und bittet um gefällige</Unicode>
                </TextEquiv>
            </TextLine>
        </TextRegion>
        <TextRegion id="tr_2" custom="readingOrder {index:1;}">
            <Coords points="426,1818 2113,1818 2113,2836 426,2836"/>
            <TextLine id="tr_2_tl_1" custom="readingOrder {index:0;}">
                <Coords points="413,1925 676,1962 980,1904 2040,1908 2082,1841 1524,1805 416,1841"/>
                <Baseline points="426,1889 429,1886 474,1889 519,1889 564,1889 608,1889 653,1889 698,1886 743,1886 787,1883 832,1883 877,1886 922,1883 967,1883 1011,1883 1056,1883 1101,1883 1146,1880 1190,1883 1235,1880 1280,1880 1325,1880 1369,1880 1414,1877 1459,1877 1504,1877 1549,1877 1593,1874 1638,1874 1683,1874 1728,1874 1772,1874 1817,1874 1862,1874 1907,1874 1952,1874 1996,1871 2041,1868 2086,1868"/>
                <TextEquiv>
                    <Unicode>Rückgabe des Exemplars nach dessen Unterzeichnung,wo-</Unicode>
                </TextEquiv>
            </TextLine>
            <TextLine id="tr_2_tl_2" custom="readingOrder {index:1;}">
                <Coords points="418,2029 2059,2034 2074,1954 418,1958"/>
                <Baseline points="429,2005 465,2008 510,2008 555,2008 599,2008 644,2008 689,2008 734,2008 779,2008 823,2005 868,2005 913,2005 958,2002 1002,2002 1047,2002 1092,2002 1137,2002 1181,1999 1226,1999 1271,1999 1316,1999 1361,1999 1405,1996 1450,1996 1495,1993 1540,1993 1584,1993 1629,1993 1674,1993 1719,1993 1763,1990 1808,1990 1853,1990 1898,1990 1943,1990 1987,1990 2032,1990 2077,1987"/>
                <TextEquiv>
                    <Unicode>rauf Ihnen sogleich der Gegenkontrakt zugestellt wer-</Unicode>
                </TextEquiv>
            </TextLine>
            <TextLine id="tr_2_tl_3" custom="readingOrder {index:2;}">
                <Coords points="422,2155 2107,2141 2107,2053 424,2086"/>
                <Baseline points="435,2122 456,2122 501,2122 546,2122 590,2122 635,2125 680,2122 725,2122 770,2122 814,2122 859,2119 904,2116 949,2119 993,2116 1038,2116 1083,2116 1128,2116 1172,2116 1217,2116 1262,2116 1307,2116 1352,2113 1396,2113 1441,2113 1486,2113 1531,2113 1575,2110 1620,2110 1665,2110 1710,2110 1755,2107 1799,2107 1844,2110 1889,2110 1934,2110 1978,2107 2023,2107 2068,2110 2113,2110"/>
                <TextEquiv>
                    <Unicode>den wird. Herr Dr.Brahm wollte Ihnen selbst schreiben,</Unicode>
                </TextEquiv>
            </TextLine>
            <TextLine id="tr_2_tl_4" custom="readingOrder {index:3;}">
                <Coords points="418,2283 1289,2296 1467,2250 1878,2290 2101,2244 2101,2168 418,2191"/>
                <Baseline points="429,2241 450,2241 495,2241 540,2244 585,2241 629,2241 674,2241 719,2238 764,2241 808,2241 853,2238 898,2238 943,2238 987,2238 1032,2235 1077,2235 1122,2235 1167,2235 1211,2235 1256,2235 1301,2235 1346,2232 1390,2232 1435,2229 1480,2229 1525,2229 1569,2229 1614,2229 1659,2229 1704,2229 1749,2229 1793,2229 1838,2229 1883,2229 1928,2229 1972,2226 2017,2226 2062,2226 2107,2229"/>
                <TextEquiv>
                    <Unicode>ist aber durch eine eben eingetretene Abhaltung daran</Unicode>
                </TextEquiv>
            </TextLine>
            <TextLine id="tr_2_tl_5" custom="readingOrder {index:4;}">
                <Coords points="426,2416 1698,2367 1874,2401 2105,2367 2105,2298 426,2321"/>
                <Baseline points="438,2360 453,2360 498,2360 543,2360 587,2360 632,2360 677,2357 722,2357 767,2354 811,2357 856,2357 901,2357 946,2354 990,2354 1035,2354 1080,2354 1125,2351 1170,2351 1214,2354 1259,2351 1304,2351 1349,2351 1393,2351 1438,2351 1483,2348 1528,2348 1572,2348 1617,2348 1662,2348 1707,2348 1752,2348 1796,2348 1841,2348 1886,2348 1931,2348 1975,2348 2020,2345 2065,2345 2110,2345"/>
                <TextEquiv>
                    <Unicode>verhindert und wird es voraussicht morgen oder in den</Unicode>
                </TextEquiv>
            </TextLine>
            <TextLine id="tr_2_tl_6" custom="readingOrder {index:5;}">
                <Coords points="424,2529 552,2508 644,2550 774,2508 890,2521 999,2493 1075,2529 1219,2491 1352,2502 1370,2428 1144,2409 1098,2441 986,2401 424,2437"/>
                <Baseline points="435,2477 480,2477 525,2477 570,2480 614,2477 659,2477 704,2477 749,2477 793,2474 838,2474 883,2474 928,2474 973,2474 1017,2474 1062,2471 1107,2471 1152,2468 1196,2468 1241,2468 1286,2468 1331,2468 1375,2471"/>
                <TextEquiv>
                    <Unicode>allernächsten Tagen nachholen.</Unicode>
                </TextEquiv>
            </TextLine>
            <TextLine id="tr_2_tl_7" custom="readingOrder {index:6;}">
                <Coords points="789,2636 968,2619 1037,2655 1098,2617 1215,2647 1486,2611 1675,2626 1746,2609 1746,2521 1454,2552 1268,2521 1167,2554 995,2512 791,2565"/>
                <Baseline points="802,2590 811,2590 856,2593 901,2590 946,2590 990,2587 1035,2587 1080,2584 1125,2584 1170,2584 1214,2584 1259,2584 1304,2584 1349,2584 1393,2584 1438,2584 1483,2584 1528,2581 1572,2581 1617,2578 1662,2578 1707,2578 1752,2578"/>
                <TextEquiv>
                    <Unicode>Hochachtungsvoll und ergebenst</Unicode>
                </TextEquiv>
            </TextLine>
            <TextLine id="tr_2_tl_8" custom="readingOrder {index:7;}">
                <Coords points="793,2749 1123,2760 1169,2722 1238,2718 1291,2743 1467,2724 1631,2745 1654,2741 1656,2657 1156,2638 1030,2672 898,2642 795,2676"/>
                <Baseline points="805,2713 808,2710 853,2710 898,2707 943,2707 987,2707 1032,2704 1077,2704 1122,2704 1167,2704 1211,2704 1256,2704 1301,2704 1346,2704 1390,2704 1435,2701 1480,2701 1525,2701 1569,2698 1614,2698 1659,2698"/>
                <TextEquiv>
                    <Unicode>Deutsches Theat er zu Berlin.</Unicode>
                </TextEquiv>
            </TextLine>
            <TextLine id="tr_2_tl_9" custom="readingOrder {index:8;}">
                <Coords points="1144,2772 1163,2777 1182,2772 1188,2779 1203,2783 1217,2772 1242,2785 1257,2777 1280,2779 1280,2733 1270,2733 1245,2718 1232,2722 1211,2741 1203,2733 1190,2733 1177,2720 1144,2722"/>
                <Baseline points="1155,2763 1199,2763 1244,2763 1286,2763"/>
                <TextEquiv>
                    <Unicode>i.A.</Unicode>
                </TextEquiv>
            </TextLine>
            <TextLine id="tr_2_tl_10" custom="readingOrder {index:9;}">
                <Coords points="913,2884 970,2869 1087,2890 1144,2844 1224,2871 1499,2865 1501,2768 1471,2756 1431,2775 1406,2758 1242,2787 1221,2770 1014,2785 915,2772"/>
                <Baseline points="925,2826 964,2826 1008,2823 1053,2826 1098,2823 1143,2823 1187,2823 1232,2820 1277,2823 1322,2820 1367,2820 1411,2820 1456,2820 1501,2817"/>
                <TextEquiv>
                    <Unicode>Dr. Moriz Ehrlich.</Unicode>
                </TextEquiv>
            </TextLine>
        </TextRegion>
    </Page>
</PcGts>
