5039 4040
1583 806 1894 992 27.6.05.
260 985 1959 1110 Ich gehe nächster Tage nach Agnetendorf, wo ich bis ca.
256 1135 1925 1246 8.Juli bleibe, dann nach München, wo ich Georg H. und
260 1243 1918 1373 Burckhard sehen will (ich werde wohl „Rath Schrimpf“
260 1334 1986 1513 aufführen) und dann also tirolwärts. Alles Gute für Si-
260 1486 1382 1624 und die Ihren zu der Sommerfrische!
1520 1694 1921 1841 sich auch di
1619 1821 1939 1943 he in eine
510 2661 725 2788 Le dernier
369 2752 843 2895 Dieser Rolle wol
369 2906 852 3019 Dennoch begriffe
394 2988 877 3144 sich ein anderer
3411 793 4591 978 168 Villars sur Ollon, 21.7.1905.
3968 915 4276 1015 Schweiz.
3352 1003 3817 1153 Lieber Freund,
2854 1139 4573 1268 Ihr Stück habe ich in Agn. noch erhalten; besten Dank!
2867 1228 4589 1370 Ich finde es sehr fein und klug, freilich von dem „Gold-
2874 1354 4566 1486 mannschen Lustspiel" sehr weit entfernt; und ich frage
2874 1470 4618 1588 mich, ob man es als Komödie richtig bezeichnet, da das ko-
2879 1604 4512 1710 mödienhafte Grundmotiv besonders im Ausgang so ernst
2874 1699 4519 1846 und schwer genommen ist; hier verliert sich auch die
2872 1853 4693 1966 treffliche Milden-, pardon Ortenburg zu sehr in eine geist-
2886 1943 4519 2061 reiche Buchhaftigkeit. Sehr gut wird der zweite Akt-
2886 2063 4553 2170 schluss auf der Bühne wirken; ob das Ganze ein ebenso
2886 2174 4621 2301 kräftiges Thea erstück ist, wie es das Werk eines feinen
2879 2290 4646 2414 und sublimen Geistes ist, mag xxx die Zukunft uns lehren.
3248 2421 4618 2555 Was die Besetzungsfrage anbetrifft,so gebe
2879 2519 4596 2664 ich ohne Weiteres Ihnen zu, dass Cäcilie bei Frau Agnes
2892 2641 4625 2763 am allertesten aufgehoben wäre, und dass die Darstellung
2897 2763 4668 2904 dieser Rolle wohl noch wichtiger ist, als die des Amadeua
2897 2881 4596 3019 Dennoch begriffe ich, auch wenn ich nicht Ich wäre, son-
2897 2983 4600 3146 dern ein anderer Freund des Dichters, dass bei der Aus-
