5085 4057
977 726 1134 881 216
1229 824 1833 982 Helgeland, 9.8.1907.
764 1040 1386 1170 Episch verkritzelt,
784 1128 1716 1280 "Doch dramatisch gekitzelt?" -
784 1292 1465 1399 Gut! Nicht gewitzelt,
786 1395 1584 1500 Schnitzler: geschnitzelt!
804 1530 1422 1629 Künstler, die bilden
800 1649 1442 1745 Und gar nicht reden,
800 1768 1390 1864 Lieben die wilden,
811 1835 1274 1965 Die Samojeden,
811 1950 1512 2069 Mehr noch: die zahmen,
811 2071 1350 2188 Brav und infamen
829 2181 1377 2311 Herren und Damen,
829 2296 1310 2426 Die Lahmen und
1323 2354 1595 2451 Brahmen!
838 2419 1233 2543 Auf denn: zu
1323 2484 1570 2630 Dramen!
3542 761 4405 907 217 Berlin, 18.10.1907.
3387 957 3859 1101 Lieber Freund,
2988 1065 4731 1206 ich hoffe, Sie sind von Ihren ausgedehnten Spritzfahrten
2994 1208 4661 1332 alle gut heimgekommen, und danke Ihnen noch schönstens
3017 1330 3940 1476 für Ihre freundlichen Grüsse.
3223 1415 4733 1579 Salten sagt mir, dass Sie mich am Semmering haben
3003 1566 4710 1707 wollen, und ich bekenne mich auch dazu, eine Herbstfahrt
3017 1685 4762 1810 projectirt zu haben; es ist mir aber noch recht zweifel-
3021 1784 4679 1941 haft, ob ich diese liebe Gewohnheit des Da-Seins heuer
3032 1912 4704 2067 erleben darf. Wenn, so rechne ich auf Ihr Kommen, natür-
3032 2042 4744 2197 lich. Sie sagten mir im Sommer, dass Sie noch einen Ein-
3046 2143 4762 2287 akter irgendwo verborgen hätten, wollten ihn sogar vorle-
3048 2262 4740 2395 sen, thaten's aber nicht. Ich sprach Ihnen schon damals
3057 2388 4715 2525 von der „Närrischen Welt“, die eine Zufuhr braucht, und
3050 2496 4758 2642 frage mich, wie Ihr sagt, an, ob Sie mir den Delinquenten
3057 2628 4726 2756 ausliefern wollen. Wünschen Sie die „Närrische W." zu
3053 2698 4861 2871 lesen, so sende ich Ihnen ein Exemplar; senden Sie mir aber
3053 2839 4764 2976 bitte womöglich baldigst Ihr exemplarisches Werk, ich
