5095 4120
1429 379 1686 515 1.
1469 812 2048 930 Berlin, 4.10.1901.
890 912 1615 1043 Lieber Herr Schnitzler,
604 1056 2274 1160 der Sendung sehe ich mit der Spannung eines Fiedelbo-
604 1172 2228 1280 gens entgegen; nachdem ich sie erhalten haben werde,
595 1240 2259 1391 kann man auch über den Aufführungstermin reden,vor-
597 1371 2288 1509 her schwebt man zu sehr in der Luft. Sie versprachen
595 1493 2316 1644 mir ge druckte Exemplare der ersten 3 Stücke,wie steht’s
595 1598 2274 1746 damit? Und mit den kleinen Aenderungen, die Sie in Aus-
595 1706 2132 1850 sicht stellten? „Anekdote“ scheint mir nicht sehr
584 1824 2256 1984 charakteristisch, ich wünschte Sie finden ein Wort, das
588 1950 2259 2106 den ganz eigenen Humor des Stückes in ähnlicher Weise
588 2086 2219 2225 andeutete,wie beim „Kakadu“ die „Groteske“; derglei-
572 2168 1773 2343 chen hilft den Dummen auf die Sprünge.
570 2327 2274 2463 Aber werden 5 Stücke nicht zu viel sein für das mensch-
572 2452 2197 2578 liche Fassungsvermögen? Ich habe Sie während der Ar-
572 2583 2221 2687 beit mit dieser Erwägung nicht stören wollen, die ich
561 2711 2252 2789 nun doch provisorisch aufwerfe, um event. nach Empfang
561 2789 1952 2904 der beiden Restanten auf sie zurücknukommen.
868 2871 1578 2969 Eilig treulich Ihr O.B.
559 2915 2203 3066 Die Stücke ohne Untertitel zu lassen, halte ich nicht
559 2989 836 3082 für gut.
4313 406 4571 530 1
3989 406 4191 548 11
3887 797 4511 912 Berlin, 11.10.1901.
3457 958 4187 1098 Lieber Herr Schnitzler,
3077 1076 4666 1242 die neuen Einakter habe ich gern erhalten und mich
3095 1189 4695 1342 bei beiden der feinen und nachdenklichen Poesie er-
3102 1282 4666 1460 freut, die aus Stoff und Durchführung spricht. Nur
3102 1429 4666 1584 scheint es mir, als hätten Sie aus ihnen noch mehr
3102 1542 4675 1691 herausholen können, die Gestalt des Ruppenspielers
3102 1660 4695 1830 runder anschauen lassen, dem Rademacher in der ent-
3113 1782 4781 1930 scheidenden Scene ein Mittel geben können, schauspie-
3113 1873 4841 2052 lerisch anzudeuten, was in ihm vorgeht. Ich theile näm-
3113 2006 4839 2181 lich Ihre Meinung über die Stärke der „Masken" deshalb
3131 2119 4917 2292 nicht, weil das, was in R. vorgeht, etwas Antidramatisches -
3144 2230 4748 2416 nicht nur Undramatisches ist: dass jemand das nicht
3140 2294 4781 2458 thut, schweigend,was er zu thun verhiess,muss auf der
3144 2474 4717 2589 Bühne fast stets enttäuschen, auch wenn es für den
3140 2525 4815 2700 Scharfsichtigenen, wie hier in der Probescene mit Flo-
3140 2729 4111 2831 rian,schon angedeutet scheint.
3153 2833 4804 2938 Stelle ich nun aber die Fünf in Gedanken nebeneinan-
3153 2898 4901 3053 der, so erscheint mir definitiv die grosse Zahl als sehr
