2496 4104
996 761 1098 861 63
1098 797 1853 948 Berlin, 18. Oktober 1899.
430 933 1276 1094 Herrn Dr.Arthur Schnitzler
1251 971 1794 1124 Wien IX.Frankg.1.
784 1085 1626 1247 Sehr geehrter Herr Doctor!
449 1219 2131 1359 Gestatten Sie eine Anfrage! Fräulein Hedwig Lange von
447 1327 2154 1480 München ist dem „Deutschen Theater“ als ein auffallen-
452 1444 2137 1598 des Talent sehr warm zum Engagement empfohlen worden.
456 1558 2090 1702 Wie Herr Dr.Brahm erfahren, haben Sie Gelegenheit ge-
456 1675 2088 1827 habt, die Dame im "Vermächtnis" spielen zu sehen, und
462 1808 2109 1961 würde es ihm ausserordentlich angenehm sein,wenn Sie
469 1925 2086 2056 die grosse Liebenswürdigkeit haben wollten, ihm über
481 2042 2175 2207 Ihren dabei empfangenen Eindruck über diese Künstlerin
485 2203 1342 2309 etwas Näheres mitzutheilen.
473 2266 2116 2472 Für Ihre schätzbare Nachricht im Voraus bestens dan-
481 2449 653 2578 kend,
922 2559 1446 2644 hoch achtungsvoll
619 2680 1495 2809 Deutsches Theater zu Berlin
1490 2703 1656 2826 i.A.
1393 2792 1955 2936 Dr.Moriz Ehrlich.
