4905 4008
937 602 1982 734 32 Wien, XVIII.Spöttelgasse 7.
1597 676 1974 763 17.9.1903.
627 789 1211 899 Lieber Herr Brahm,
464 910 2201 1001 nun kommt man allmälig in Ordnung,hat aber,bei dem jam-
482 1030 2094 1126 mervollen Wetter, wenig von den schönen Balkonen und
477 1166 2069 1233 sieht, durch Regenschauer hindurch, den alten Garten
477 1269 2190 1354 gegenüber allmälig die schwermütige Herbstestracht an-
482 1400 2139 1483 legen. Es ist, unter diesen Umständen, nicht einmal ge-
491 1514 2185 1603 wiss, ob wir Wien, wie es unsre Absicht war,in den näch-
488 1577 2190 1710 sten Tagen verlassen und, wie wir ursprünglich wollten,
488 1737 2183 1833 nach Salzburg, oder wie noch ursprünglischer die Absicht
493 1875 2165 1960 war, nach dem Gardasee reisen. Vielleicht leg ich hier
486 1980 2098 2081 die bekannte letzte Hand (wird es dieletzte sein?)
506 2114 2168 2192 an mein Stück. Jedenfalls nehm ich es schon in den al¬
493 2228 2143 2333 lernächsten Tagen vor und sag Ihnen dann gleich mehr
493 2355 776 2435 darüber.
506 2415 2123 2551 Dass ich Ihnen erst heute für Ihren liebenswürdigen
488 2585 2176 2674 Glückwunsch danke, entschuldigen Sie mir mit Rücksicht
493 2707 2214 2779 auf die Unordnung dieser letzten Wochen. Ich freu mich
488 2828 2136 2919 von Herzen, dass Sie an meinen Schicksalen so warmen
4014 308 4188 513 1, 1
4032 714 4371 883 (17.9.03.)
2874 865 4025 937 Antheil nehmen - mög es so bleiben!
2886 968 4413 1064 - Ueber die Premiere von Sanstag weiss ich nicht
2874 1088 4473 1204 mehr, als was in der N.Fr.Presse,Zeit, u.W.Journal
2886 1209 4527 1334 stand - ich habe bis zum heutigen Tag keine Berliner
2874 1338 4592 1461 Zeitung gelesen, da ich die löbliche Gewohnheit angenom-
2879 1463 4594 1579 men habe, Kritiken erst Monate lang nach ihrem grschei -
2886 1579 4616 1697 nen anzusehn, was die richtige Distanz zu ihnen gewährt.
2892 1697 4563 1831 Mancher Aerger wird auf diese einfache Weise wegesca¬
2886 1813 4592 1936 motiert. Ein Tadel, der ein paar Wochen alt ist, hat nur
2892 1929 4444 2065 mehr die Kraft zu bessern (wenn er sie hat!) aber
2879 2047 4583 2152 nicht mehr die zu verletzen. Trebitsch schrieb mir ei-
2886 2168 4569 2299 nen sehr netten Brief, in dem er mir sagt, dass ihn der
2886 2259 4679 2411 Erfolg des Ruppenspielers über den Durchfall des Tughld
2886 2397 4556 2482 einigermassen getröstet habe. Im ganzen scheint es ja
2892 2533 4580 2647 doch, dass die Studie auf manche Leute einen angenehmen
2886 2636 4551 2745 Eindruck gemacht hat, und ich bedauere es nur einiger-
2886 2736 4522 2834 massen, dass ich durch den bösen Ridenbach in einen
