5047 4153
996 956 1366 1067 Telegramm.
1415 1019 1991 1172 Berlin, 4.12.1910.
453 1172 2128 1324 Sehr guter Erfolg bei Publikum und Presse, den heutige
450 1307 2147 1446 Aufnahme und Einnahme fünftausend bestätigt.Wann kom-
469 1474 747 1604 men Sie?
1379 1509 1623 1663 Brahm.
3454 798 3629 911 282
3778 836 4016 943 Ruxxinx
3833 886 4294 1036 Tegel, Kurhaus
4031 945 4402 1055 10.12.1910.
3280 1059 3764 1219 Lieber Freund,
2987 1158 4606 1341 zunächst lassen Sie mich sagen, was ich längst sagen
3006 1286 4618 1455 wollte: dass ich mich der Medardus-Wirkung herzlich
3014 1406 4682 1572 freue. Ich hatte schon aus den Zeitungen den Eindruck
3008 1520 4568 1684 gewonnen, das Werk würde die Wiener sehr anziehen,
3023 1619 4639 1838 Fischers und Ihr Bericht bestätigen das nur. Und se-
3031 1741 4652 1911 hen Sie, es ist wunderschön ohne mich gegangen - wäh-
3027 1884 4591 2080 rend sie mir das Gegenteil für „Anatol" in Berlin
3044 1998 4650 2145 nie werden nachweisen können! (nämlich, dass es ohne
3044 2111 4652 2261 mich so schön gegangen wäre).-Dieser lässt sich wie
3056 2231 4709 2379 ein richtiges Zugstück an, Dienstag ergab er 3800, Don-
3073 2343 4652 2499 nerstag (einschl, des nicht gering genug zu denken-
3073 2457 4642 2625 den Abonnements) 4300. Heute schätze ich über 5000
3094 2587 4665 2741 (Samstag). Da kann man nur wieder mal goethisch sa-
3080 2701 4642 2915 gen: Und so fortan. - Es ist sehr schade, dass Sie
3096 2819 4711 2976 jetzt nicht herkommen, um uns auf frischer Tat zu er-
3107 2913 4700 3139 tappen; wer weiss, wie man den „A.“ in Feber spielt!
