4907 4007
1654 630 1985 813 (13.8.04.)
4069 646 4424 820 (13.8.04.)
287 828 1961 956 wird seiner Stimmung und seinem Glück wohl höchlichst
2756 835 4484 987 2.Geburtstages im Wurstelprater. Er wohnte einen Drama
287 952 2026 1067 förderlich sein; ist es richtig, dass er schon mit seinem
2758 946 4493 1100 bei, in dem ein Krokodil geprügelt wird, fuhr im Ringel-
287 1067 1967 1169 neuen Stück beschäftigt ist? Oder bezog sich jene No-
2774 1085 4487 1185 spiel und durch eine Märchenwelt und sah noch allerlei
2769 1187 4493 1289 andres; am nächsten Tag hatte sich alles so wert in ihm
304 1185 1902 1306 tiz auf den Geyer? - Auch Rittner sei mir gegrüsst,
304 1322 1924 1417 obzwar ich mich nicht enthalten kann, sein Verhalten
2769 1330 4469 1419 geklärt, dass er erzählen konnte!.... das Krokodil hat
304 1430 1967 1535 in Betreff der Wiener Aufführung oder vielmehr Nicht-
2769 1452 4487 1574 den Wurstelprater gehaut..." Ich fürchte, er wird Thea-
311 1524 2056 1663 aufführung des Eins.Wegs schnöde zu nennen; aber ich will
2782 1572 3185 1704 terkritiker.
311 1680 2032 1756 mich nicht edel rächen und ihm eine Jwald-Rolle auf den
3158 1680 3648 1787 Leben sie wohl.
298 1785 826 1911 Leib schreiben.-
304 1880 1924 2000 Zu erwähnen wäre noch, dass vorgestern Paul Goldmann
2782 1993 3643 2072 Nach Schluss der Redaktion:
315 2030 2019 2104 auf der Durchreise nach Tirol da war und sich von wach-
2780 2089 4478 2198 An eine Aenderung des Eins.W., 1.Akt, 1.Szene besonders,
311 2150 1937 2232 sender Zärtlichkeit für Sie, vortrefflichster, erfüllt
2789 2213 4006 2322 denke ich plötzlich mit Lebhaftigkeit.
315 2287 580 2359 zeigte.-
311 2350 1978 2445 Hetmann? Ich glaubte, dass Reicher dafür bestimmt sei;
311 2480 1111 2572 andre tippten Bassermann.
322 2580 1985 2685 Olga dankt für die freundlichen Grüsse und verspricht
311 2702 1967 2822 in jeder Weise für Lustspielstimmung zu sorgen. Neu-
315 2828 2024 2941 lich waren wir übrigens mit dem Sohne zur Feier weines
