5015 4088
956 796 1117 906 223.
1718 814 2044 984 27.1.08.
381 966 2135 1076 zu substituiren, der mindestens die gleiche Wirkung thut,
395 1117 2096 1197 wahrscheinlich eine bessere, und der ja ursprünglich zu
404 1234 2025 1307 diesem Cyclus gehörte. Die kleine Variante kann m.E.
395 1349 2092 1427 dem Ganzen nur nützen, und irgend so eine Satzfolge, die
395 1466 2113 1567 das Wort Lebendige Stunden erklärt, können Sie dem Spie-
395 1587 2044 1668 ler doch leicht geben, falls Sie, wie ich hoffe, meinem
411 1702 2117 1801 Vorschlag beitreten? Lassen Sie mich baldigst Ihre Ant-
399 1817 2062 1904 wort haben; und sagen Sie mir bitte ein Wort über das
392 1934 2074 2044 Befinden von Frau Olgadie ich,wie Sie, herzlichst grüs-
876 2195 1115 2358 O.B.
3429 711 3610 840 224.
3895 794 4422 913 Berlin, 4.2.1908.
3422 929 3892 1064 Lieber Freund,
2998 1037 4718 1181 wie ich Ihnen schon neulich sagte, könnte ich die „Stun-
3005 1149 4633 1243 den" nur unter Umständen jetzt geben - und diese Um-
2998 1268 4753 1424 stände sind noch immer keine „anderen“, klareren geworden.
3016 1392 4656 1532 Nämlich wir hängen zwischen Ja und Nein, Freigabe und
3012 1514 4851 1606 Verbot mit Dreyer's Thal des Lebens beim hohen Ministerium
3012 1654 4709 1716 und jetzt hat mir dieser Minister Moltke noch den Tort
3016 1748 4716 1879 angethan,die Influenza zu kriegen. Wird also das Stück
3016 1867 4693 1991 in den nächsten 8 Tagen nicht frei, so gehen wir an die
3016 1984 4748 2124 „Stunden"; andernfalls nicht, da es mit Breyer schon vor-
3003 2106 4702 2236 her so verahredet war, sein Stück jetzt zu bringen. Für
3009 2225 4670 2349 alle Fälle ist auf Sonnabend eine Arrangierprobe der
3016 2335 4725 2482 „Stunden" angesetzt; sobald sich die Frage geklärt hat,
3021 2441 4721 2597 erhalten Sie weitere Nachricht. Kommt der Dreyer jetzt
3012 2578 4739 2714 heraus, so bleibt's dabei, dass die „Stunden“ in nächster
3012 2688 4743 2814 Sp ielzeit kommen; in dieser würde es nicht mehr gehen,
3048 2801 4764 2945 weil die Triesch einen Urlaub von Monatsdauer antritt.-
3012 2913 4679 3076 Beim „Puppenspieler“ bitt ich Sie, es zu belassen; wir
