5038 4058
1084 757 1270 876 206
1178 786 1998 930 Noordwyk, Holland, Kurhaus.
1584 889 1904 986 8.7.1906.
1062 963 1548 1104 Lieber Freund,
520 1093 2251 1239 Ihre Karte traf mich grade am Tage der Abreise von Ber-
513 1230 2106 1342 lin, wo ich nach Franzensbad in aller Schnelligkeit
529 1324 2267 1474 einige Regierungsgeschäfte erledigt hatte. Der Schlafwa-
511 1456 2265 1602 gen fauchte schon, und so konnte die Lockung an die Ost-
524 1543 2296 1709 see nicht „platzgreifen", wie man so schön sagt. Hier bin
524 1678 2265 1812 ich nun 4 Tage, finde es ganz schön - aber Helgeland ist
538 1810 2258 1942 schöner; und so scheint es nicht unfernliegend, dass ich
529 1924 2262 2079 ungefähr zu der Zeit,wo Ihr, in Wien ausgegebene,Reper-
963 2061 2247 2180 vorsah,in Ihre Nähe käme. Doch auch mein
538 2072 692 2202 toir
553 2173 2314 2292 Sommerfahrplan hat etwas von der Beweglichkeit der Rein-
538 2280 2157 2419 hardtschule; und so wollen wir in Gedankenaustausch
538 2381 2144 2511 bleiben, bis wir den ort gefunden haben, wo wir ohne
668 2522 2227 2639 oder-lang, ohne durch ein Wasser, das allzu tief,ge-
551 2643 2224 2778 trennt zu sein, die höchsten Dinge dieser Welt,bis auf
547 2748 2258 2869 u.so weiteres.... Wenn alle Taue reissen,gehen wir im
553 2872 2276 2999 Herbst wieder auf den Semmering, meinen Sie nicht? Frei-
542 2961 2287 3129 lich werden Sie, wenn Ihr Wiener Brief in Kraft bleibt,
3709 744 3886 921 206
4529 804 4773 945 8.7.06
3125 956 4816 1104 bis dahin nicht das kleinste Zwischenspiel aufgeführt
3138 1073 4812 1210 haben; aber trau, schau, wem! Ich hoffe noch immer, dass
3138 1201 4874 1351 das Altenberg-Stück mit der Lehmannrolle lebendig wird;
3143 1319 4879 1447 für den jungen Mann bekommen sie Waldschütz, und für ein
3143 1443 4879 1584 mehr oder minder stisses Mädel die Wüst, die ein gesundes
3138 1555 4823 1680 Talent ist, hübsch und germanisch - Herz, was willst du
3143 1687 3492 1808 noch mehr?
3364 1812 4926 1895 Wenn Sie Brandes wiedersehen,grüssen Sie ihn doch
3143 1931 4946 2034 schöbstens. Ich lese eben sein Ibsenbüchlein mit grösstem
3138 2041 4780 2153 Interesse. Sigard J. und seine Mutter haben mir eine
3143 2146 4908 2289 goldene Dose des Alten gestiftet, die bis zuletzt in sei-
3156 2256 4825 2379 nen Händen war; es freut mich sehr.- Alles Gute Ihrer
3156 2399 4932 2529 lieben Frau; und empfehlen Sie mich auch dem Wohlwollen
3149 2504 3938 2628 des Meister Heini bitte.
3900 2636 4063 2782 O.B.
3149 2760 4845 2878 Frl.Erl ist wortlos ausgeblieben. Also echtes Theater-
3154 2932 3356 3084 blut.
