5041 4088
1079 746 1252 866 268
1208 797 1918 959 Berlin, 24.März 1910.
693 928 1532 1070 Herrn Dr. Arthur Schnitzler
1350 995 2062 1097 Wien XVIII.Spöttelg.7.
753 1074 1598 1234 Sehr geehrter Herr Doctor!
453 1194 2196 1332 Ihrem Wunsche gemäss haben wir von der alten Schlussfas-
466 1325 2131 1445 sung des „Hochzeitsmorgen“, die wir Ihnen beifolgend
473 1472 2176 1592 mit bestem Dank zurückstellen,Abstand genommen und uns
453 1590 2213 1707 nunmehr wegen der Freigabe des Stücks in seiner gedruck-
464 1687 2129 1803 ten Fassung mit der Zensur in Verbindung gesetzt. Wir
453 1807 2107 1923 haben dabei geltend gemacht, dass sei t seinem Verbote
460 1900 2213 2054 eine beträchtliche Zeit verstrichen ist und dass in die-
466 2058 2242 2160 ser sowohl die T###erdirektion als der Zensor gewechselt.
466 2176 2164 2278 haben; man möchte deshalb das Stück wie ein neu einge-
473 2276 2244 2402 reichtes behandeln und die neue Prüfung auch auf die frü-
466 2384 2231 2513 heren Striche in den Stücken „Die Frage an das Schicksal“
466 2533 2169 2606 und „Abschiedssouper" ausdehnen,was der Zensor bereit-
466 2622 2176 2739 willigst zusagte. Wir glauben hoffen zu dürfen, dass in
473 2759 2200 2882 dem zu erwartenden Bescheid die Schwierigkeit beseitigt
477 2846 1987 2979 werden wird.-Hochachtungsvoll Dir.d.lessing-Th.
668 2977 1692 3152 Herzliche Grüsse, lieber Freund.
3627 759 3792 919 269
3932 775 4655 952 Berlin, 2. 4. 1910.
3437 944 3938 1099 Lieber Freund,
2939 1043 4669 1214 mit Vergnügen ergreife ich die Feder, (und das Wort, das
2955 1205 4706 1345 Sie mir gegeben haben) um Ihnen allen zu dem neuen Heim
2950 1308 4669 1467 herzlich Glück zu wünschen. Mögen Sie darin sehr schön
2964 1432 4735 1583 leben und schreiben, und kein fictives, nur effectives Vo-
2950 1561 3645 1701 gelgezwitscher hören.
2950 1665 4622 1816 „D.w.L." könnten Sie mir nun wirklich bald schicken;
2964 1772 4633 1925 wie lange machen Sie mir nun schon damit d.M.w. (den
2986 1887 4711 2049 Mund wässerig). Und welcher moderne Mensch braucht von
2968 2000 4726 2164 jetzt bis Anfang Juni,um die Fahnen seines Werks hochzu-
2975 2147 3210 2293 halten?
2979 2207 4662 2395 Uebrigens war es ein rechter Unsinn, dass Sie mir beim
2979 2329 4735 2517 „A." in den Arm gefallen sind (da wir grade vom hochhal-
2973 2475 4740 2642 ten reden, und das tue ich beim „A.) und dass ich Ihnen,
2973 2564 4735 2748 rückichtsvollst wie immer, nachgab: die geplante Zeit um
2975 2680 4720 2835 Ostern war absolut gut, da das „Konzert" damals von sei-
2975 2795 4735 2977 ner stolzen Höhe herunterkam und der Weg ins Freie frei
2995 2924 4777 3119 war. Man soll halt nich tun, was die Autoren sagen: Q. o.d.
