2138 4104
453 407 1644 584 1 1/2 1/4 „ — „ 9 „ „
1660 443 1785 566 1e de
867 783 980 886 12
1036 817 1544 922 Berlin, 16.6.96.
489 1000 1395 1109 Lieber Herr und Gastfreund!
248 1125 1825 1218 Ihr Brief erwischt mich eben noch beim Rockzipfel:
246 1220 1837 1334 heute Abend fahre ich in die Schweiz, zunächst nach
248 1366 1866 1473 Hotel Piora bei Airolo. Hirschfeld ist nach Hain im
248 1465 1858 1602 Riesengebirge gefahren, um zu arbeiten, und unser ge-
258 1602 1525 1711 meinsames Salzkammergut ist aufgeflogen.
252 1719 1065 1827 Sind Sie fertig, oder wie?
505 1817 1155 1938 Mit herzlichem Gruss
606 1964 1181 2065 eilig, treulich Ihr
1197 2055 1469 2157 O.Brahm.
