5032 4088
849 606 1076 748 257
967 722 1138 824 253
1673 757 1976 918 24.7.09.
363 866 1827 1045 Damen durch Träusch und Wüst gut zu besetzen.
517 996 2034 1147 Mizzi-Triesch, wie schon besprochen. Der Philipp
1194 1080 1370 1167 aberg
379 1127 2016 1267 ist freilich wichtig; Achtalav keinesfalls (weil er
376 1234 2105 1392 nämlich nach Bremen auswandert; sollten unsere Jünglin-
385 1348 2047 1526 ge nicht genügen, was sehr möglich ist, (es kommt noch
392 1481 2058 1628 einer hinzu, der aber den Fehler hat, unösterreichisch
399 1586 2087 1726 zu sein), so werd ich trach ten, ausser dem Hause wen zu
405 1688 1974 1862 finden. Das Andere wird ja werden.- Termin um die
419 1804 2031 1965 Jahreswende. Vertrag erhalten Sie aus Berl in, obenso
410 1920 2107 2096 die 1000 M. an die Adresse, welche sie dorthin angeben
437 2058 2040 2203 werden.- Den „Medardus“ hab ich leider nicht wieder
423 2138 2199 2319 lesen können, die Kur und allerlei Arbeit nahm mich recht
421 2270 2161 2435 in Beschlag; jetzt wär ich freier, aber wollte Sie natür-
434 2417 2036 2571 lich nicht warten lassen und bitte nun, wenn wieder
448 2508 2203 2673 Exemplare frei sind in der neuen Form mir eines zu über-
446 2651 2183 2816 lassen. Ich bin mit der Kur zu Ende und fahre in einigen
448 2751 2167 2909 Tagen, etwa Donnerstag Nacht, nach Helgo land. Briefe er-
454 2860 2243 3065 reichen mich sowohl über hier wie übere Berlin, Zelten M. -
3435 628 3658 735 257
3466 711 3631 833 253
4353 737 4644 887 24.7.09.
3012 911 4725 1011 Es freut mich, dass Sie nun Heini bei sich haben; gewiss
3023 1020 4669 1174 wird er sich unter dem Segen des Semmering bald ganz
3029 1129 4667 1287 erholen. Mit vielen herzlichen Wünschen für sie alle
4170 1256 4337 1394 O.B.
