4900 4008
822 365 1599 564 1: 1: —: — „ „ —: 4: „
2057 386 2276 553 „ „ 4 „
1658 382 1851 566 „ „
1573 764 1881 883 (3.6.98.)
484 901 2155 1065 Ihnen wohl auch von meinen Einaktern gesprochen? Wie
493 1022 2196 1185 sie sind kann er noch so wenig wissen als ein anderer;
503 1161 2083 1280 niemand kennt sie; ich selbst auch nicht so recht.
497 1263 2190 1389 Fertig sind sie so ziemlich. Jetzt schreib ich ein ei-
503 1358 2155 1532 nigermassen sonderbares Stück, teilweise in Versen, in
516 1512 2140 1662 drei Akten, das wohl auch im Sommer beendet wird. So
527 1617 2220 1766 werde ich mögl icherweise zu Beginn der Saison mit drei
527 1745 2246 1910 Abenden zur Verfügung stehn. Natürlich werden Sie alles
534 1840 2244 2016 zuerst zu sehen bekommen; ob Sie auch alles werden auf-
534 1957 2226 2118 führen wollen, ist die Frage. Immerhin möchte ich Ihnen
540 2098 2179 2235 endlich einmal gestehn, dass Ihr Freund Neumann Hofer
553 2207 2163 2339 dringend was von mir hab en möchte, mir Anerbieten in
560 2341 2268 2489 schwindelnder Höhe macht (hier übertreibe ich); dass ich
551 2465 2140 2611 aber das stille Glück an der Seite eines geliebten
558 2578 2150 2739 Brahm den Reichthümern in den Armen Neumann Hofers
564 2715 2203 2860 vorziehe. Immerhin ist es mögl ich, dass bei meinem in
571 2830 2185 2964 der letzten Zeit beträchtlichen Fleisse ein Theater
566 2930 2072 3092 nicht alles ausarbeiten kann, was ich „schaffe“. -
3092 358 3939 558 „ „ —: „ ; —: 1: —: —
4527 378 4757 527 „ „
4138 401 4440 532 Votre âgere.
4121 781 4433 920 (3.6.98.)
2908 929 4650 1081 Dieses alte Stück, das Vermächtnis, kommt im August dran;
2916 1050 4603 1183 wenn ich in guter Stimmung bin, könnte sich mancherlei
2925 1161 4637 1302 dran zum bessern wenden.Es wäre mir sehr lieb, wenn Sie
2945 1272 4661 1437 sich s.Z.mit Schlenther wegen des Termins in irgend en
2945 1397 4607 1567 Einvernehmen setzen könnten. Hier ist das Stück noch
2940 1530 4648 1669 nicht von der Censur zurück; Sie wissen vielleicht, dass
2949 1654 4607 1803 Schl. das Stück als erste Novität bringen wollte, mir
2956 1762 4598 1918 wegen der Besetzung nach Salzburg telegraphierte; in
2951 1886 4676 2031 der letzten Zeit aber scheint Schl.'s Löwenmuth ein we-
2949 1990 4616 2159 nig nachgelassen zu haben. Ganz charakteristisch für
2964 2131 4624 2265 Wien, das Burgtheater,unsre Hofkreise ist es, dass ich
2975 2224 4705 2376 „massgebendenorts" sehr misliebig bin und die „Liebeld
2964 2363 4644 2498 zu den sogenannten „abschaulichen“ Stücken zählt. Ja,
2973 2487 4720 2617 wer weiss, ob die Prinzessin von Coburg nicht eigentlich
2988 2630 4045 2736 durch mich verdorben worden ist!-
2986 2719 4694 2860 Mit Kern habe ich hier ein paar angenehme Stunden ver-
3005 2847 4702 2975 bracht; gestenn haben wir vom Riesenrad in die neblige
