5022 4039
778 762 954 911 214
938 842 1984 1016 Amsterdam, Amstel Hotel, 10.4.1907.
587 989 1051 1135 Lieber Freund,
209 1119 1860 1264 lange haben wir nicht von einander gehört, ich glaube
218 1232 1828 1369 seit dem Semmering? Das ist ein unhaltbarer Zustand
225 1349 1936 1486 und ich breche endlich dies rätselhafte Schweigen - wie
220 1466 1840 1596 sich weiter unten zeigen wird, nicht ohne selbstische
209 1658 1849 1725 Absicht - um Ihnen zunächst meine Freude zu bezeigen
206 1702 1801 1830 über die gute Nachricht, die mir Frau Kainz brachte:
200 1805 1943 1975 Sie hätten ein (oder das?) neue Stück begonnen. Hoffent-
200 1929 1957 2087 lich kann man im Mai schon was darüber, oder davon hören.
415 2046 1876 2197 Wir haben einen sechstägigen Ausflug hieher ge-
195 2177 1869 2326 macht, gestern mit Henschel begonnen; leider kann sich
202 2301 2044 2418 nichts Schnitzlerisches auf dem spielplan finden, da Triesch
181 2404 1849 2564 ein Baby erwartet, Bassermann nur auf einen Tag kommt,
181 2507 1906 2652 um unsere letzte grosse Novität Die Stützen der Gesell-
184 2631 1911 2780 schaft performiren zu helfen; im Uebrigen hat er Urlaub
188 2748 867 2888 zu eigenom Gastspiel.
385 2876 1789 3014 Nun also der bewusste,bewusste Eigennutz. Es
170 2973 1906 3136 handelt sich um die „Stützen" in Wien. Schlenther sagte
3337 787 3525 920 214
4053 860 4358 1002 10.4.07.
2688 979 4390 1101 mir jüngst in Berlin, er würde, wenn auch ungern, die Ab-
2693 1126 4434 1243 sicht aufgeben, die „Stützen“ jetzt herauszutringen, aber
2700 1229 4367 1330 die N.Fr.Pr.meldete Samstag, in einer jener officiösen
2697 1353 4360 1466 Notizen über kommende Groesthaten: zunächst Faust II,
2693 1466 4337 1585 dann Hartmann - Bernick. Kainz aber sagte mir, vor 30.
2697 1583 4367 1686 April sei an Faust nicht zu denken, und ich frage mich
2693 1700 4333 1787 ist der Bernick Spiegelsechterei oder will Schl. nun
2681 1789 4266 1902 doch uns, die wir am 8.Mai beginnen wollten, mit den
2686 1927 4315 2048 „Stützen" zuvorkommen? Direct fragen möchte ich ihn
2681 2044 4452 2129 unter solchen Umständen nicht, und da komme ich nun zu Ih-
2670 2154 4289 2255 nen mit der Bitte, ob Sie nicht in unauffälliger und
2672 2282 4434 2406 landesüblich- „vertraulicher“ Weise, bei Kainz,bei Haeber-
2679 2397 4331 2491 le, bei wem Sie wollen, die Wahrheit erforschen können?
2675 2505 4255 2603 O thun Sie's, lieber Klosterbruder, („ich will doch
2675 2626 4360 2741 sehn,wie der ergründet") und lassen Sie mich Ihre Ant-
2670 2766 4360 2867 wort bis Montag hier haben, sonst Kronprinzen Usor. (Ich
2670 2872 4404 2975 fliege vielleicht noch etwas ins Holländische dann, doch
2658 2964 3716 3078 nichts Gewisses weiss man nicht).
