4929 4168
826 272 1254 460 .
1971 434 2171 545 Votre est
1258 427 1465 589 R.I.
379 761 735 918 (30.5.94.)
1432 807 2119 957 Wien, IX.Frankgasse 1.
937 964 1779 1101 Sehr geehrter Herr Doktor,
573 1057 2217 1206 ich habe Ihnen mein dreiaktiges Schauspiel „Das Mär-
567 1190 2221 1280 chen" zur Aufführung am Deutschen Theater überreicht
580 1339 2293 1458 und habe mich natürlich verpflichtet gefühlt, Ihnen
573 1441 2245 1563 von dem Schicksal des Stücks an Deutschen Volkstheater
580 1552 2328 1679 Mitteilung zu machen. Ebenso glaube ich aber verpflich-
584 1674 2287 1768 tet zu sein, Ihnen von einer sehr erfreulichen Meinungs-
573 1781 2163 1923 äusserung zu berichten, die Georg Brandes in einem
580 1912 2191 2030 heute an mich gelangten Brief kundgibt. Er schreibt
560 2043 874 2145 mir u. a.-
580 2141 2197 2230 -„Für das Märchen muss ich Ihnen danken. Es ist eine
567 2263 2258 2370 so gute und gediegene Arbeit, wie ein Kritiker sie se-
584 2374 2126 2457 ten empfängt. Die Frauengestalten sind alle sehr
560 2492 2091 2601 fein und richtig gezeichnet und die Handlung des
573 2607 1690 2718 Stücks ist gut und logisch geführt."
580 2714 2139 2845 - Vielleicht, verehrtester Herr Doktor, hab en diese
573 2834 2298 2960 Worte zum mindesten die Wirkung, Ihnen einiges Vertrau
560 2982 2108 3102 en zu geben,wenn Sie gelegentlich an die Lectüre
3052 865 3392 998 (30.5.94.)
3045 994 4048 1107 meines Schauspiels herantreten.
3052 1118 4700 1227 Seien Sie, verehrtester Herr Doktor meiner besonderen
3061 1232 3784 1343 Hochachtung versichert.
3338 1352 3931 1452 Ihr sehr ergebener
3610 1461 4264 1596 Dr. Arthur Schnitzler
3052 1596 3488 1703 Wien, 30.5.94.
