4850 4025
1440 769 1743 906 (1.X.05.)
293 893 1948 1045 digten. Ich entwarf einen dritten Akt, der wenige Tage
293 1019 1869 1164 nach dem zweiten spielte: Marie war geflohen, hielt
286 1156 1931 1277 sich selbst für verfolgt, kam in die Grünau, fand dort
286 1250 1974 1371 den Arzt, und erfuhr erst von ihm, dass niemand den Mord
297 1406 1882 1506 ahnte, den sie begangen. Anfangs befreit fühlte sie
299 1487 1912 1613 sich dann nur um so schuldiger und führte das Stück
303 1615 1972 1728 auf einen criminalistischen u. schiefen Weg. Uebrigens
297 1737 1995 1861 war die Gefahr der Bühnenlächerlichkeit (zwei verschie-
297 1844 1916 1985 dener und am selben Tag wiederkehrender Mädchen) im-
297 1978 1965 2091 minent. Auch romantischere Einfälle tauchten auf: ein
303 2104 1940 2226 letzter Akt, der hinter der Schlachtlinievorging; die
299 2213 1876 2331 zwei Mädchen, die dem Herrn nachzogen; der Adjunkt,
297 2335 1953 2437 der der verlassenen Marie in den Donauauen begegnet;-
308 2442 1985 2561 so viel Einfälle, so viele Unmöglichkeiten. Immer wie-
303 2553 1991 2675 der führte mich die Ueberlegung auf das Grundmotiv zu-
314 2692 1938 2811 rück, das nun der Arzt gegen Schluss ausspricht. Wie
310 2820 1989 2937 stark dieses Motiv in mir so bst wirkte, ersehen Sie am
320 2912 1989 3078 besten daraus, dass ich eine Zeitlang daran dachte das
3958 780 4251 921 (1.X.05.)
2732 897 4347 1036 Stück „Der Widerhall" zu nennen, womit auf die unge-
2734 1055 4392 1164 heuern Leb enstäuschungen hingedeutet werden sollte,
2751 1154 4437 1267 die dadurch über uns hereinbrechen, dass für tausender-
2747 1269 4413 1416 lei Beziehungen und Thaten und Gefühle immer nur ein
2758 1393 4371 1515 und dasselbe Wort Geltung hat, Vielleicht hätte ein
2745 1523 4437 1639 dramatisches Genie auch für die in der Idee des Stücks
2764 1632 4379 1756 begründeten Stille des letzten Aktes den dramatisch
2745 1747 4460 1863 lauten Ausdruck gefunden, irgend ein Geschehnis, das den
2764 1861 4467 1987 Geschehnissen des 1.u.2.Aktes dramatisch gleichwerthig
2758 1997 4283 2113 wäre - mir ist es versagt, und ich fühle, dass ich
2758 2091 4435 2211 über das, was ich im 3.Akt versucht habe, vorläufig (von
2771 2222 4407 2337 Dialogretouchen abgesehn) nicht mehr hinaus kann. Es
2777 2337 4448 2472 kan ein Augenblick, in dem ich mit der ganzen Sache in-
2777 2463 4403 2574 nerlich fertig war und fühlte, dass ich ausser Stande
2777 2589 4354 2690 wäre, mich weiter damit zu beschäftigen. Wer weiss
2777 2670 4435 2801 übrigens, ob der Fehler des Stückes eigentlich in die-
2771 2820 4473 2950 sem 3.Akt liegt? Vielleicht ist er vielmehr im zweiten
2771 2952 4439 3080 zu suchen, der - an sich gewiss ein glücklicher Wurf -
