4941 4008
1676 719 2061 847 (99, Ischl).
475 873 2136 976 machen mir und werden Ihnen Sorgen machen. Kainz und
477 963 2200 1111 Mitterwurzer möcht ich haben. Nun, alle diese Erörterun-
490 1149 1783 1224 gen oder Bemerkungen sind sehr verfrüht.-
484 1248 2093 1350 Etwas gleichfalls verfruhtes: Wenn Sie thatsächlich
490 1365 2125 1449 mit dem Deutschen Theater nach Wien kommen wollen u.
490 1483 2149 1581 event, dran denken, etwas von mir aufzuführen, so rathe
494 1607 1545 1703 ich zu Freiwild. (Rittner, Sauer.) -
477 1733 2170 1834 Heut ist ein Tag hier, als wenn der Herbst schon ander
490 1843 1365 1952 Thär wäre. Grau, Regen, kühl.-
494 1965 2166 2042 Was hören Sie von Ihren Lieben? Hauptm. hat mir geant-
494 2080 2108 2170 wortet, „nein", (was ich sehr begreiflich finde.) Von
477 2176 2144 2315 Georg H. hör ich nichts. Istacavo noch immer in Un-
482 2333 683 2433 garn?-
490 2408 2189 2527 Ich sende diesen Brief nach Berlin, obwohl zu vermuthen
484 2551 2091 2675 ist, dass Sie noch in Helgeland sind. Wenn aus einer
464 2673 2106 2771 projektierten Thüringer oder Bayern-Radtour was wird,
484 2816 2176 2915 so ist es nicht unmöglich, dass ich Mitte September auf
490 2917 2119 3022 ein paar Tage nach Berlin komme. Wie gehts Ihrer Ge-
4171 340 4338 548 et de
4042 683 4430 820 (99, Ischl)
2928 837 4201 957 sundheit? Ihrer Laune? Ihnen Hoffnungen?
3161 937 4667 1085 Leben Sie wohl und seien Sie herzlich gegrüsst!
3653 1179 3805 1335 A.S.
