4880 4119
1099 765 1701 899 Berlin, 8.Mai 1901.
752 787 901 927 74
699 922 1544 1047 Lieber Herr Dr.Schnitzler!
454 1021 2081 1191 Es ist mir eine herzliche Genugshuung zu sehen, dass
460 1152 2077 1314 Sie meine Sympathie für Ihre Person ebenso erkennen
464 1260 2165 1410 wie ich sie fühle. Meine Anfrage an Entsch wegen „Frei-
475 1389 2146 1546 wild" war freilich einstweilen nur eine vorläufige, da
475 1501 2178 1645 ich mit den Dispositionen für das Gastspiel noch nicht
464 1612 2086 1757 im Reinen bin. Sollte es mir möglich erscheinen, das
484 1742 2092 1879 Stück zu einer Zeit, die Ihrem Wunsche entspricht, he-
477 1870 2098 1995 rauszubringen, so werde ich nicht verfehlen, mich des-
477 2042 1574 2118 halb noch einmal an Sie zu wenden.
884 2146 1404 2227 Hochachtungsvoll
787 2208 1675 2348 Deutsches Theater zu Berlin
1619 2303 1784 2451 O.B.
482 2494 927 2629 Viele Grüsse.
3821 406 4173 559 „ „ —: —
3896 787 4472 920 Berlin, 28.5.1901.
3042 903 4730 1023 Lieber Herr Schnitzler, sein sie schön bedankt, für den
3049 1019 4747 1129 „Lieutenant“, dessen Bekanntschaft ich gern erneut habe.
3051 1118 4704 1228 Die eigene Form und die ulkige Psychologie haben mich
3051 1251 4752 1376 wieder erfreut; und die leichte Art wie hier ein Stand
3032 1352 4668 1471 und ein Einzelwesen festgehalten sind, fesselte mich
3038 1475 4752 1591 über den Augenblick hinaus und führte mich zu der nach-
3038 1591 4627 1724 denklichen Frage: warum schreibt dieser treffliche
3044 1698 4721 1875 Autor nicht wieder einmal etwas so jocos - tiefsinni-
3051 1858 4693 1978 ges fürs Theater? Doch noch das „traurige“ soll will-
3032 1929 4143 2064 kommen sein,-wenns nur erst da ist.
3044 2045 4659 2176 Nun aber komme ich mit kühnem Sprunge zu einem ganz
3042 2199 4693 2290 andern Wunsche: wissen Sie mir einen Masseur in Wien
3032 2279 4681 2410 zu empfehlen? Ich will mich in dieser Wanderperiode,
3044 2391 4730 2511 vor der mir etwas Angst ist, durch Knetenlassen auf der
3032 2507 4739 2617 Höhe zu halten suchen. Ich gehe Freitag nach Prag-Neu-
3038 2629 4758 2786 es Deutsches Theater-bis 5.Juni,bin 6.-9.in Graz,Neues
3032 2735 4721 2862 Stadttheater,vom 10.ab in wien, Carltheater.Kriegt man
3038 2864 4767 2967 Sie da zu sehen? Ich fürchte, nein. Jedenfalls wünsche ich
3032 2958 4747 3049 Ihnen einen angenehmen und fruchtbaren Sommer, mit oder
3049 3023 4414 3124 ohne Montafen, u. grüsse Sie aufs Schönste.Ihr
