5037 4151
3752 452 4556 597 1 1/2 1/4 „ „ 4 „ — „
3310 433 3524 570 in the
1001 714 1841 864 316 Berlin, 12.6.1912.
3655 781 3847 940 H7
4030 811 4497 940 Jgls, 4.7.1912.
834 946 1292 1049 Lieber Freund,
498 992 2115 1187 das Stück gedruckt zu lesen, ist gewiss angenehm, und
3066 994 4736 1130 Lieber Freund, an den Lansersee gehn, ist meine Gewohn-
519 1121 2156 1301 ich warte also nach Ihrem Vorschlag, bis es in dieser
3082 1108 4592 1237 heit, frühstückenderweise hab ich auch gestern im
3078 1260 4592 1364 „Hotel Lanser See“ geweilt und auf Ihr Wohl zwei
530 1330 982 1436 Form vorliegt.
543 1358 2223 1543 Danke sehr für das Telegramm über Gossensass. Die Wag-
3076 1377 4617 1448 Spiegeleier verzehrt; mehr aber konnt ich leider
543 1474 2240 1645 schale wird sich aber wohl doch wieder zu Igls neigen.
3078 1472 4651 1590 nicht für Sie tun. In diesen - einzigen - Seehotel
549 1592 2162 1784 Ich sch reibe Ihnen von dort ein wörtchen (auch wenn
3080 1602 4719 1723 sind für Ende Juli keine Zimmer jetzt zu haben; wenn
564 1729 2109 1906 es Gossensass wird). Morgen gehts nach Merseburg -
3078 1691 4676 1845 Sie in der zweiten Hälfte des Monats anfingen, meint
570 1822 2194 2006 Vorstufe zu Lauchstedt; Breslau hab ich schon hinter
3076 1837 4645 1921 der Wirt, sei ja eine leichte Möglichkeit. Aehnlich
3078 1938 4714 2037 wird es hier stehn, wo ausser dem Jgler Hof das Hotel
570 1966 1598 2160 mich gebracht, mit gutem Erfolge.
3078 2067 4611 2156 Maximilian und der Tiroler Hof in Betracht kämen.
923 2069 1833 2219 Ihnen Allen herzliche Grüsse
3078 2202 4641 2282 Die Saison, die jetzt noch schleicht, wogt vom 8.an,
1890 2293 2039 2394 O.B.
3082 2308 4719 2398 heisst es; ich geniesse die Stille vor dem Sturm mit
3078 2447 4755 2525 Behagen, fühle mich, wie Sie „ausmachen“, ganz wohl, könn-
3089 2536 4704 2633 te mir aber noch eine Steigerung denken? beim Bäume-
3078 2675 4687 2749 ausreissen bin ich noch nicht angelangt.- Dass eine
3078 2785 4765 2871 Chance ist, Sie Beide hier oder in Gossensass zu sehen,
3078 2895 4702 3011 begrüs se ich mit Freuden; hoffentlich wird es, Wehr-
3078 3009 4645 3120 heit. - Habe ich Ihnen nicht immer gesagt, dass der
