5029 4151
1384 412 1799 568 Votre trèsse.
1101 430 1284 619 1,7
1114 799 1282 916 303
1644 908 2082 1012 10.12.1911.
466 1021 2171 1142 Gernot ersetzt wurde, in aller Eile; ich werde wohl den
466 1118 2154 1237 2.Weihnachtsfeiertag, den besten Thestertag des Jahres,
476 1240 2124 1344 unserem Lieblingsstück geben können. Und auch die 25.
474 1346 2133 1491 soll Ihrer Frau beschert werden! Dass ihr es gut er -
466 1469 2135 1593 geht,freut mich; aber unverantwortlich bleibt es, dass
472 1599 1920 1724 sie uns Berlinern diesmal unterschlagen wurde!
464 1701 2065 1812 Der Jänner-Semmering ist mir z.Zt. zweifelhaft, eher
472 1826 2131 1954 denke ich an eine Frühlingsfahrt nach Gries oder dgl.
466 1937 2101 2054 Wer kommt mit? - Die Verhandlungen mit Barnowsky und
466 2069 2005 2177 Blumenthal sind so gut wie beendigt; die Freiheit
466 2184 2084 2303 winkt, und ich winke wieder. vom „Kleist“ kommt eine
466 2290 2143 2411 neue Auflage noch vor Weihnachten, ich habe eckckelhaft
459 2403 2126 2515 mit den correcturen zu schaffen gehabt.Schön, dass Sie
453 2562 2131 2681 arbeiten, Sie müssen bis 1914 noch sehr Schönes schrei-
447 2649 1467 2777 ben; aber xxx nachher auch, bitte!
1554 2836 1720 2947 O.B.
3359 412 4206 561 1 1/2    3 1  1  4  1 1 1
3610 742 3778 851 304.
3619 819 4206 936 Berlin, 27.12.1911.
3325 1001 3800 1123 Lieber Freund,
2883 1118 4597 1227 Tänzohen und Mizzi wollten sich nicht recht vertragen,
2898 1242 4508 1346 stiessen sich in der Zeit und im Raume; deshalb hab
2890 1337 4540 1463 ich mich entschliessen müssen, von dieser Kombination
2896 1454 4576 1590 abzusehen, und eine andere zu unternehmen: gleich nach
2904 1588 4542 1675 dem Bahr denke ich an die „Erde“ von Schönherr zu ge-
2885 1692 4550 1803 hen, die für uns Novität ist, und daran - Reiz e contra
2879 1803 4529 1929 rii - die „Mizzi" zu fügen. Die Zusammenstellung hat
2875 1943 4557 2071 ja wohl zuerst etwas frappierendes, aber ich halte sie
2875 2062 4527 2160 für günstig und praktisch! „Oesterreichischer Abend“,
2875 2186 4104 2258 oder von Zill im Zillerthal bis Rodaun.
2862 2273 4563 2384 Boas rät mir Ausspannen und Höhenluft, so dass ich doch
2862 2409 4544 2522 mit einer Januar-Semmering-Spitze kokettiere. Sie kom-
2868 2520 3287 2607 men doch mit?
3255 2571 3664 2694 Herzlich Ihr
3659 2617 3817 2739 O.B.
2856 2730 3978 2858 W.L. gest ern 5750. Vorher - weniger.
