5019 4136
1164 758 2073 852 Wiesenstein, Agnetendorf i.R.
1307 877 1670 1018 21.6.1902.
854 984 1591 1127 Lieber Herr Schnitzler,
391 1091 2041 1245 die Monna Vanna gedenke ich zu spielen; die Beatrice
391 1247 2054 1358 wird davon nicht berührt; nur bitte ich Sie mir noch
391 1356 2103 1477 etwas Zeit zur Lektüre zu lassen. Ich revidiere meinen
404 1473 2007 1599 damaligen Eindruck sehr gern, möchte aber eine recht
399 1606 1981 1723 freie Stimmung dafür haben und an der fehlt es mir
412 1725 2071 1834 jetzt. Die Angelegenheit, wegen der V. nach Bpest kam,
406 1787 2120 1941 benimmt mich mehr, als ich aussprechen kann). Das Schil-
423 1960 2058 2065 lertheater - das hab ich glaub ich bei Liebelei auch
423 2060 2109 2201 Ihnen gesagt, und mit Recht - läuft Ihnen ja nicht weg.
414 2195 1057 2302 Doch wie sie wollen.
427 2220 2090 2417 Hauptm. erwidert Ihren Gruss aufs Beste; und ich bit-
427 2334 2090 2524 te Sie, dem Hugo meine herzlichen Grüsse auszurichten.
429 2470 2065 2643 Hoffentlich hält die gute produktive Stimmung, in der
427 2583 2103 2750 Sie mich verlassen haben, beim Radeln und Ortswechseln
446 2735 2090 2850 weiter an! Seien Sie fleissig; mit dem Dreyer wird es
442 2780 2116 2921 wohl vorerst nichts worden, und wir werden processiren
433 2891 1193 3012 müssen. - Herzlichst Ihr
1211 2914 1381 3015 O.B.
4537 427 4806 562 1 „ „ —:
4099 412 4439 566 G. E. F.
3606 433 3845 589 „ „ — „
3926 811 4750 939 Karlsbad, Villa Charlotte.
3997 897 4362 1016 13.7.1902.
3335 982 4091 1136 Lieber Herr Schnitzler,
3017 1142 4708 1262 ich erhalte eben Ihren Brief vom 9., aus dem hervorzu-
3023 1243 4676 1369 gehen scheint, dass Sie mir nach meinem Schreiben aus
3017 1373 4720 1490 Agnetendorf, in welchem ich Sie um Geduld und Nachsicht
3017 1497 4686 1618 bat, noch einmal geschrieben und um Beschleunigung er-
3019 1616 4699 1744 sucht haben. Ist diese Annahme richtig, so erkläre ich
3008 1742 4665 1847 feierlich: ich habe nichts erhalten! Auf keinen Fall
3010 1836 4667 1966 aber sollten Sie annehmen, dass ich auf Ihre freundli-
3010 1966 4607 2071 che Absicht, uns Beatrice anzuvertrauen, durch be deu-
3002 2099 4674 2208 tungsvolles Schweigen antworten würde: oder seit wann
2993 2195 4659 2329 kennen Sie mich als einen solchen Flegel? Ein Kindes-
2985 2325 4620 2438 mörder bin ich, ja, das ist wohl wahr und ein „kranker
2985 2438 4627 2545 nervöser Mensch" (vgl. „Litteratur“), der um mildernde
2983 2553 4550 2675 Umstände bittet; aber doch kein Schlen - - Genug.-
2959 2645 3316 2765 Zur Sache!
2976 2780 4650 2906 Ich habe das Stück mit aufrichtigem Interesse wieder-
2959 2878 4652 3023 gelesen, manches, das mir früher als Schwäche erschien,
