4869 4008
1234 698 1910 812 XVIII.Spöttelgasse 7.
1330 788 1825 868 Wien, 13.7.1904.
297 910 1984 997 Lieber Freund, auf Ihre Karte von Lahmann antworte ich
321 1024 1968 1122 Ihnen der Sicherheit halber an Ihre Berliner Adresse,
303 1169 1910 1232 ohne zu ahnen wo Sie sich heute wirklich aufhalten.
310 1276 1917 1359 Ich bin etwa 14 Tage lang krank gewesen, sogar bett-
317 1392 1950 1482 lägerig - eine Gelbsucht, die aber nun in raschem Ver-
326 1513 1892 1604 schwinden ist. gearbeitet hab ich natürlich so gut
310 1615 1984 1727 wie gar nichts- in der vorangehenden Zeit auch nur am
326 1752 1923 1834 Roman- und auch daran nicht so viel als ich von mir
326 1850 2024 1957 verlangen könnte. Was dramatisch zunächst fertig wird -
321 1984 1964 2068 und wann dies zunächst sein mag,getrau ich mich auch
321 2088 2017 2191 nicht annähernd zu sagen. In Taormina hab ich ein paar
321 2231 1934 2312 Komödienakte hingeschmissen, die so wie sie sind gar
332 2327 1957 2425 nichts zu bedeuten haben. Einen der ersten Menschen,
339 2450 1946 2544 die ich in Wien sah, war Holländer, als Gesandter des
321 2564 1966 2664 Kleinen- und Neuen Theaters. Jarno hat sich wegen des
339 2693 1981 2791 Einsamen Wegs an mich gewandt. Um ihn nicht für Wien
346 2818 1964 2923 vollkommen zu verlieren, werd ich mich doch wohl ent-
3934 665 4304 819 (13.7.04.)
2660 821 4362 937 schliessen, ihn einem dieser beiden Theater,Volks- oder
2660 973 4346 1062 Josefsstadt zu überlassen. Es thut mir ja freilich in
2669 1091 4355 1176 der Seele weh, dass ich Bassermann nie wieder als Sala
2678 1169 4469 1328 sollte sehen dürfen. Mit wie viel Perzent Wahrscheinlich-
2671 1310 4349 1432 keit denken Sie den E.W. ins Repertoire wieder aufzu-
2682 1444 4306 1555 nehmen? - Ferner:Sie wollten Liebelei u. Literatur zu-
2682 1551 4333 1665 sammen geben- hielten Sie es nicht für versuchswerth,
2682 1680 4291 1778 die Leb.St. als Cyclus wie sie geschrieben waren, neu
2689 1818 4364 1912 einzustudieren?- Noch eines, freilich nur der Vollstän-
2682 1930 4317 2015 digkeit halber, nämlich das s das Märchen ein oft ge-
2682 2033 4355 2124 spieltes höchst beliebtes Repertoirestück in Russland
2689 2149 4300 2291 geworden ist, eine berühmte russische Schauspielerin
2682 2280 4288 2365 mit unaussprechlichem Namen immerfort darin pastirt
2695 2394 4346 2483 (und dass ich natürlich keinen Heller bekomme, während
2700 2532 4329 2631 der Uebersetzer bereits mehrere tausend Rubel einge-
2700 2633 3135 2747 steckt hat.)-
2689 2767 4467 2854 Meine fernem Aussichten und Pläne für den Sommer? hi er-
