<?xml version="1.0" encoding="UTF-8" standalone="yes"?>
<PcGts xmlns="http://schema.primaresearch.org/PAGE/gts/pagecontent/2013-07-15" xmlns:xsi="http://www.w3.org/2001/XMLSchema-instance" xsi:schemaLocation="http://schema.primaresearch.org/PAGE/gts/pagecontent/2013-07-15 http://schema.primaresearch.org/PAGE/gts/pagecontent/2013-07-15/pagecontent.xsd">
    <Metadata>
        <Creator>prov=READ-COOP:name=TrHtr:version=2.1.0:model_id=51170:date=26_07_2023_02:02</Creator>
        <Created>2023-05-02T07:45:29.285+02:00</Created>
        <LastChange>2023-07-26T02:02:49.184+02:00</LastChange>
        <TranskribusMetadata docId="1416706" pageId="54951732" pageNr="335" tsid="130871542" status="IN_PROGRESS" userId="64420" imgUrl="https://files.transkribus.eu/Get?id=YTFOZKZYKWDQCLEFSEXWXKJJ&amp;fileType=view" xmlUrl="https://files.transkribus.eu/Get?id=KFGPYALITTNIHJPPCMGNOEIA" imageId="44455458"/>
    </Metadata>
    <Page imageFilename="1416706_0335.jpg" imageWidth="4924" imageHeight="3994">
        <ReadingOrder>
            <OrderedGroup id="ro_1711829475268" caption="Regions reading order">
                <RegionRefIndexed index="0" regionRef="tr_1"/>
                <RegionRefIndexed index="1" regionRef="tr_2"/>
            </OrderedGroup>
        </ReadingOrder>
        <TextRegion id="tr_1" custom="readingOrder {index:0;}">
            <Coords points="340,349 2095,349 2095,2917 340,2917"/>
            <TextLine id="tr_1_tl_1" custom="readingOrder {index:0;}">
                <Coords points="1734,459 1789,448 1813,461 1826,454 1833,463 1861,461 1872,468 1901,463 1910,345 1864,367 1833,347 1804,367 1787,353 1743,345"/>
                <Baseline points="1749,411 1820,405 1910,399"/>
                <TextEquiv>
                    <Unicode>&lt;INS&gt;</Unicode>
                </TextEquiv>
            </TextLine>
            <TextLine id="tr_1_tl_2" custom="readingOrder {index:1;}">
                <Coords points="757,479 849,507 1008,465 1223,481 1304,450 1460,489 1565,424 1684,404 1684,360 1583,351 1414,410 1357,373 1150,430 1029,384 757,353"/>
                <Baseline points="770,459 859,459 949,453 1038,459 1128,465 1188,465 1229,465 1241,459 1331,459 1420,459 1510,453 1599,447 1689,447"/>
                <TextEquiv>
                    <Unicode>1 1 4 „ „ 9 „ — „</Unicode>
                </TextEquiv>
            </TextLine>
            <TextLine id="tr_1_tl_3" custom="readingOrder {index:2;}">
                <Coords points="1455,887 1488,889 1541,869 1616,893 1633,880 1677,889 1699,869 1732,882 1754,876 1756,797 1723,801 1675,781 1607,812 1591,803 1558,810 1508,799 1473,773 1457,777"/>
                <Baseline points="1468,853 1492,853 1582,853 1671,853 1761,847"/>
                <TextEquiv>
                    <Unicode>(9.2.98.)</Unicode>
                </TextEquiv>
            </TextLine>
            <TextLine id="tr_1_tl_4" custom="readingOrder {index:3;}">
                <Coords points="327,1008 1622,1027 1774,975 2011,990 2013,928 329,939"/>
                <Baseline points="340,991 405,997 495,991 585,997 674,991 764,991 853,991 943,991 1032,985 1122,985 1211,985 1301,979 1391,979 1480,979 1570,973 1659,979 1749,973 1838,973 1928,967 2017,967"/>
                <TextEquiv>
                    <Unicode>aufführung in Berlin,wenn noch heuer, nach dem 20. März</Unicode>
                </TextEquiv>
            </TextLine>
            <TextLine id="tr_1_tl_5" custom="readingOrder {index:4;}">
                <Coords points="327,1126 2017,1102 1978,1027 329,1062"/>
                <Baseline points="340,1110 411,1116 501,1116 591,1116 680,1110 770,1110 859,1104 949,1104 1038,1104 1128,1104 1217,1098 1307,1098 1397,1092 1486,1092 1576,1086 1665,1092 1755,1086 1844,1086 1934,1086 2023,1086"/>
                <TextEquiv>
                    <Unicode>erlebt. Wir wissen ja beide, wie früh die Saison schon</Unicode>
                </TextEquiv>
            </TextLine>
            <TextLine id="tr_1_tl_6" custom="readingOrder {index:5;}">
                <Coords points="327,1247 1932,1249 1949,1174 327,1181"/>
                <Baseline points="340,1235 429,1235 519,1235 608,1229 698,1229 788,1229 877,1223 967,1223 1056,1223 1146,1223 1235,1223 1325,1217 1414,1217 1504,1211 1594,1211 1683,1211 1773,1205 1862,1205 1952,1205"/>
                <TextEquiv>
                    <Unicode>schlecht zu werden beginnt, und wie verhältnismässig</Unicode>
                </TextEquiv>
            </TextLine>
            <TextLine id="tr_1_tl_7" custom="readingOrder {index:6;}">
                <Coords points="334,1385 1989,1357 2041,1275 336,1313"/>
                <Baseline points="346,1349 435,1355 525,1355 614,1349 704,1349 794,1349 883,1343 973,1343 1062,1343 1152,1343 1241,1337 1331,1337 1420,1337 1510,1331 1599,1331 1689,1331 1779,1331 1868,1325 1958,1325 2047,1319"/>
                <TextEquiv>
                    <Unicode>spät sie gut zu werden beginnt. Wenn Sie also die Güte</Unicode>
                </TextEquiv>
            </TextLine>
            <TextLine id="tr_1_tl_8" custom="readingOrder {index:7;}">
                <Coords points="347,1482 2041,1479 2041,1411 347,1414"/>
                <Baseline points="358,1474 435,1474 525,1468 614,1468 704,1468 794,1468 883,1462 973,1462 1062,1462 1152,1462 1241,1462 1331,1456 1420,1456 1510,1450 1599,1450 1689,1450 1779,1450 1868,1444 1958,1444 2047,1444"/>
                <TextEquiv>
                    <Unicode>haben, mir den Vertrag zu schicken, so bitte ich Sie die</Unicode>
                </TextEquiv>
            </TextLine>
            <TextLine id="tr_1_tl_9" custom="readingOrder {index:8;}">
                <Coords points="327,1618 1923,1596 1982,1583 1982,1523 327,1539"/>
                <Baseline points="340,1588 376,1588 465,1594 555,1594 644,1588 734,1588 823,1582 913,1588 1002,1582 1092,1582 1182,1576 1271,1576 1361,1576 1450,1576 1540,1570 1629,1570 1719,1570 1808,1570 1898,1570 1988,1564"/>
                <TextEquiv>
                    <Unicode>Klausel einzuftigen, dass das Stück entweder in dieser</Unicode>
                </TextEquiv>
            </TextLine>
            <TextLine id="tr_1_tl_10" custom="readingOrder {index:9;}">
                <Coords points="347,1721 1785,1723 2002,1703 2002,1651 347,1677"/>
                <Baseline points="358,1707 394,1707 483,1707 573,1707 662,1707 752,1701 841,1701 931,1701 1020,1701 1110,1695 1199,1701 1289,1695 1379,1695 1468,1689 1558,1689 1647,1689 1737,1689 1826,1689 1916,1689 2005,1683"/>
                <TextEquiv>
                    <Unicode>Saison spätestens 20.März oder aber erst in der näch-</Unicode>
                </TextEquiv>
            </TextLine>
            <TextLine id="tr_1_tl_11" custom="readingOrder {index:10;}">
                <Coords points="345,1853 1899,1835 1899,1778 1837,1758 347,1776"/>
                <Baseline points="358,1826 382,1832 471,1832 561,1832 650,1826 740,1826 829,1826 919,1826 1008,1820 1098,1820 1188,1814 1277,1814 1367,1814 1456,1814 1546,1808 1635,1808 1725,1802 1814,1808 1904,1808"/>
                <TextEquiv>
                    <Unicode>sten Saison zwischen 1. Oktober und 1. Dezember zum</Unicode>
                </TextEquiv>
            </TextLine>
            <TextLine id="tr_1_tl_12" custom="readingOrder {index:11;}">
                <Coords points="340,1973 1989,1951 1989,1868 342,1896"/>
                <Baseline points="352,1946 382,1952 471,1952 561,1946 650,1946 740,1946 829,1946 919,1940 1008,1940 1098,1940 1188,1934 1277,1934 1367,1928 1456,1928 1546,1928 1635,1928 1725,1928 1814,1922 1904,1922 1994,1922"/>
                <TextEquiv>
                    <Unicode>erst en Male aufgeführt wird. Ihre Entscheidung bitte</Unicode>
                </TextEquiv>
            </TextLine>
            <TextLine id="tr_1_tl_13" custom="readingOrder {index:12;}">
                <Coords points="340,2076 393,2096 503,2079 533,2101 639,2074 1047,2094 1174,2076 1177,2028 1115,2002 1036,2028 935,2000 823,2022 759,2006 709,2033 665,2008 342,2026"/>
                <Baseline points="352,2059 376,2071 465,2071 555,2071 644,2065 734,2065 823,2059 913,2059 1002,2059 1092,2059 1182,2053"/>
                <TextEquiv>
                    <Unicode>an meine Wiener Adresse! -</Unicode>
                </TextEquiv>
            </TextLine>
            <TextLine id="tr_1_tl_14" custom="readingOrder {index:13;}">
                <Coords points="351,2202 1684,2202 1958,2177 1960,2092 351,2153"/>
                <Baseline points="364,2179 441,2185 531,2185 620,2185 710,2179 799,2179 889,2179 979,2179 1068,2179 1158,2173 1247,2173 1337,2167 1426,2167 1516,2167 1605,2167 1695,2161 1785,2161 1874,2161 1964,2161"/>
                <TextEquiv>
                    <Unicode>Noch bin ich Ihnen herzlichen Dank schuldig für Ihr</Unicode>
                </TextEquiv>
            </TextLine>
            <TextLine id="tr_1_tl_15" custom="readingOrder {index:14;}">
                <Coords points="347,2311 2008,2314 2037,2230 347,2270"/>
                <Baseline points="358,2298 429,2310 519,2304 608,2304 698,2304 788,2298 877,2298 967,2298 1056,2298 1146,2292 1235,2292 1325,2286 1414,2286 1504,2286 1594,2286 1683,2280 1773,2280 1862,2280 1952,2274 2041,2274"/>
                <TextEquiv>
                    <Unicode>Telegramm, mittelst welchem Sie mir zum Carltheater-Er-</Unicode>
                </TextEquiv>
            </TextLine>
            <TextLine id="tr_1_tl_16" custom="readingOrder {index:15;}">
                <Coords points="340,2425 489,2463 1703,2410 1846,2450 1997,2362 340,2393"/>
                <Baseline points="352,2423 388,2423 477,2423 567,2423 656,2423 746,2423 835,2417 925,2417 1014,2411 1104,2411 1194,2405 1283,2405 1373,2405 1462,2405 1552,2405 1641,2399 1731,2399 1820,2399 1910,2399 1999,2388"/>
                <TextEquiv>
                    <Unicode>folg des „Freiwild“ gratulierten. Die Aufführung war</Unicode>
                </TextEquiv>
            </TextLine>
            <TextLine id="tr_1_tl_17" custom="readingOrder {index:16;}">
                <Coords points="340,2546 599,2586 966,2537 1982,2551 2055,2548 2055,2487 340,2498"/>
                <Baseline points="352,2543 358,2543 447,2543 537,2543 626,2543 716,2537 805,2531 895,2537 985,2537 1074,2531 1164,2531 1253,2525 1343,2525 1432,2525 1522,2525 1611,2519 1701,2519 1791,2513 1880,2513 1970,2513 2059,2507"/>
                <TextEquiv>
                    <Unicode>sehr ungleich; Leistungen ers ten Ranges neben Provinz-</Unicode>
                </TextEquiv>
            </TextLine>
            <TextLine id="tr_1_tl_18" custom="readingOrder {index:17;}">
                <Coords points="347,2682 1861,2671 2024,2654 2059,2597 347,2634"/>
                <Baseline points="358,2668 364,2668 453,2662 543,2662 632,2662 722,2662 811,2656 901,2656 991,2656 1080,2656 1170,2650 1259,2650 1349,2644 1438,2644 1528,2644 1617,2638 1707,2638 1797,2638 1886,2632 1976,2632 2065,2626"/>
                <TextEquiv>
                    <Unicode>leistungen. Auffallend gut wirkt jetzt immer eine Sze-</Unicode>
                </TextEquiv>
            </TextLine>
            <TextLine id="tr_1_tl_19" custom="readingOrder {index:18;}">
                <Coords points="356,2794 1886,2792 2006,2770 2006,2695 358,2748"/>
                <Baseline points="370,2782 399,2788 489,2788 579,2788 668,2782 758,2776 847,2776 937,2776 1026,2776 1116,2776 1205,2770 1295,2770 1385,2770 1474,2764 1564,2764 1653,2764 1743,2764 1832,2758 1922,2758 2011,2758"/>
                <TextEquiv>
                    <Unicode>ne, die ich seit Berlin ganz verändert habe (2.Akt, 2.</Unicode>
                </TextEquiv>
            </TextLine>
            <TextLine id="tr_1_tl_20" custom="readingOrder {index:19;}">
                <Coords points="349,2961 830,2902 2002,2906 2090,2891 2092,2814 351,2851"/>
                <Baseline points="364,2907 394,2907 483,2907 573,2907 662,2907 752,2901 841,2901 931,2895 1020,2895 1110,2889 1199,2889 1289,2889 1379,2883 1468,2883 1558,2883 1647,2883 1737,2883 1826,2883 1916,2883 2005,2883 2095,2877"/>
                <TextEquiv>
                    <Unicode>Auftritt.) Die antisemitischen Journale versuchen mich</Unicode>
                </TextEquiv>
            </TextLine>
        </TextRegion>
        <TextRegion id="tr_2" custom="readingOrder {index:1;}">
            <Coords points="2734,355 4501,355 4501,2606 2734,2606"/>
            <TextLine id="tr_2_tl_1" custom="readingOrder {index:0;}">
                <Coords points="3119,463 3213,487 3264,446 3530,419 3624,465 3661,435 3699,459 3758,432 3933,454 3993,437 3993,364 3714,391 3578,342 3115,362"/>
                <Baseline points="3128,411 3217,405 3307,411 3396,411 3486,405 3576,411 3665,417 3755,411 3844,423 3934,429 3999,429"/>
                <TextEquiv>
                    <Unicode>Von tädtigen kosten wäre, als eben aufgelegt</Unicode>
                </TextEquiv>
            </TextLine>
            <TextLine id="tr_2_tl_2" custom="readingOrder {index:1;}">
                <Coords points="3874,856 3938,874 3966,863 4087,865 4105,856 4149,856 4179,869 4179,784 4109,786 4074,806 4012,803 3984,788 3874,803"/>
                <Baseline points="3886,847 3916,847 4005,847 4095,847 4185,841"/>
                <TextEquiv>
                    <Unicode>(9.2.98.)</Unicode>
                </TextEquiv>
            </TextLine>
            <TextLine id="tr_2_tl_3" custom="readingOrder {index:2;}">
                <Coords points="2722,988 3734,1008 4421,977 4445,935 2722,957"/>
                <Baseline points="2734,985 2746,985 2835,985 2925,985 3014,979 3104,979 3194,979 3283,979 3373,979 3462,973 3552,973 3641,973 3731,967 3820,967 3910,967 3999,967 4089,967 4179,961 4268,961 4358,961 4447,961"/>
                <TextEquiv>
                    <Unicode>zu beschimpfen - und auch in vielen andern merkt man</Unicode>
                </TextEquiv>
            </TextLine>
            <TextLine id="tr_2_tl_4" custom="readingOrder {index:3;}">
                <Coords points="2733,1115 4495,1098 4495,1032 4445,1029 2735,1054"/>
                <Baseline points="2746,1104 2799,1110 2889,1104 2979,1104 3068,1098 3158,1104 3247,1098 3337,1098 3426,1092 3516,1092 3605,1092 3695,1092 3785,1086 3874,1086 3964,1086 4053,1080 4143,1080 4232,1080 4322,1080 4411,1080 4501,1086"/>
                <TextEquiv>
                    <Unicode>das Bestreben des betreffenden Referenten mitzutheilen,</Unicode>
                </TextEquiv>
            </TextLine>
            <TextLine id="tr_2_tl_5" custom="readingOrder {index:4;}">
                <Coords points="2728,1240 4263,1225 4263,1155 2728,1196"/>
                <Baseline points="2740,1223 2746,1223 2835,1223 2925,1223 3014,1223 3104,1217 3194,1217 3283,1211 3373,1217 3462,1211 3552,1211 3641,1205 3731,1205 3820,1205 3910,1199 3999,1205 4089,1199 4179,1199 4268,1199"/>
                <TextEquiv>
                    <Unicode>dass sie für ihre Person ungeheuer muthig seien</Unicode>
                </TextEquiv>
            </TextLine>
            <TextLine id="tr_2_tl_6" custom="readingOrder {index:5;}">
                <Coords points="2739,1359 4346,1346 4372,1282 2739,1293"/>
                <Baseline points="2752,1343 2764,1343 2853,1343 2943,1343 3032,1337 3122,1337 3211,1337 3301,1337 3391,1337 3480,1337 3570,1337 3659,1331 3749,1325 3838,1325 3928,1325 4017,1325 4107,1319 4196,1319 4286,1319 4376,1319"/>
                <TextEquiv>
                    <Unicode>und dem Tod mit Vergnügen ins Angesicht schauen und</Unicode>
                </TextEquiv>
            </TextLine>
            <TextLine id="tr_2_tl_7" custom="readingOrder {index:6;}">
                <Coords points="2739,1499 4368,1468 4386,1394 2739,1422"/>
                <Baseline points="2752,1462 2776,1462 2865,1462 2955,1462 3044,1462 3134,1462 3223,1462 3313,1456 3402,1456 3492,1456 3582,1450 3671,1450 3761,1450 3850,1444 3940,1444 4029,1438 4119,1444 4208,1438 4298,1438 4388,1444"/>
                <TextEquiv>
                    <Unicode>dass es doch eigentlich ganz selbstverständlich sei,</Unicode>
                </TextEquiv>
            </TextLine>
            <TextLine id="tr_2_tl_8" custom="readingOrder {index:7;}">
                <Coords points="2746,1600 4212,1589 4359,1574 4361,1517 2746,1552"/>
                <Baseline points="2758,1582 2841,1582 2931,1582 3020,1576 3110,1582 3199,1576 3289,1582 3379,1576 3468,1576 3558,1570 3647,1570 3737,1570 3826,1564 3916,1564 4005,1564 4095,1564 4185,1558 4274,1564 4364,1552"/>
                <TextEquiv>
                    <Unicode>wenn man einmal einen offizier geohrfeigt habe, dass</Unicode>
                </TextEquiv>
            </TextLine>
            <TextLine id="tr_2_tl_9" custom="readingOrder {index:8;}">
                <Coords points="2728,1714 3609,1727 3815,1706 3815,1659 2963,1651 2880,1688 2728,1681"/>
                <Baseline points="2740,1701 2746,1701 2835,1707 2925,1701 3014,1701 3104,1695 3194,1695 3283,1695 3373,1695 3462,1695 3552,1689 3641,1689 3731,1689 3820,1695"/>
                <TextEquiv>
                    <Unicode>man da niedergemacht werden müsse.</Unicode>
                </TextEquiv>
            </TextLine>
            <TextLine id="tr_2_tl_10" custom="readingOrder {index:9;}">
                <Coords points="2746,1848 4256,1826 4377,1809 4377,1752 2748,1787"/>
                <Baseline points="2758,1826 2770,1820 2859,1820 2949,1814 3038,1820 3128,1820 3217,1814 3307,1820 3396,1814 3486,1814 3576,1808 3665,1808 3755,1808 3844,1808 3934,1808 4023,1802 4113,1802 4202,1802 4292,1797 4382,1791"/>
                <TextEquiv>
                    <Unicode>Beor-Hofmann will nachtmahlen, also muss ich schlies-</Unicode>
                </TextEquiv>
            </TextLine>
            <TextLine id="tr_2_tl_11" custom="readingOrder {index:10;}">
                <Coords points="2746,1951 4045,1947 4298,1929 4300,1864 2746,1905"/>
                <Baseline points="2758,1940 2782,1934 2871,1940 2961,1940 3050,1940 3140,1934 3229,1934 3319,1934 3408,1928 3498,1928 3588,1928 3677,1922 3767,1922 3856,1922 3946,1916 4035,1916 4125,1916 4214,1910 4304,1910"/>
                <TextEquiv>
                    <Unicode>sen; er lässt Sie schön grüssen, und ich will auch</Unicode>
                </TextEquiv>
            </TextLine>
            <TextLine id="tr_2_tl_12" custom="readingOrder {index:11;}">
                <Coords points="2737,2076 2917,2105 2992,2072 3999,2048 3999,1995 3885,1986 2739,2015"/>
                <Baseline points="2752,2059 2841,2059 2931,2053 3020,2053 3110,2053 3199,2053 3289,2053 3379,2047 3468,2047 3558,2041 3647,2041 3737,2041 3826,2035 3916,2035 4005,2035"/>
                <TextEquiv>
                    <Unicode>nachtmahlen und grüsse Sie noch schöner.</Unicode>
                </TextEquiv>
            </TextLine>
            <TextLine id="tr_2_tl_13" custom="readingOrder {index:12;}">
                <Coords points="2987,2191 3031,2204 3069,2184 3091,2202 3119,2186 3130,2195 3174,2182 3183,2191 3306,2186 3308,2140 3279,2129 3240,2140 3176,2140 3165,2131 3141,2140 3117,2125 3091,2140 3047,2131 2990,2142"/>
                <Baseline points="3002,2173 3044,2173 3134,2173 3223,2167 3313,2161"/>
                <TextEquiv>
                    <Unicode>Ihr treuer</Unicode>
                </TextEquiv>
            </TextLine>
            <TextLine id="tr_2_tl_14" custom="readingOrder {index:13;}">
                <Coords points="3325,2243 3339,2243 3356,2256 3385,2243 3420,2252 3431,2241 3444,2252 3479,2252 3483,2169 3472,2166 3440,2184 3424,2177 3391,2191 3374,2180 3356,2193 3352,2188 3343,2195 3328,2193"/>
                <Baseline points="3337,2226 3396,2226 3486,2220"/>
                <TextEquiv>
                    <Unicode>A.S.</Unicode>
                </TextEquiv>
            </TextLine>
            <TextLine id="tr_2_tl_15" custom="readingOrder {index:14;}">
                <Coords points="2746,2366 4394,2342 4394,2265 3029,2307 2748,2270"/>
                <Baseline points="2758,2352 2788,2352 2877,2352 2967,2346 3056,2346 3146,2346 3235,2340 3325,2340 3414,2340 3504,2340 3594,2340 3683,2334 3773,2334 3862,2328 3952,2328 4041,2322 4131,2322 4220,2322 4310,2316 4399,2316"/>
                <TextEquiv>
                    <Unicode>Noch etwas sehr wichtiges: Keineswegs die Schneider.</Unicode>
                </TextEquiv>
            </TextLine>
            <TextLine id="tr_2_tl_16" custom="readingOrder {index:15;}">
                <Coords points="2750,2526 4401,2476 4421,2384 2755,2421"/>
                <Baseline points="2764,2465 2811,2471 2901,2471 2991,2465 3080,2465 3170,2459 3259,2459 3349,2453 3438,2453 3528,2453 3617,2447 3707,2447 3796,2441 3886,2441 3976,2441 4065,2435 4155,2435 4244,2435 4334,2429 4423,2423"/>
                <TextEquiv>
                    <Unicode>Natürlich die Lehmann - und wenn aller Dialekt drauf-</Unicode>
                </TextEquiv>
            </TextLine>
            <TextLine id="tr_2_tl_17" custom="readingOrder {index:16;}">
                <Coords points="2737,2660 2750,2663 2772,2643 2807,2647 2823,2638 2838,2649 2856,2638 2864,2645 2915,2612 2937,2612 2937,2555 2900,2559 2884,2546 2858,2548 2851,2542 2814,2564 2792,2553 2777,2566 2755,2557 2739,2559"/>
                <Baseline points="2752,2596 2764,2596 2853,2591 2943,2591"/>
                <TextEquiv>
                    <Unicode>geht.</Unicode>
                </TextEquiv>
            </TextLine>
        </TextRegion>
    </Page>
</PcGts>
