<?xml version="1.0" encoding="UTF-8" standalone="yes"?>
<PcGts xmlns="http://schema.primaresearch.org/PAGE/gts/pagecontent/2013-07-15" xmlns:xsi="http://www.w3.org/2001/XMLSchema-instance" xsi:schemaLocation="http://schema.primaresearch.org/PAGE/gts/pagecontent/2013-07-15 http://schema.primaresearch.org/PAGE/gts/pagecontent/2013-07-15/pagecontent.xsd">
    <Metadata>
        <Creator>prov=READ-COOP:name=TrHtr:version=2.1.0:model_id=51170:date=26_07_2023_02:03</Creator>
        <Created>2023-05-02T07:45:35.510+02:00</Created>
        <LastChange>2023-07-26T02:03:46.170+02:00</LastChange>
        <TranskribusMetadata docId="1416706" pageId="54951880" pageNr="371" tsid="130871699" status="IN_PROGRESS" userId="64420" imgUrl="https://files.transkribus.eu/Get?id=OEDEZYSAEVVRYOMPDFKFUMTL&amp;fileType=view" xmlUrl="https://files.transkribus.eu/Get?id=HIGXBUXJXQTAQCXBQGSVWBIA" imageId="44455606"/>
    </Metadata>
    <Page imageFilename="1416706_0371.jpg" imageWidth="4869" imageHeight="4008">
        <ReadingOrder>
            <OrderedGroup id="ro_1711829502515" caption="Regions reading order">
                <RegionRefIndexed index="0" regionRef="tr_2"/>
                <RegionRefIndexed index="1" regionRef="tr_1"/>
            </OrderedGroup>
        </ReadingOrder>
        <TextRegion id="tr_2" custom="readingOrder {index:0;}">
            <Coords points="357,451 2194,451 2194,2854 357,2854"/>
            <TextLine id="tr_2_tl_1" custom="readingOrder {index:0;}">
                <Coords points="1078,546 1106,548 1119,535 1183,555 1197,541 1226,535 1242,546 1258,535 1290,555 1306,553 1306,378 1272,373 1201,412 1165,398 1151,412 1078,421"/>
                <Baseline points="1091,501 1180,501 1270,501 1312,501"/>
                <TextEquiv>
                    <Unicode>1 in 1</Unicode>
                </TextEquiv>
            </TextLine>
            <TextLine id="tr_2_tl_2" custom="readingOrder {index:1;}">
                <Coords points="1531,812 1602,799 1620,817 1633,805 1652,817 1679,794 1745,810 1763,794 1822,787 1847,799 1852,723 1795,719 1772,742 1759,730 1720,735 1595,698 1536,710"/>
                <Baseline points="1544,793 1586,787 1675,781 1765,781 1854,769"/>
                <TextEquiv>
                    <Unicode>(2.8.04.)</Unicode>
                </TextEquiv>
            </TextLine>
            <TextLine id="tr_2_tl_3" custom="readingOrder {index:2;}">
                <Coords points="357,962 2007,937 2009,862 1547,876 1310,826 1197,876 359,885"/>
                <Baseline points="369,942 405,942 495,942 584,942 673,936 763,930 852,930 942,924 1031,924 1121,924 1210,918 1300,912 1389,912 1479,912 1568,906 1658,900 1747,900 1837,894 1926,888 2015,882"/>
                <TextEquiv>
                    <Unicode>eine Weile aussetze und habe mich also bis auf weite-</Unicode>
                </TextEquiv>
            </TextLine>
            <TextLine id="tr_2_tl_4" custom="readingOrder {index:3;}">
                <Coords points="341,1103 2011,1037 2029,930 344,1017"/>
                <Baseline points="357,1067 423,1067 512,1061 602,1055 691,1055 781,1049 870,1049 960,1043 1049,1043 1139,1043 1228,1037 1318,1031 1407,1031 1497,1025 1586,1019 1675,1019 1765,1013 1854,1007 1944,1007 2033,1013"/>
                <TextEquiv>
                    <Unicode>res in dramatische Fährlichkeiten eingelassen: aus den</Unicode>
                </TextEquiv>
            </TextLine>
            <TextLine id="tr_2_tl_5" custom="readingOrder {index:4;}">
                <Coords points="362,1199 1895,1169 1993,1153 1995,1058 364,1119"/>
                <Baseline points="375,1186 387,1180 477,1180 566,1174 656,1174 745,1169 835,1169 924,1163 1013,1163 1103,1157 1192,1157 1282,1151 1371,1145 1461,1145 1550,1139 1640,1139 1729,1133 1819,1133 1908,1127 1998,1133"/>
                <TextEquiv>
                    <Unicode>drei Taormineser Akten kann etwas leidliches werden;</Unicode>
                </TextEquiv>
            </TextLine>
            <TextLine id="tr_2_tl_6" custom="readingOrder {index:5;}">
                <Coords points="362,1322 1870,1260 2063,1338 2189,1297 2191,1158 364,1258"/>
                <Baseline points="375,1306 441,1300 530,1294 620,1294 709,1294 799,1288 888,1288 978,1282 1067,1282 1157,1276 1246,1276 1336,1270 1425,1264 1514,1264 1604,1258 1693,1258 1783,1252 1872,1246 1962,1246 2056,1252 2056,1252 2135,1276 2194,1270"/>
                <TextEquiv>
                    <Unicode>aber für den Augenblick, d.h.seit vorgestern Abend hat. April</Unicode>
                </TextEquiv>
            </TextLine>
            <TextLine id="tr_2_tl_7" custom="readingOrder {index:6;}">
                <Coords points="357,1429 1734,1426 2013,1395 2016,1326 359,1376"/>
                <Baseline points="369,1425 411,1419 501,1419 590,1413 679,1413 769,1407 858,1407 948,1401 1037,1401 1127,1395 1216,1395 1306,1389 1395,1389 1485,1383 1574,1377 1664,1377 1753,1371 1842,1371 1932,1365 2021,1359"/>
                <TextEquiv>
                    <Unicode>mich ein anderer (neugeborner) Stoff eingenommen, des-</Unicode>
                </TextEquiv>
            </TextLine>
            <TextLine id="tr_2_tl_8" custom="readingOrder {index:7;}">
                <Coords points="366,1567 1991,1520 2048,1451 1592,1410 1481,1467 369,1504"/>
                <Baseline points="381,1538 441,1538 530,1532 620,1532 709,1526 799,1526 888,1526 978,1520 1067,1514 1157,1514 1246,1508 1336,1508 1425,1503 1514,1497 1604,1497 1693,1497 1783,1491 1872,1485 1962,1485 2051,1485"/>
                <TextEquiv>
                    <Unicode>sen Scenarium ich gestern entworfen habe und der mich</Unicode>
                </TextEquiv>
            </TextLine>
            <TextLine id="tr_2_tl_9" custom="readingOrder {index:8;}">
                <Coords points="378,1686 1831,1654 2029,1618 2032,1565 382,1622"/>
                <Baseline points="393,1658 423,1658 512,1658 602,1652 691,1652 781,1646 870,1640 960,1640 1049,1634 1139,1634 1228,1628 1318,1628 1407,1622 1497,1616 1586,1616 1675,1616 1765,1610 1854,1604 1944,1604 2033,1598"/>
                <TextEquiv>
                    <Unicode>anregt. Unvorhergesehene Morde oder Selbstmorde abge-</Unicode>
                </TextEquiv>
            </TextLine>
            <TextLine id="tr_2_tl_10" custom="readingOrder {index:9;}">
                <Coords points="378,1802 1961,1761 2079,1743 2082,1677 380,1749"/>
                <Baseline points="393,1777 477,1777 566,1771 656,1771 745,1765 835,1765 924,1759 1013,1759 1103,1753 1192,1747 1282,1747 1371,1741 1461,1741 1550,1735 1640,1735 1729,1735 1819,1729 1908,1729 1998,1723 2087,1723"/>
                <TextEquiv>
                    <Unicode>rechnet sieht es nach einer Art von Lustspiel aus (wie</Unicode>
                </TextEquiv>
            </TextLine>
            <TextLine id="tr_2_tl_11" custom="readingOrder {index:10;}">
                <Coords points="387,1911 1654,1904 2002,1870 2073,1815 389,1847"/>
                <Baseline points="399,1902 465,1896 554,1890 644,1890 733,1890 823,1884 912,1878 1002,1878 1091,1872 1180,1872 1270,1866 1359,1866 1449,1860 1538,1860 1628,1854 1717,1854 1807,1848 1896,1842 1986,1842 2075,1837"/>
                <TextEquiv>
                    <Unicode>die Taormineser Sache) und für die nächsten Jahre ste-</Unicode>
                </TextEquiv>
            </TextLine>
            <TextLine id="tr_2_tl_12" custom="readingOrder {index:11;}">
                <Coords points="380,2036 1891,2002 1986,1972 1988,1918 382,1977"/>
                <Baseline points="393,2015 471,2009 560,2009 650,2009 739,2004 829,1998 918,1998 1007,1992 1097,1992 1186,1986 1276,1986 1365,1980 1455,1980 1544,1974 1634,1974 1723,1968 1813,1968 1902,1962 1992,1962"/>
                <TextEquiv>
                    <Unicode>hen möglicherweise Feuilletons von goldmann in Aus-</Unicode>
                </TextEquiv>
            </TextLine>
            <TextLine id="tr_2_tl_13" custom="readingOrder {index:12;}">
                <Coords points="398,2143 1381,2111 1470,2152 1856,2091 1993,2136 2011,2034 400,2088"/>
                <Baseline points="411,2135 495,2129 584,2129 673,2123 763,2123 852,2117 942,2117 1031,2111 1121,2111 1210,2105 1300,2105 1389,2099 1479,2099 1568,2093 1658,2093 1747,2087 1837,2081 1926,2081 2015,2081"/>
                <TextEquiv>
                    <Unicode>sicht, in denen er mich dringend auffordert, zur Trag-</Unicode>
                </TextEquiv>
            </TextLine>
            <TextLine id="tr_2_tl_14" custom="readingOrder {index:13;}">
                <Coords points="398,2261 1975,2236 2034,2161 1058,2198 969,2159 400,2218"/>
                <Baseline points="411,2254 429,2248 518,2248 608,2242 697,2242 787,2236 876,2236 966,2230 1055,2230 1145,2224 1234,2218 1324,2218 1413,2212 1503,2212 1592,2206 1681,2206 1771,2200 1860,2200 1950,2194 2039,2194"/>
                <TextEquiv>
                    <Unicode>oder wenigstens Melancholi-oedie zurückzukehren. Was</Unicode>
                </TextEquiv>
            </TextLine>
            <TextLine id="tr_2_tl_15" custom="readingOrder {index:14;}">
                <Coords points="391,2389 2057,2352 2059,2275 394,2336"/>
                <Baseline points="405,2367 453,2367 542,2361 632,2361 721,2355 811,2355 900,2343 990,2343 1079,2343 1169,2338 1258,2332 1347,2332 1437,2332 1526,2326 1616,2320 1705,2320 1795,2320 1884,2314 1974,2308 2063,2302"/>
                <TextEquiv>
                    <Unicode>es nun im Ernst - oder in Heiverkeit werden wird, ver-</Unicode>
                </TextEquiv>
            </TextLine>
            <TextLine id="tr_2_tl_16" custom="readingOrder {index:15;}">
                <Coords points="394,2507 1649,2480 1977,2443 1977,2389 1631,2364 1522,2407 396,2452"/>
                <Baseline points="405,2487 459,2487 548,2481 638,2475 727,2475 817,2469 906,2469 996,2463 1085,2463 1174,2457 1264,2457 1353,2451 1443,2445 1532,2445 1622,2439 1711,2439 1801,2433 1890,2433 1980,2427"/>
                <TextEquiv>
                    <Unicode>mag ich natürlich bei der Unverlässlichkeit meiner</Unicode>
                </TextEquiv>
            </TextLine>
            <TextLine id="tr_2_tl_17" custom="readingOrder {index:16;}">
                <Coords points="391,2630 1902,2562 2079,2609 2102,2512 1947,2475 1786,2528 394,2566"/>
                <Baseline points="405,2606 495,2600 584,2594 673,2594 763,2588 852,2588 942,2582 1031,2582 1121,2582 1210,2576 1300,2570 1389,2570 1479,2570 1568,2564 1658,2558 1747,2564 1837,2558 1926,2552 2015,2546 2105,2546"/>
                <TextEquiv>
                    <Unicode>Laune und Produktionsfähigkeit nicht zu sagen; sicher</Unicode>
                </TextEquiv>
            </TextLine>
            <TextLine id="tr_2_tl_18" custom="readingOrder {index:17;}">
                <Coords points="405,2757 1875,2714 2043,2691 2045,2623 407,2680"/>
                <Baseline points="417,2725 441,2725 530,2719 620,2713 709,2713 799,2707 888,2707 978,2707 1067,2701 1157,2701 1246,2695 1336,2689 1425,2683 1514,2683 1604,2683 1693,2677 1783,2677 1872,2672 1962,2666 2051,2666"/>
                <TextEquiv>
                    <Unicode>ist aber, dass es mir in Hinsicht auf inneres Treiben</Unicode>
                </TextEquiv>
            </TextLine>
            <TextLine id="tr_2_tl_19" custom="readingOrder {index:18;}">
                <Coords points="416,2860 1085,2830 1215,2871 1531,2816 2070,2853 2075,2737 419,2780"/>
                <Baseline points="429,2844 471,2839 560,2833 650,2833 739,2833 829,2827 918,2821 1007,2821 1097,2821 1186,2815 1276,2809 1365,2809 1455,2803 1544,2797 1634,2797 1723,2797 1813,2797 1902,2791 1992,2785 2081,2785"/>
                <TextEquiv>
                    <Unicode>(nicht ebensosehr in Hinsicht auf äusseres Schreiben)</Unicode>
                </TextEquiv>
            </TextLine>
        </TextRegion>
        <TextRegion id="tr_1" custom="readingOrder {index:1;}">
            <Coords points="2767,737 4497,737 4497,2986 2767,2986"/>
            <TextLine id="tr_1_tl_1" custom="readingOrder {index:0;}">
                <Coords points="3904,821 3986,819 4002,808 4013,819 4031,808 4079,821 4143,794 4225,833 4250,828 4254,689 4218,676 4104,682 4040,667 3997,692 3970,685 3906,712"/>
                <Baseline points="3918,793 3990,793 4079,787 4169,787 4258,787"/>
                <TextEquiv>
                    <Unicode>(2.5.04.)</Unicode>
                </TextEquiv>
            </TextLine>
            <TextLine id="tr_1_tl_2" custom="readingOrder {index:1;}">
                <Coords points="2755,960 4275,940 4370,926 4373,842 3194,862 3119,824 2757,878"/>
                <Baseline points="2767,954 2856,948 2946,948 3035,948 3125,942 3214,936 3304,936 3393,930 3483,930 3572,924 3662,924 3751,924 3841,918 3930,912 4019,912 4109,906 4198,900 4288,900 4377,906"/>
                <TextEquiv>
                    <Unicode>schon lange nicht so wohl ergangen ist wie seit dem</Unicode>
                </TextEquiv>
            </TextLine>
            <TextLine id="tr_1_tl_3" custom="readingOrder {index:2;}">
                <Coords points="2753,1092 4072,1033 4402,1069 4407,940 3711,1001 2896,960 2755,1015"/>
                <Baseline points="2767,1061 2797,1061 2886,1067 2976,1067 3065,1061 3155,1055 3244,1055 3334,1049 3423,1049 3512,1043 3602,1043 3691,1043 3781,1037 3870,1031 3960,1031 4049,1025 4139,1019 4228,1019 4318,1013 4407,1019"/>
                <TextEquiv>
                    <Unicode>Schwinden der ungefährlichen gelben Gefahr. Das Mär-</Unicode>
                </TextEquiv>
            </TextLine>
            <TextLine id="tr_1_tl_4" custom="readingOrder {index:3;}">
                <Coords points="2773,1217 4311,1176 4402,1160 4404,1076 3995,1117 3201,1069 3099,1142 2776,1144"/>
                <Baseline points="2785,1192 2797,1186 2886,1186 2976,1180 3065,1180 3155,1174 3244,1174 3334,1169 3423,1169 3512,1163 3602,1163 3691,1157 3781,1157 3870,1151 3960,1151 4049,1145 4139,1145 4228,1139 4318,1133 4407,1139"/>
                <TextEquiv>
                    <Unicode>chen lass ich Ihnen durch Fischer senden; wenn Sie es</Unicode>
                </TextEquiv>
            </TextLine>
            <TextLine id="tr_1_tl_5" custom="readingOrder {index:4;}">
                <Coords points="2776,1340 4363,1297 4368,1206 3092,1197 2946,1263 2778,1260"/>
                <Baseline points="2791,1300 2850,1306 2940,1300 3029,1300 3119,1294 3208,1294 3298,1288 3387,1288 3477,1282 3566,1282 3656,1276 3745,1276 3835,1270 3924,1264 4013,1264 4103,1264 4192,1258 4282,1252 4371,1252"/>
                <TextEquiv>
                    <Unicode>wirklich wieder lesen, so werden Sie merken, dass der</Unicode>
                </TextEquiv>
            </TextLine>
            <TextLine id="tr_1_tl_6" custom="readingOrder {index:5;}">
                <Coords points="2776,1438 4088,1424 4357,1404 4359,1340 3208,1324 3046,1392 2778,1383"/>
                <Baseline points="2791,1419 2844,1425 2934,1425 3023,1425 3113,1419 3202,1413 3292,1413 3381,1407 3471,1401 3560,1401 3650,1395 3739,1395 3829,1389 3918,1389 4008,1383 4097,1383 4186,1377 4276,1377 4365,1377"/>
                <TextEquiv>
                    <Unicode>Schlus geändert ist. Das Freiwild kommt in diesem</Unicode>
                </TextEquiv>
            </TextLine>
            <TextLine id="tr_1_tl_7" custom="readingOrder {index:6;}">
                <Coords points="2785,1565 4452,1522 4454,1436 4170,1463 3863,1413 2787,1495"/>
                <Baseline points="2797,1538 2850,1544 2940,1538 3029,1538 3119,1532 3208,1526 3298,1526 3387,1520 3477,1520 3566,1520 3656,1514 3745,1508 3835,1508 3924,1508 4013,1503 4103,1497 4192,1497 4282,1497 4371,1491 4461,1485"/>
                <TextEquiv>
                    <Unicode>Winter im Volkstheater zur Aufführung; der Ruppenspie-</Unicode>
                </TextEquiv>
            </TextLine>
            <TextLine id="tr_1_tl_8" custom="readingOrder {index:7;}">
                <Coords points="2778,1695 3622,1638 4373,1668 4409,1565 3365,1552 3221,1629 2780,1611"/>
                <Baseline points="2791,1664 2803,1664 2892,1664 2982,1658 3071,1658 3161,1652 3250,1652 3340,1646 3429,1640 3518,1640 3608,1634 3697,1634 3787,1628 3876,1628 3966,1628 4055,1622 4145,1616 4234,1616 4324,1610 4413,1616"/>
                <TextEquiv>
                    <Unicode>ler bei Jarno (schade dass er bei Ihnen nicht wieder</Unicode>
                </TextEquiv>
            </TextLine>
            <TextLine id="tr_1_tl_9" custom="readingOrder {index:8;}">
                <Coords points="2796,1806 4448,1768 4493,1679 3249,1674 3169,1740 2796,1745"/>
                <Baseline points="2809,1783 2886,1777 2976,1777 3065,1771 3155,1771 3244,1765 3334,1765 3423,1759 3512,1759 3602,1753 3691,1753 3781,1747 3870,1747 3960,1741 4049,1741 4139,1735 4228,1735 4318,1729 4407,1729 4497,1729"/>
                <TextEquiv>
                    <Unicode>auferstehen dürfte wie wäre es, fällt mir in neuerlicher</Unicode>
                </TextEquiv>
            </TextLine>
            <TextLine id="tr_1_tl_10" custom="readingOrder {index:9;}">
                <Coords points="2785,1913 4434,1900 4436,1811 3092,1793 2992,1861 2787,1856"/>
                <Baseline points="2797,1902 2827,1896 2916,1896 3006,1896 3095,1890 3184,1890 3274,1884 3363,1878 3453,1878 3542,1872 3632,1872 3721,1866 3811,1866 3900,1860 3990,1860 4079,1854 4169,1854 4258,1854 4347,1848 4437,1842"/>
                <TextEquiv>
                    <Unicode>Paranthese ein-mit einer Zusammenstellung:Puppenspie-</Unicode>
                </TextEquiv>
            </TextLine>
            <TextLine id="tr_1_tl_11" custom="readingOrder {index:10;}">
                <Coords points="2791,2032 4352,2004 4388,1911 2794,1968"/>
                <Baseline points="2803,2021 2874,2021 2964,2015 3053,2009 3143,2004 3232,2004 3322,1998 3411,1998 3501,1992 3590,1986 3679,1986 3769,1980 3858,1974 3948,1974 4037,1974 4127,1968 4216,1968 4306,1962 4395,1956"/>
                <TextEquiv>
                    <Unicode>ler, Liebelei - sp dass also die Leb.Std. als ganzer</Unicode>
                </TextEquiv>
            </TextLine>
            <TextLine id="tr_1_tl_12" custom="readingOrder {index:11;}">
                <Coords points="2807,2148 4418,2134 4423,2032 2812,2077"/>
                <Baseline points="2821,2141 2904,2135 2994,2129 3083,2123 3173,2123 3262,2117 3351,2117 3441,2117 3530,2111 3620,2105 3709,2099 3799,2093 3888,2093 3978,2093 4067,2087 4157,2081 4246,2081 4336,2081 4425,2081"/>
                <TextEquiv>
                    <Unicode>Abend unversehr blieben?) - Was ich mit Johanna im</Unicode>
                </TextEquiv>
            </TextLine>
            <TextLine id="tr_1_tl_13" custom="readingOrder {index:12;}">
                <Coords points="2810,2291 3645,2227 4320,2261 4425,2248 4429,2148 2814,2148"/>
                <Baseline points="2821,2260 2910,2254 3000,2248 3089,2248 3178,2242 3268,2236 3357,2236 3447,2230 3536,2230 3626,2224 3715,2218 3805,2212 3894,2212 3984,2212 4073,2206 4163,2200 4252,2200 4342,2194 4431,2194"/>
                <TextEquiv>
                    <Unicode>E.W. anfangen soll, ist mir (so sehr ich die Bedenken</Unicode>
                </TextEquiv>
            </TextLine>
            <TextLine id="tr_1_tl_14" custom="readingOrder {index:13;}">
                <Coords points="2810,2380 4140,2373 4436,2330 4439,2280 2980,2275 2812,2316"/>
                <Baseline points="2821,2373 2833,2373 2922,2367 3011,2361 3101,2361 3190,2355 3280,2355 3369,2349 3459,2349 3548,2343 3638,2343 3727,2338 3817,2332 3906,2332 3996,2326 4085,2326 4175,2320 4264,2314 4353,2314 4443,2308"/>
                <TextEquiv>
                    <Unicode>heute anerkennen muss, da sie sich so sehr gerechtfer-</Unicode>
                </TextEquiv>
            </TextLine>
            <TextLine id="tr_1_tl_15" custom="readingOrder {index:14;}">
                <Coords points="2814,2493 3087,2532 3504,2475 4411,2502 4416,2389 3194,2389 3114,2452 2814,2468"/>
                <Baseline points="2827,2493 2898,2493 2988,2487 3077,2487 3167,2481 3256,2475 3345,2475 3435,2469 3524,2469 3614,2463 3703,2463 3793,2457 3882,2451 3972,2451 4061,2445 4151,2439 4240,2439 4330,2433 4419,2439"/>
                <TextEquiv>
                    <Unicode>tigt haben) noch immer ziemlich unklar. Stellte sich</Unicode>
                </TextEquiv>
            </TextLine>
            <TextLine id="tr_1_tl_16" custom="readingOrder {index:15;}">
                <Coords points="2803,2637 4382,2614 4459,2607 4461,2500 2805,2530"/>
                <Baseline points="2815,2612 2856,2612 2946,2606 3035,2606 3125,2600 3214,2600 3304,2594 3393,2588 3483,2582 3572,2582 3662,2582 3751,2576 3841,2570 3930,2570 4019,2564 4109,2564 4198,2558 4288,2552 4377,2552 4467,2552"/>
                <TextEquiv>
                    <Unicode>mein theatralischer Verstand nicht gewöhnlich um eine</Unicode>
                </TextEquiv>
            </TextLine>
            <TextLine id="tr_1_tl_17" custom="readingOrder {index:16;}">
                <Coords points="2812,2748 3965,2698 4402,2746 4466,2737 4470,2625 3808,2664 3269,2623 3133,2696 2814,2694"/>
                <Baseline points="2827,2731 2862,2731 2952,2725 3041,2725 3131,2725 3220,2719 3310,2713 3399,2713 3489,2707 3578,2701 3668,2701 3757,2695 3846,2695 3936,2689 4025,2683 4115,2683 4204,2677 4294,2677 4383,2672 4473,2677"/>
                <TextEquiv>
                    <Unicode>Saison zu spät ein, so würde ich die Sache wahrschein-</Unicode>
                </TextEquiv>
            </TextLine>
            <TextLine id="tr_1_tl_18" custom="readingOrder {index:17;}">
                <Coords points="2812,2907 3322,2841 4382,2830 4400,2732 3244,2760 2973,2819 2819,2778"/>
                <Baseline points="2827,2850 2880,2850 2970,2844 3059,2844 3149,2839 3238,2839 3328,2833 3417,2827 3507,2827 3596,2821 3685,2815 3775,2815 3864,2809 3954,2809 4043,2803 4133,2797 4222,2797 4312,2797 4401,2803"/>
                <TextEquiv>
                    <Unicode>lich so gemacht haben, dass schon der erste Vorhang</Unicode>
                </TextEquiv>
            </TextLine>
            <TextLine id="tr_1_tl_19" custom="readingOrder {index:18;}">
                <Coords points="2821,3003 3590,2951 4411,2978 4466,2962 4470,2848 2823,2926"/>
                <Baseline points="2833,2976 2862,2970 2952,2970 3041,2970 3131,2964 3220,2964 3310,2958 3399,2952 3489,2946 3578,2940 3668,2940 3757,2934 3846,2928 3936,2928 4025,2922 4115,2922 4204,2922 4294,2916 4383,2916 4473,2910"/>
                <TextEquiv>
                    <Unicode>über einem beginnenden Verhältnis von Sala u. Johanna</Unicode>
                </TextEquiv>
            </TextLine>
        </TextRegion>
    </Page>
</PcGts>
