2471 4104
1576 404 2098 573 : —: — : —
767 463 877 573 II
930 750 1041 845 26
1147 820 1710 941 Berlin, 28.1.1898.
319 973 1143 1085 Herrn Dr.Arthur Schnitzler
1217 1000 1480 1106 Wien IX.
1187 1075 1606 1185 Frankgasse 1.
633 1168 1455 1302 Sehr geehrter Herr Doctor!
331 1278 1947 1410 Ihr neues Schauspiel habe ich sogleich nach Empfang
329 1391 1984 1533 mit grossem Interesse gelesen und bin selbstverständ-
338 1521 2041 1667 lich bereit, es aufzuführen. Freilich haben sich mir bei
344 1665 1964 1763 der ersten Lectüre noch einige Einwendungen ergeben,
344 1752 1971 1882 die ich aber erst formulieren möchte, nachdem ich das
346 1897 2020 2007 Stück noch einmal gelesen und reiflich überdacht habe,
355 1977 1939 2096 so dass ich Sie bitten muss, sich einige Tage zu ge-
355 2107 1928 2219 dulden; vielleicht kann ich Ihnen dann auch gleich
359 2238 1922 2357 mit bestimmten Aenderungsvorschlägen kommen, Ob es
359 2345 1956 2451 zweckmässig wäre, die Aufführung des Stückes noch in
367 2457 1986 2587 dieser Saison in Aussicht zu nehmen, ist mir ohnedies
363 2574 1956 2708 fraglich: eine andere Novität liegt zwar nicht vor,
363 2682 2018 2808 aber der Erfolg des Johannes ist ein so überaus star-
365 2795 2009 2933 ker, dass er allein schon das Repertoir sicher bis in
