5001 4121
1319 785 2233 947 Helgeland,Emperor of Austria
3666 805 4212 975 Berlin, 4.9.1901.
1553 852 1919 994 15.8.1901.
3208 957 3939 1093 Lieber Herr Schnitzler,
813 968 1562 1097 Lieber Herr Schnitzler,
2962 1065 4548 1224 auch mir ist es lieber, wenn Sie dem Lautenburg, der
538 1056 2209 1183 es freut mich Sie an gutem Ort und in froher Arbeits-
2975 1198 4580 1353 doch für die „Liebelei“ nicht das richtige Quartier
531 1181 2186 1304 laune zu wissen. Ich habe mich hier auch ganz einge-
2979 1321 4604 1467 sein würde, absagen und ich will mich gern verpflich-
549 1286 2194 1441 wöhnt und denke noch bis 29. hier, am 1.9.in Berlin zu
2984 1418 4552 1581 ten, die Neueins tudierung noch in dieser Saison, und
536 1437 736 1566 sein.
2979 1542 4550 1687 zwar in guter Theaterzeit, zu veranstalten; nur auf
538 1551 2158 1648 Die Einakter bitte ich mir baldmöglichst zu senden;
2975 1654 4576 1809 den Termin „bis Neujahr“ bitte ich Sie, nicht zu be-
549 1654 2119 1775 ich finde auch den Gesammttitel „Litteraturseelen“
2986 1779 4673 1876 stehen, das lässt sich zu schwer übersehen heute, und es
538 1788 2104 1876 nicht publikumsfreundlich. Die Studie „Litteratur“
2990 1889 4653 2009 ist doch auch Ihr Interesse nicht,wenn ein Termin aus-
538 1908 2199 1999 hat mir nicht „missfallen“,Gott bewahre mich vor sol-
2990 2011 4610 2121 gemacht wird, zu dem vielleicht andere Attraktionen -
538 2009 2255 2121 cher Kerkheit, ich fand sie nur etwas gedehnt und nicht
2986 2130 4632 2216 etwa Ihr eigener Einakterabend! - störend wirken. An
538 2136 2203 2259 sehr schlagkräftig. Aber ich werde sie gern noch ein-
2986 2244 4610 2343 die Kombination mit „Kakadu" habe ich auch schon ge-
546 2252 2151 2351 mal lesen und im Zusammenhang mit den Geschwistern,
2986 2371 4647 2470 dacht. Es freut mich, dass Sie „Litteratur“ umarbeiten
549 2388 2173 2465 die Sie mir so anschaulich schildern,zu erfassen su-
3003 2487 4685 2612 und ich sehe Ihrer Sendung mit bester Erwartung entge-
538 2467 2097 2584 chen. Auf das grosse Stück bin ich sehr neugierßg
538 2607 2140 2713 und freue mich überhaupt, dass Sie mit Ihren Plänen
2990 2640 3154 2758 gen.
538 2726 2265 2812 jetzt wieder beim Theater, und auch beim Deutschen Thea-
3272 2732 3838 2814 Herzlich grüssend
3952 2751 4120 2930 O.B.
549 2829 2252 2943 ter verweilen.-Halten sie also nur Wort und kommen Sie
568 2924 2229 3003 .jedenfalls vor dem 10.Sept."mir mit den Einaktern in
538 2992 2091 3096 den Schuss!-Mit herzlichen Grüssen u.wünschen Ihr
1936 3044 2108 3134 O.B.
