2532 4103
812 401 973 519 1,1
1631 860 1891 948 15.6.98.
356 924 2060 1027 Glück Erfolg haben (beim Theater ist ja alles möglich;
360 1042 1902 1145 durch eine zielbewusste Tüchtigkeit sicher nicht.
671 1155 2009 1267 Sie sind aber ein fleissiger Herr, das muss
358 1269 2064 1376 ich sagen. Und das alles neben der aufreibenden Praxis
371 1383 2030 1479 (ich meine als Arzt). Mir wird es natürlich das Lieb-
358 1509 2082 1595 ste sein, wenn ich alle Ihre Stücke in mein Häusl bekom-
360 1640 1947 1730 me, und ich sehe ihnen mit gespannter Erwartung und
360 1766 1970 1850 dito Hahn entgegen. Machen Sie sich nur bald an das
367 1867 1979 1972 „Vermächtnis“, wenn ich bitten dürfte. Ehe ich es in
356 1992 2009 2071 der neuen Form habe, kann ich über den Termin der Auf-
358 2086 1246 2206 führung ja kaum etwas sagen.
671 2197 1944 2330 Was Sie mich von Schlenther zwischen den
352 2332 2024 2431 Zeilen lesen lassen, betrübt mich. Bei manchem concur-
356 2435 1985 2551 rirenden Interesse ziehen wir doch schliesslich den-
364 2564 2067 2660 selben Strang, oder, wie Karlweis mir sagte: „die beiden
358 2665 2045 2804 Theater sind ja jetzt in einer Hand“! Hoffentlich den-
358 2780 1955 2900 ken Sie nicht so mordsmässig skeptisch über S. wie
352 2920 2043 3078 Hofmannsthal, dessen Sprache an Deutlichkeit nichts zu
