4908 4008
1419 329 1729 504 G. A. M.
1593 742 1941 874 (5.10.01.)
398 887 1993 976 ler die etwas burleske Frau mit dem Dolch, dann die
402 972 2127 1095 schweren Lebendigen Stunden, hierauf die leichte Litera-
411 1108 2112 1210 tur, zum Schluss die einigermassen eigenartigen letzten
394 1223 2105 1333 Masken. - In unserm Contract wäre zu bemerken, dass der
394 1348 2021 1463 Cyclus als abendfüllendes Stück in Hinsicht auf die
405 1478 2101 1567 Tantiemene zu betrachten ist, ferner dass meine Tantie-
398 1573 2040 1701 menrechte (104) natürlich ungeschmälert bleiben, wenn
398 1707 2043 1839 aus irgend einem Grund bei den späteren Aufführungen
398 1815 1945 1943 eins von den 5 Stücken entfallen würde (da ja der
394 1956 2103 2040 abendfüllende Charakter trotzdem gewahrt bliebe.) Eine
398 2060 2069 2153 Trennung resp. Einzelaufführungen können nur nach vor-
396 2181 2069 2278 heriger zustimmung meinerseits stat tfinden. Ich halte
394 2287 2040 2408 nun doch einen Gesammttitel für recht wünschenswerth
394 2423 2036 2516 und möchte daftir „Lebendige Stunden“ vorschlagen, den
374 2538 1999 2664 Titel des mittleren Einakters, der die Grundidee des
370 2653 1831 2757 ganzen Cyclus am meisten auszudrücken scheint.
381 2791 1986 2915 Was den Schluss der Frau mit dem Dolch anbelangt, so
370 2908 2105 3005 werden Sie aus den gedruckten Exemplaren entnehmen, dass
3960 699 4295 865 (5.10.01.)
2839 822 4511 965 ich versucht habe, nicht durch mehr worte (was ich für
2839 963 4559 1112 durchaus verfehlt hielte) sondern durch szenische, resp.
2847 1112 4408 1197 schauspielerische Bemerkungen den Sinn zu verdeut-
2839 1218 4455 1355 lichen. Auf die Contrefiguren müssten wir natürlich
2856 1320 4501 1469 verzichten. Doch kann das Umkleiden in wenigen Sekun-
2856 1437 4438 1554 den geschehn, indem Pauline einem langen Mantel auf-
2850 1575 4485 1694 tritt (eine Stelle ist leicht einzufügen, dass sie zu
2856 1707 4403 1794 einem Diner geladen sei, statt dass sie nach Hause
2850 1815 4462 1913 muss. Auch Leonhard könnte in einen langen Ueberzie-
2856 1947 3330 2049 her auftreten.-
2863 2071 4520 2155 -Ich lege heute noch einen Zettel mit dem Bese/tzungs-
2850 2196 4503 2276 vorschlag bei und hoffe sehr bald Nachricht zu erhal-
2856 2309 4557 2417 ten, resp. den Vertragmit Termin, den Sie wohl nicht wei-
2856 2406 4425 2545 ter als bis zum 1.Dezember hinausschieben wollen? -
2850 2536 4550 2661 -Leben Sie wohl und lassen Sie uns hoffen, dass wir bei-
2856 2661 3769 2806 de diesmal gut fahren werden.
3122 2774 3579 2882 Herzlichst Ihr
3587 2835 3741 2975 A.S.
