5060 4105
1755 859 1999 967 19.102.
536 909 2184 1079 bleibe ich aber dieses Erfolges froh und darf sagen:
553 1039 2222 1202 diese Stunden gehören zu den schönsten meines Lebens.
871 1168 1505 1321 Herzlichst grüssend
1370 1323 1535 1446 O.B.
536 1431 2107 1579 Kakadu könnte man etwa mit „Hans" zusammengeben.
543 1554 2243 1707 Sie sind ja schon an diese Verknüpfung mit Mecklenburg
536 1679 820 1794 gewöhnt.
3816 861 4380 954 Berlin, 22.1.1902.
3369 924 4121 1068 Lieber Herr Schnitzler,
3027 1045 4736 1196 Sie machen sich unnötige Sorgen. Frl.Triesch wird sich
3042 1177 4728 1306 so einrichten, dass sie, zunächst für die Woche 2.-9.Fe-
3036 1306 4711 1429 bruar, und ähnlich weiterhin, für 2 Tage, und zwar nich t
3036 1399 4721 1520 zwei zusammenliegende, nach Berlin zurückkommt. Das be-
3034 1531 4683 1662 dingt freilich viel Reiserei, aber sie ist eine erfah-
3019 1647 4696 1760 rene Gastin und wandern ist ihre Lust. Sie sucht über-
3025 1760 4713 1925 all ein paar Tage einzukriegen, denn sie möchte um Got-
3029 1893 4709 2014 tes Willen eine Umbesetzung verhüten, die ich natürlich
3023 2003 4656 2137 auch nur im Nothfall machen würde. Jedenfalls dürfen
3008 2128 4556 2234 Sie annehmen, dass Ihre Interessen in keiner Weise
3006 2245 3712 2357 vernachlässigt werden.
3305 2334 4672 2468 Uebrigens wird Sudermanns Stück keinesfalls
2996 2468 4619 2593 vor Ende nächster Woche, vielleicht auch noch später,
2993 2586 3439 2703 herauskommen.
3303 2688 4590 2830 Das Theater an d.W. stand mir bis Neujahr
2983 2813 4583 2976 zur Verfügung, da trat ich zurück und glaubte nicht,
2981 2919 4590 3066 dass es so sch nell weitervergeben würde. Ich traure
