4994 4105
1560 786 1915 939 11.3.1900.
320 924 1958 1061 ter Kenntnisnahme (allerdings mehr gef sselt als er-
333 988 2033 1208 wärmt) uid der spannende Aufbau, die geschickte Führung
335 1158 1912 1272 und der Geist, der aus dem Ganzen und dem Einzelnen
348 1238 2024 1438 spricht, werden auf dem The x er ihre Wirkung nicht ver-
335 1345 1985 1491 fehlen. Ob die stilisierte Anatolhaftigkeit des Dich-
363 1448 1966 1629 ters dem Publikum verständlich und sympathisch sein
357 1588 1994 1734 wird,ob die Liebe des Herzogs zu ihm überzeugend ist-
355 1689 1977 1912 diese Fragen möchte ich nicht ohne Fragezeichen las-
376 1824 2037 1975 sen; und die Beatrice, scheint mir (jetzt wie im Hünf)
367 1934 2003 2080 verliert im Verlauf die charakteristische Haltung um
374 2125 1414 2200 etwas, zum Schaden des Interesses.
376 2168 1960 2321 Doch Sie wollen von mir nicht Kritik, sondern einen
376 2284 1962 2443 praktischen Rath. Wenn Sie sich nicht zur Sorma im
385 2396 2101 2576 Lessing-Th. entschliessen können, bleibt wohl das Schau-
387 2557 2074 2684 spielhaus das nächste, obgleich der genus loci mit der
387 2639 2056 2808 Sittenfreiheit dieser Dichtung stets hadern wird; die
380 2787 2000 2899 beiden Männer können gewiss dort am besten gespielt
400 2892 1977 3021 werden. Fulda, den ich Ihnen in wien als Einreicher
3803 389 4405 582 ,.,... —..
4164 786 4502 883 11.3.1900.
2828 836 4517 963 nannte, ist wie es scheint jetzt etwas verstimmt gegen
2838 963 4502 1122 die Leute, doch eine Anfrage bei ihm (er ist im Sara -
2841 1117 4472 1220 torium Martinsbrunny bei Meran) kann ja nichts scha-
2841 1218 4457 1356 den; sonst wäre wohl das Einfachste, Sie liessen das
2845 1341 4564 1485 Stück durch Entsch einreichen - falls Sie nicht vorzi e-
2841 1468 4431 1581 hen, es erst nach der wiener Aufführung für Berlin
2841 1551 4502 1685 fortzugeben,da grade für dieses Werk unsere liebe Re-
2843 1682 4510 1807 sidenz mir ein etwas steiniger Boden zu sein scheint.
2881 1805 4557 1942 Wir rüsten schon langs am für Wien und ich freue mich
2845 1917 4499 2043 eine gute Zeit dort mir Ihnen zu verleben! „Freiwild'
2841 2041 4495 2168 bleibt auf unserem Programm, vielleicht auch der „Kaka-
2841 2166 4566 2303 du". Am 31. denke ich Dreyers „Winter schlaf“ zum ersten
2849 2265 4553 2400 male zu geben und möchte „Paracelsus“ als Schlussstück
2845 2394 4214 2538 anhängen: bitte auch hiefür um Ihren segen.
3208 2523 3788 2671 Herzlich grüssend
