2504 4103
1279 808 1823 988 Berlin, 13.5.1897.
929 835 1024 950 21
672 992 1402 1148 Lieber Herr Schnitzler,
400 1114 2023 1258 schon sehr oft wollt ich Ihnen schreiben; und dieser
406 1245 2114 1377 Wille hätte sich zur That verdichtet, nachdem ich jetzt
406 1349 2093 1490 in Wien um die Freude kam, Ihnen die Hand zu schütteln.
406 1483 2076 1611 Auf der Rückreise aber habe ich mir einen ekligen Ka-
410 1577 2021 1726 tarrh geholt und muss dem dumpfen Mau erloch, genannt
412 1711 2087 1836 Deutsches Theater, einige Tage fern bleiben: die beste
419 1823 2116 1970 Gelegenheit,Briefschulden zu zahlen, und mit Ihnen will
419 1938 2125 2089 ich den Anfang machen. Sollte ich einigen Unsinn schrei-
419 2046 2004 2197 ben, so wundern Sie sich bitte nicht; ich komme aus
427 2174 1466 2306 dem Bett und bin noch recht matt.
731 2297 2000 2416 Aber genug von mir - was machen, treiben,
436 2412 2087 2548 schreiben Sie? Ist die freche Komödie weitergediehen,
436 2552 1953 2660 von der Sie mir schrieben? (hoffentlich nicht so
438 2646 2072 2775 frech, wie die kleinen undruckbaren Skizzen, durch die
442 2756 2057 2901 Sie Hirschfelds Unschuld bedrohten). Oder was haben
444 2877 1989 3005 Sie sonst noch, ich meine natürlich: für mich vor?
438 2981 2023 3130 Belohnt es Ihren Schaffensmuth nicht gewaltig, dass
