5041 4152
1005 443 1226 636 1710
2119 423 2374 614 9 1 1 7
1705 983 2042 1139 13.7.1904.
375 1165 2001 1264 zur sache, die nicht gering ist, noch stimulieren. Sie
382 1288 1994 1400 glauben nicht, wie oft man die Leute an diesem Punkt
399 1413 2071 1501 (der nicht nur mein persönlicher Doll-Punkt ist) stol-
373 1511 2020 1634 pern sieht. Bei einem Wiener Gastspiel würde ich den
384 1623 2152 1742 „Einsamen Weg“ dann sicher bringen – aber ob das im näch-
384 1762 2082 1873 sten Jahr ist, vermag ich freilich nicht zu sagen, sehr
382 1887 2029 1974 wahrscheinlich ist es mir nicht. - Ihre Anregung, die
393 2005 2082 2095 „Lebendigen Stunden" wieder zu bringen,will ich ernst-
397 2097 2049 2205 haft im Auge behalten;.und wenn Sie mir das „Märchen“
393 2216 2141 2319 schicken können, lese ich es gern noch einmal - ich glau-
399 2341 2154 2442 be, es sind 10 Jahre her, dass ich es auf meinem Schreiber-
397 2470 1253 2567 hauer Balkon kennen lernte.
864 2551 1825 2670 Herzliche Grüsse für Sie Beide
1200 2674 1518 2799 von Ihrem
1498 2755 1669 2841 O.B.
3769 998 4427 1101 Helgöland, 15.7.1904.
2863 1163 4541 1270 Lieber Freund, wir tanzen ja jetzt die schönste Kreuz-
2876 1310 4534 1393 polka mit unseren Briefen. Eben erhalte ich Ihr nach
2894 1411 4563 1509 Agn. gerichtetes Schreiben; ich nehme an, dass Sie nun
2880 1520 4620 1619 direkt an H. sich wenden werden, über dessen Geneigtheit
2887 1637 4605 1742 in dieser Zeit das Gewünschte zu leisten, ich nichts sa-
2880 1781 4563 1862 gen kann. Ich denke etwa den 5. August bei ihm zu sein
2894 1891 4539 1974 und bin natürlich auch bereit, falls Sie es dann noch
2894 1999 4561 2093 würs ehen, ihn anzustossen.- Es freut mich, dass Sie mit
2887 2104 4624 2224 der unbegreiflichen Sache fertig geworden sind; und ich
2887 2233 4552 2328 erhoffe von Ihrer neu erwachten Arbeitslust Gutes für
2880 2352 4513 2442 die Welt und das Tessing-Theater. Meine Hochachtung
2887 2461 4273 2564 dem tiefsinnigen „Schioksal des Frhrn. v.L.“
3512 2554 3914 2670 Herzlich Ihr
3911 2665 4069 2749 O.B.
