2526 4103
1287 424 1477 549 1,1
1155 722 1280 830 45
1272 787 2048 952 Berlin, 13. Dezember 1898.
653 910 1494 1064 Herrn Dr.Arthur Schnitzler
1622 980 1806 1081 Wien.
787 1077 1615 1217 Sehr geehrter Herr Doctor!
482 1187 2143 1304 Ueber das Schicksal des „Kakadu“ kann ich Ihnen etwas
474 1295 2212 1442 Bestimmtes noch nicht sagen. Nach Rücksprache mit Herrn
474 1429 2078 1557 Rechts anwalt Jonas haben wir uns daftir entschieden,
487 1559 2085 1665 erst den Bescheid des Oberpräsidenten, der innerhalb
476 1654 2078 1808 einiger Wochen erfolgen wird, abzuwarten,weil dieser
474 1801 2117 1901 möglicher weise doch eine Freigebung bringt. Auch die
493 1903 2137 2015 „Freie Bühne" hat deshalb in der Sache noch nichts ge-
480 2024 2171 2121 than, zumal da dem Vogel bisher noch das Gefährte fehlt,
471 2139 1918 2249 mit dem zusammen er seinen Flug nehmen könnte.
936 2255 1466 2390 Herzliche Grüsse
1460 2342 1656 2483 Ihres
1644 2480 1808 2589 O.B.
