5047 4072
1103 771 1300 921 278
1427 812 2044 975 Tegel, 15.10.1910.
846 968 1326 1106 Lieber Freund,
471 1076 2098 1217 für einen Rohrleger halte ich Sie nicht (eher schon
465 1176 2031 1298 für einen Poeten), aber Ihrem Meinungswechsel kann
484 1298 2149 1435 ich doch nicht recht folgen. „Mitte Februar“ habe ich
484 1414 2115 1568 Ihnen schon am 4.Okt. genannt, worauf Sie am 6. auch?
488 1551 2042 1669 „1.Jänner - 15.Febr.“ acceptirten. Dass ich Ihnen
465 1639 2177 1778 nun, als gewissenhaft-unreinhardtisches Subjekt, den 18.
471 1795 2087 1911 Febr.bezeichne, kann doch keinen Unterschied machen.
478 1885 2012 2029 Und dass der Januar unmöglich ist, kann ich Ihnen,
465 2014 2147 2140 wie ich es damals schon begründete, heute nur wiederho-
465 2108 2072 2273 len. Auch waren Sie nicht „der Erste am Platz“, son-
465 2239 2104 2382 dern Sie kamen nach Bahr (der in meinem Entwurf den-
465 2348 2168 2496 noch nach Ihnen kommt!) und, dies vor Allem, sie wollten
476 2483 2149 2620 sich weder für die offerierte Nr.3, noch sonstwie ent-
465 2614 2179 2757 scheiden. Ein Stück aber zugleich für einen bestimmten
454 2721 2134 2871 Termin acceptiren und nicht acceptiren, dem einen Teil
471 2871 2072 2987 alle Rechte einzuräumen und den andern, nämlich sich
454 2970 2078 3117 selber, gar keine zuzuschreiben, - das geht „über die
3593 761 3775 923 278
4317 823 4628 981 15. 10.10.
2985 990 4568 1091 Kraft-- (da ich ja nun mal gut Björnsonisch bin, bis
2985 1080 4634 1198 auf Weiteres). Ehdlich, um auch das noch zu sagen, ist
2997 1189 4658 1326 der Ihnen bezeichnete Termin m.B. ein durchaus guter;
2972 1290 4692 1438 S. haben schon voriges Jahr mit den Arm festgehalten,
2982 1418 4664 1549 mit dem ich den „Anatol" hochheben wollte, ich glaube,
2985 1534 4615 1663 zu Unrecht - wollen Sie den selben Fehler nochmal ma-
2985 1669 4621 1798 chen? Aber wie mein Gott will (A.S.), ich halt still.
2982 1759 4551 1911 Sie können aufführen lassen und Sie könne liegen
2985 1900 4551 2035 lassen, der Namedes Herrn und Freundes sei gelobt.
3259 2020 4662 2160 Besetzung habe ich heute nicht anders vorzu-
2991 2140 4675 2265 schlagen als damals, und „totaler“ kann sie auch nicht
2985 2247 4604 2389 werden, Sie müssten denn noch Personen hinzudichten.
2991 2380 4628 2487 Ueber Striche werden wir uns später zu verständigen
2985 2457 4686 2610 haben,wenn Sie erst wissen, wann Sie gespielt zu werden
2995 2599 3302 2740 wünschen.
3272 2618 3805 2770 Herzliche Grüsse
3617 2723 3794 2832 Ihres
3803 2702 3961 2865 O.B.
