5022 4120
1773 829 2042 916 13.9.01.
4315 820 4612 925 13.9.01.
436 893 2079 1019 danken und den der Pauline nicht verstehen! Ihre Ab-
2991 901 4657 993 zur „Groteske“ Kakadu? Besetzung betr. stimme ich zu:
446 1019 2115 1156 sicht, einer prosaischen Erläuterung hier auszuweichen,
2991 1023 4580 1111 Pauline, Margarethe Triesch, Heinrich – Rittner. Für
446 1136 2149 1258 verstehe ich schon; aber ich fühle zu deutlich, dass an
2991 1128 4708 1222 Hausdorfer halte ich Reinhardt ausgezeichnet,Borromäus
459 1252 2111 1382 diesem Punkt das Ganze im Theater zu scheitern droht,
2997 1254 4561 1339 dann etwa Fischer. Leonhard ist, wegen Lionardo, für
457 1337 2138 1495 um Ihnen nicht entschieden eine Verbreiterung und Ver-
2991 1365 4591 1457 uns kitzlich: ich habe einen jungen Liebhaber, Hahn,
459 1489 2160 1594 deutlichung dieses Schlusses anzurathen - die übrigens
2991 1470 4657 1579 der im Costüm mehr zu Hause ist, als Kaysler, mit die-
457 1606 2126 1715 auch aus technischen Gründen wünschenswerth wäre: der
2997 1621 4693 1696 sem möchte ich einen Versuch machen, gehts nicht, bleibt
472 1713 2134 1837 Umzug wird so blitzschnell,wie Sie xxx wünschen, nicht
2991 1732 4651 1820 K. immer noch, dem der Lionardo aber schwerlich beson-
459 1846 2074 1948 zu schaffen sein,und deshalb würde ein allzu kurzer
2991 1850 4687 1927 ders liegt. Könnten Sie als Remigio nicht Sommerstorff
2991 1918 4616 2027 denken: vielleicht etwas zu „edel“, aber doch gut re-
470 1931 2134 2072 Schluss im Missverhältnis sein zu der nothgedrungenen
2997 2053 4634 2153 präsentierend, blickend, sprechend. Bassermann ist mir
470 2053 2158 2217 kleinen Pause. Und die „Contrefiguren“ sind nicht min-
2997 2143 4629 2247 dafür etwas zu leicht an Gewicht. Für Gilbert möchte
481 2183 2108 2303 der bedenklich: selbst wenn man sie nicht als solche
3004 2286 4693 2395 ich Rittner zur Erwägung geben, dessen Humor noch nicht
483 2294 2091 2410 erkennt, würde man sicher hören, dass die Stimmen aus
2991 2382 4540 2480 genug erkannt ist; ich würde ihn das Stück event.
481 2397 2134 2529 der Coulisse schallen. Für „Litteratur“,das durch die
3004 2493 4599 2600 vorher lesen laswan,er greift sicher nicht nach der
483 2514 2061 2649 Umarbeitung sehr gewonnen hat und nur noch einiger
2991 2613 4636 2715 Rolle, wenn er sie nicht fühlt. Clemens, der doch echt
483 2628 2153 2773 Szriche bedarf, um sehr lastig zu wirken, werfe ich die
2997 2730 4621 2845 österreichisch am sichersten wirkt, könnte Hofmeister
493 2747 2153 2882 Frage auf, ob nicht eine andere Bezeichnung als „Lust-
3010 2869 4580 2991 sein;Bassermanns österreich.pialekt ist nicht echt
496 2867 2117 2995 spiel" zu wählen wäre? So etwas wie ein Seitenstück
2991 2986 3209 3100 genug.
