5060 4105
1289 785 1847 930 Berlin, 5.1.1902.
989 928 1483 1042 Lieber Hr.Schn.
549 1002 2255 1136 gleich gestern Abend fiel mir ein, als wir uns getrennt
549 1185 2132 1247 hatten, dass Sie neulich die Möglichkeit erwähnten,
560 1281 2204 1366 wir könnten die Einakter in Wien spielen. Ich möchte
566 1398 2153 1491 Sie jetzt beim Wort nehmen und das Wiener Mai-Gast-
583 1528 1706 1625 spiel ausführen,falls Sie zustimmen.
560 1623 2272 1738 Ich wollte Ihnen dies mündlich sagen, und zugleich eine
566 1725 2183 1857 Gegenvisite des Dt-Th. abstatten für die lebendigen
560 1855 2198 1968 Stunden, die Sie uns gestern geschenkt haben.Hoffent-
560 1991 1996 2104 lich sehe ich Sie heute Vormittag im Theater.
1240 2108 1579 2234 Herzl. Gr.
1651 2227 1811 2302 O.B.
4272 402 4676 589 Votre très de l'â¬
4344 742 4855 925 Janu 1902
3598 840 3951 938 Telegramm.
3885 902 4140 1021 Berlin
3036 1004 4704 1134 Spiele Kakadu bestimmt. Bitte Garantie nach Ihrem ei-
3040 1117 4674 1238 genen Berliner Vorschlag fünfzehnhundert festsetzen
3059 1213 4698 1351 und weitere s Ergebnis Lebendigen Stunden zu überlas-
3053 1338 4757 1502 sen. Gehe 6 Tage Heidelberg, Europäischer Hof. Herzlich
3938 1476 4168 1579 Brahm.
