5037 4040
893 796 1076 910 176
895 910 1242 1047 Telegramm.
1390 1020 1926 1146 Borl in, 6.9.1905.
374 1171 2097 1343 Auch mir höchst überraschend, lieber Freund, das s Sie im
395 1301 2103 1440 abermals Verwechslung der Bäumchen ins Auge fassen. Ich
381 1444 2018 1563 kann meine gerade jetzt unentbehrliche Dispositions-
381 1545 2032 1673 freiheit mir nicht durch hypothetische Möglichkeiten
381 1682 2186 1805 hemmen und bitte Sie deshalb nicht von mir eine Erklärung
381 1790 2153 1920 zu verlangen, wo Sie selbst sich zu erklären nicht bereit
399 1938 2079 2036 sind. Garantie anders als vorgeschlagen nicht möglich.
823 2032 1222 2160 Viele Grüsse
1182 2128 1402 2251 Btahm.
3355 783 3539 940 177
3631 841 4180 996 Berlin, 9.9.1905.
3256 1079 3707 1206 Lieber Freund,
2852 1168 4611 1366 es freut mich herzlich, zu erfahren, dass der Gottesfriede
2855 1316 4485 1449 mit dem Burgtheater wieder hergestellt ist! Möge...!
3081 1411 4568 1554 Ihrer weiterer Mitteilung sehe ich, „hoffentlich
2868 1556 4411 1684 zu unserer beider Befriedigung" also entgegen. Für
2873 1689 4541 1798 heute will ich nur noch sagen, dass Ihre Voraussetzung,
2886 1767 4521 1908 ich hätte anderen deutschen Autoren für Berliner Auf-
2879 1888 4575 2038 führungsrechte einzelner Stücke Garantien zugebilligt,
2891 2018 4577 2160 irrig ist. Sollten Sie dabei an das Vertragsverhältnis
2897 2151 4496 2260 zwischen Hauptmann und mir gedacht haben, so wäre zu
2909 2267 4586 2404 bemerken, dass H., auf seine eigene Anregung hin, die Ver-
2902 2370 4611 2500 pflichtung eingegangen ist,mir alle seine geschriebenen
2911 2487 4611 2633 und ung schriebenen Dramen fürs Lossing-Theater zu aus-
2911 2579 4541 2729 schliesslicher Aufführung zu überlassen; dieser Fall
2909 2731 4584 2886 liegt also ganz anders, als der zwischen uns „schweben-
2915 2837 4622 2971 de" - so sagt man ja wohl.-H.ist übrigens gestern ange-
2913 2922 4501 3018 kommen und liest mir morgen das Neue vor.-Herzlich
2913 3003 3480 3110 grüssend Ihr O.B.
