2512 4102
1240 410 1586 551 Votrement jusqu'a länge
1689 857 1960 1009 21.9.96
368 934 1998 1090 len nicht sagen: „khn„ ich werde die Sentimentalen
368 1075 1976 1194 von Ihnen spielen lassen!" Ich finde das genau eben
368 1165 1973 1339 so witzig.- Sauer spielt Freitag den Theodor in der
377 1297 2145 1445 „Liebelei" und kann, wie er sagte, sehr gut österreichisch,
381 1432 1980 1555 was sich ja zeigen wird, er ist (trotz einer kleinen
370 1522 1958 1674 Entgleisung vorgestern in „Ohne Liebe") für Berlin
381 1647 1934 1855 ein allererster Schauspieler, das wird Ihnen jeder,
385 1758 1965 1905 der unsere Verhältnisse kennt,bestätigen; dass sie,
385 1892 1976 2035 lieber Herr Doctor, ihn nicht kennen, thut mir leid,
390 1993 2090 2132 denn es hindert Sie natürlich an objektivem Vergleichen
388 2114 2051 2260 von S. und K. Gegen K. spricht übrigens,wir mir heute
385 2231 2024 2374 klar wurde, noch ein zufälliges Moment: in „Fritzchen“
390 2354 1976 2504 von Sudermann spielt er gleichfalls einen Offizier,
388 2469 1976 2614 dessen Existenz von der Notwendigkeit sich zu duel-
390 2586 1965 2744 lieren bestimmt wird: so flüchtig die Aehnlichkeit
394 2702 1984 2843 erscheinen wird, wenn ein anderer Darsteller den Ka-
388 2821 2000 2951 rinski gibt, so sehr wird sie bemerkt werden, wenn es
385 2936 1973 3079 derselbe Kainz ist, der nach 14 Tagen mit derselben
