5037 4023
3564 774 3712 903 194
1648 783 1927 914 27.1.06.
4289 743 4572 925 27.1.06.
302 947 1954 1089 es ja bei Ihnen steht, schoh zur Arrangierprobe am 5.
2900 900 4650 1069 also Reicher für den Arzt vor, der vielleicht Ihrem Ided
315 1020 2062 1184 Feber zu kommen (in welchem Feile Sie einen historischen
2898 1022 4635 1175 nicht so nahe kommt, wie S., aber jedenfalls viel für die
333 1153 2027 1319 Tag bei mir verleben müssten). Sie können ja dann fort-
2900 1140 4568 1275 Aufgabe mitbringt, auch xxx geeignet erscheint, übers
315 1282 2040 1439 fahren, und deutsche Städte wie Hildesheim etc.besehen!-
2900 1262 4575 1406 Gebirge zu wundern und in den Krieg zu ziehen,
319 1388 1985 1559 Die 1.Aufführung denke ich auf den 24.Febr.,also heute
2918 1377 4652 1512 als der arme S. Als Vater dann würde ich Marr am besten
2918 1499 4557 1619 finden, der sich immer freier entwickelt ( jetzt eben
337 1561 1084 1681 in 4 Wochen, anzusetzen.
537 1599 2038 1752 Nun noch ein anderer, wichtiger Punkt. Ich kenne
2912 1597 4604 1747 in Rosmersholm den Kroll kräftig anpackt) und ein aus-
344 1727 1996 1911 Ihre Vorliebe für Sauer - Arzt und habe deshalb gezö-
2916 1727 4657 1867 gesprochene s Talent auch für alte Leute hat; er ist bein
350 1854 2022 2013 gert, Ihnen zu sagen, dass S. recht angegriffen ist, und
2916 1843 4619 1980 Publikum und der Kritik beliebt, wie selten Neulinge in
350 1951 2064 2115 dass eine Premiere mit ihm geradezu ein Wagnis wäre. Das
2918 1951 4604 2089 Berlin, und es ist gewiss nichtsriskiert mit ihm in der
357 2076 2067 2246 hat sich neulich in Pippa gezeigt, wo er so gehemmt war,
2918 2069 4584 2206 nicht schwer zu treffenden Aufgabe. - Nun aber fühle
364 2206 2091 2375 dass Hauptm. schierverzweifelte und erklärte: nie wieder
2912 2191 4619 2331 ich, dass ich für den fehlenden S. Ihnen noch ein Extra-
373 2335 2056 2468 S. in einer Hauptrolle! Und Prof.Lazarus meinte, als S.
2916 2339 4561 2450 Bone thun muss,und erkläre mich also mit Rittner und
368 2430 2031 2610 einmal zu stolpern drohte,wäre er hingefallen, er wäre
2925 2419 4604 2579 Lehmann einverstanden; etwaige Schwierigkeiten die
373 2550 1965 2730 nicht wieder aufgestanden.Dies mag nun übertrieben
2912 2539 4697 2699 L. machen wird, werde ich nach Kräften zu besiegen suchen.
384 2674 2100 2836 sein,-jedenfalls kann man für die nächsten Wochen nicht
2918 2663 4601 2818 Oberst-Bassermann, Max-Stieler, Endlich Albrecht: nach
386 2790 1980 2947 mit ihm rechnen, für die Proben wären wir in ewiger
2925 2776 4599 2920 meiner Meinung Neuss, den Sie als Grunbach im Geyer ge-
379 2900 2073 3098 Angst, und für die Premiere ebenso.- Ich schlage Ihnen
2943 2887 4639 3067 sehen haben (letzter Akt), der auch den Oginski in Elga
