2629 4103
1716 414 1959 556 N:o 4: 7:
1671 838 1946 973 5.10.96.
438 902 2122 1082 sicher veranlasst, die Rolle noch zurückzuhalten,- wenn
438 1082 2150 1218 nicht unglücklicherweise sie schon ausgetheilt gewesen
445 1181 2139 1314 wäre, als Ihre Ansicht mir bekannt wurde. Nun aber bit-
447 1288 2066 1452 te ich Sie Folgendes in Ruhe zu erwägen: Die Jugend
445 1407 2051 1585 des Vogel ist gewiss ein Hauptmoment und ich müsste
440 1523 2081 1681 farben blind sein, hätte ich sie jemals vergessen, oder
449 1666 1997 1804 nicht bedacht, dass in dieser Hinsicht Müller kein
460 1772 2017 1920 Vogel-Ideal ist (obgleich er junger scheinen kann,
460 1886 2109 2029 als Sie ihn kennen, er spielte z.B. den Adhemar in Cy-
460 2017 2113 2141 prienne mit Erfolg). Aber ebenso wichtig, nein wichti-
460 2124 2122 2242 ger für die Bühnenwirkung ist der Typus, die Echtheit,
466 2251 2156 2373 der Dialect; alles das wird Müllertreffen wie kein an-
464 2371 2132 2478 derer meines diesjähriges Personals. Er kennt Oester-
470 2478 2180 2601 reich und österreichische Menschen, und ist ein Dal ek-
468 2594 2195 2719 künstler; das sind die jüngeren und begabten Schauspie-
475 2714 2152 2826 ler, die sonst in Betracht käman, nicht. Wie wollen Sie
475 2837 2120 2966 einem Urberliner,wie etwa Biensfeldt,in einer Stunde
481 2938 2203 3105 oder auch in einer Woche das Fehlende beibringen? Nicht
