4907 4007
1523 654 1887 826 (19.6.05.)
286 856 1977 964 Stücke doch nun wohl, von Kleinigkeiten und Abschreibe-
293 968 1906 1114 rei abgesehen, als fertig betrachten kann. (Komödie,
299 1095 1958 1183 der Titel steht noch nicht fest.) Ich hoffe sehr, dass
299 1215 1999 1310 ich in Reichenau das zweite (Drema, Titel steht gleich-
299 1319 1912 1441 falls nicht fest) zu Ende bringen werde, und möchte,
297 1454 1979 1555 wie ich Ihnen schon sagte, vor dem Eintritt in Verhand-
299 1549 1949 1669 lungen, beide Stücke fertig vor mir liegen haben. Das
310 1699 1947 1786 hat seine Gründe darin, hauptsächlich wenigstens, dass
314 1809 1990 1906 sowohl künstlerische als praktische Gründe daftir spre-
323 1928 1966 2033 ohen, nur eines der bei den Stücke am Tessing-der ande-
323 2048 1940 2158 re aber am Deutschen Theater aufführen zu lassen, und
310 2166 1955 2263 dass es mir in diesem Augenblicke noch nicht möglich
329 2278 1917 2394 ist klar zu sehen (aus allerlei Besetzungsgründen),
329 2396 2018 2502 wie sich die Eintheilung an richtigsten treffen lässt.
323 2523 1878 2633 Nicht verhehlen will ich, dass die Komödie mir bei
323 2644 2048 2758 Ihnen besser aufgehoben scheint, (nur dass mir die Sorma
331 2754 1977 2883 unbeschreiblich fehlt) -aber ich will damit nichts be-
333 2887 1280 3005 stimmtes ausgesprochen haben.-
4072 712 4421 800 (19.6.05.)
2835 854 4498 955 Theilen Sie mir doch, lieber Freund bald Näheres über
2846 975 4488 1076 Ihre Riesengebirgs-, Tiroler-, und Rückreisepläne mit;
2835 1095 4434 1177 wenn möglich etwa auch einiges über das, was Sie im
2831 1228 3621 1332 nächsten Jahre vorhaben.
3124 1325 4378 1424 Seien Sie herzlichst gegrüsst von Ihrem
4087 1441 4251 1527 A.S.
