5041 4152
1245 964 1918 1096 Warnemünde, 12.4.1904.
363 1096 2195 1242 Zu einer Reise nach Bactrien, lieber Herr und Freund, hat es
375 1231 2099 1331 nicht gereicht, aber ich vertraue, Sie nehmen auch Grüsse
386 1336 2128 1459 aus einer bescheideneren Ferne, wie sie herzlich gegeben
384 1475 1028 1589 werden, herzlich auf.
1242 1658 1414 1756 O.B.
3140 438 4376 635 1 „ „ â¢ „ • „
3745 968 4542 1092 Weisser Hirsch, 6.6.1904.
2814 1105 4625 1231 Lieber Freund, Hr. Mewes teilt mir mit, dass Sie mich am 31.
2830 1240 4542 1345 Mai zum Machtmahl laden; ja, verehrtester, da hätten Sie
2836 1352 4636 1466 schon ein bischen früher aus Ihren italienischen Gefilden
2836 1457 4634 1580 herangezogen sein müssen, ich habe am 21. den Wiener Staub
2843 1574 4643 1720 von meinen Sandalen geschüttelt und bin Berlin-wärts gezo-
2843 1690 4675 1829 gen. Seit acht Tagen bin ich bei Lahmann, Weisser Hirsch bei
2857 1811 4643 1969 Dresden, und lebe nur von Salat, ganz so wie der Kroat. Das
2862 1946 4611 2053 könnte ich Ihnen auch durch eine Ansichtskarte beweisen,
2868 2049 4679 2186 bei welcher Gelegenheit ich Ihnen für die Ihrigen herzlich
2868 2163 4590 2286 danke. Die Kur ist, wie halt Kuren sind; bei mir ist sie
2862 2300 4622 2437 hauptsächlich gegen Erkältungen gedacht, als welche durch
2866 2398 4593 2553 Luft- und Sonnenbäder (eben will ich eins nehmen) in die
2875 2517 4572 2635 Flucht geschlagen werden sollen. Was macht unser neues
2875 2656 4150 2770 Stück? Davon wünscht ich sehr zu hören!
3035 2752 4517 2882 Tausend gute Grüsse für Ihre Frau, Sie und Hugo.
3841 2951 3999 3047 O.B.
