5036 4153
1090 826 1919 1021 145 Wien, 16.11.1903.
1433 987 1934 1126 Hotel Imperial.
882 1113 1623 1200 Lieber Herr Schnitzler,
484 1222 2279 1357 ich vermelde meine Ankunft und halte mich morgen Dienstag
488 1343 2178 1484 Abend für Sie frei, bitte lassen Sie mich baldigst wis-
484 1484 2174 1603 sen, ob und in welcher Form Sie für mich Verwendung ha-
477 1585 2201 1713 ben. Mittwoch werde ich wohl zu Hofmänsthal hinausfah-
484 1679 2142 1840 ren. Ich bleibe vermutlich bis Sonntag incl. Für Don-
470 1798 2225 1981 nerstag Abend habe ich mich mit Bahr verabredet, Sie wür-
484 1932 1466 2071 den dabei sehr willkommen sein.
1187 2048 1482 2205 Herzlich
1504 2073 1731 2353 O.B.
3389 795 3569 916 146
3730 869 4504 1003 Berlin, 28. Dezember 1903.
2816 965 3895 1137 Herrn Dr. Arthur Schnitzler, Wien.
3293 1099 4148 1238 Sehr geehrter Herr Doktor!
3177 1207 4504 1359 Beigehend übersenden wir Ihnen den Vertrag
2825 1330 4572 1482 über den Einsamen Weg mit der Bitte,uis denselben unter-
2845 1462 4516 1583 schrieben baldigst zurückzuschicken, worauf sofort der
2845 1596 4583 1701 Gegenvertrag erfolgen wird. Die Besetzung bleibt die sel-
2845 1704 4572 1825 be wie wir sie verabredet haben. Mit der Austeilung der
2845 1802 4594 1963 Bücher an die Darsteller wollen wir aber aus verschiede-
2845 1941 3813 2075 nen Gründen noch etwas warten.
3284 2048 3815 2210 Hochachtungsvoll
3347 2174 4216 2299 Deutsches Theater zu Berlin
4207 2216 4377 2328 O.B.
2845 2308 4576 2449 Ueber Frl.G. hat mir der Agent erst heute (ich war ver-
2852 2429 4612 2601 reist) einiges gesagt, ich werde sehen, sie kennen zu ler-
2857 2534 4576 2729 nen, wozu mir aber Schlager Mizi und „Margarethe“ (?) we-
2852 2702 3618 2845 niger geeignet scheinen.
3602 2729 4048 2879 Eilig, treulich
