5085 4088
967 695 1872 850 245 Berlin, 27.3.1909.
567 823 2283 975 Lieber Freund, würden Sie Lust haben, mich nächste Woche
579 962 1242 1099 in Gries zu treffen:
572 1063 2193 1193 Ich konnte wegen Nachwehen der Influenza nicht nach
583 1195 2168 1323 Wien kommen. Im Anschluss an die Wiener Zeit hatte
570 1303 2207 1444 ich mit Monnard und der Lossen eine Münchner Periode
579 1435 2274 1552 verabredet. Nun depeschiert mir M. dass für mich am 31.
572 1552 2220 1691 der Solness (mit ihm als S.) und für den 1.April Was
572 1677 2287 1776 ihr wollt (mit der Le, M. und Gattin) erwirkt sei. Diese
558 1767 2265 1911 Termine hoffe ich wahrnehmen zu können, und möchte dann
558 1886 2274 2041 am 2.tirolwärts fahren,Gries oder Garda-See (Meran ist
561 2034 2254 2139 mir eckkelhaft). Ich habe bis 12., ev. auch etwas Länger
554 2151 2357 2247 Zeit. Würden Sie Beide mit von der Partie sein? Vielleicht
567 2249 2225 2388 schon nach München kommen? Bitte um schleunigen, wenn-
561 2361 2146 2503 möglich telegraphischen Bescheid. Herzliche Grüsse
554 2480 1386 2644 für’s ganze Haus von Ihrem
1381 2556 1547 2675 O.B.
552 2657 1112 2787 In den Zelten 14.
3527 601 3736 765 246.
3471 709 4088 854 Oberbozen, 8.4.1909.
2940 839 4714 996 Lieber Freund, Sie wünschten mich auf dem Ritten im Juli
2951 935 4676 1117 voilà. Die kleine Verspätung werden Sie mir hoffentlich
2949 1054 4615 1236 nicht nachtragen? An den bevorstehenden Geburten bei-
2951 1162 4676 1357 derlei Geschlechts nehme ich natürlich den herzlichsten
2962 1289 4599 1476 Anteil. Wir sitzen hier im schönsten Sonnenlicht und
2969 1415 4631 1597 singen und sagen beglückt: O du mein Oesterreich. Der
2965 1516 4664 1740 Schlern trägt mir viele Grüsse für Heini auf und seine
2976 1677 3209 1850 Mutter.
3335 1724 3588 1857 Ihrigst
2980 1913 3992 2054 (Sries bei Bozen,Hotel Austria).
2965 2034 4243 2202 Herzlichste Grüsse Ihr Georg Hirschfeld.
