4869 4008
1474 696 1822 812 (13.7.04.)
299 842 1932 945 bleiben - mit gelegentlichen kurzen gebirgigen Unter-
286 973 1908 1061 brechungen. Im September vielleicht 10-14 Tage Salz-
299 1100 1910 1180 burg Ischl etc.- Arbeiten. Ich bin schändlich fanl.-
305 1199 1981 1294 Vom Meister hab ich - vielen Dank für die schöne Loge-
305 1321 1962 1407 sammt Frau viel Freude gehabt. Rittner einzig. Minder
309 1431 1958 1539 einzig das Uebrige.- Seien Sie herzlich gegrüsst, las-
309 1573 1964 1661 sen Sie bald was von sich u.Ihren Plänen im engern u.
316 1698 926 1790 weitern vernehmen.-
1016 1852 1178 1958 A.S.
3661 660 4145 765 Wien, 2.8.1904.
2744 763 4398 883 Lieber Freund, an Gerhard Hauptmann hab ich mich also
2744 885 4454 993 direkt gewandt, und er hat die grosse Freundlichkeit ge-
2744 1038 4347 1113 habt zuzusagen. Das weitere wird der Konzertverein
2744 1141 4467 1242 selbst veranlassen und so glaube ich wird es nicht ein-
2761 1251 4472 1386 mal nothwendig sein, Ihre Liebenswürdigkeit zu gelegent-
2774 1360 3984 1489 lichem Auslupp in Anspruch zu nehmen.-
2761 1487 4472 1601 Dass ich in Reichenau war, hab ich Ihnen schon geschrie-
2761 1631 4433 1740 ben glaub ich; aber ich muss sagen, dass ich es auch in
2768 1743 4356 1829 Wien höchst erträglich finde- trotz, oder wegen des
2768 1837 4409 1958 schönen Wetters; der Ausblick von unsern Fenstern und
2772 1951 4377 2074 Balkonen (klingt es nicht als spräche man von einem
2783 2086 4414 2192 Schloss) wundervoll,und so kühl als auf besagten Bal-
2776 2202 4321 2321 konen war es weder in Reichenau noch in Sicilien.
2776 2340 4461 2439 Ueberdies haben wir jetzt, da mein Bruder verreist, sei-
2778 2432 4398 2546 nen Wagen- und ich hab ausserdem jederzeit mein Rad
2778 2572 4493 2673 und meinen Beine zur Verfügung,-schwelge also übergenug
2798 2688 4437 2804 in Wienerwald-Stimmungen und -Düften.- Mit dem Roman
2798 2804 4495 2909 bin ich zu einem gewissen Punkt gekommen, wo ich wieder
