5041 4152
796 431 2333 610 1 1 1/2 1/4 „ 4 „ „ —: —.
1374 952 2093 1077 Berlin, 27. Jänner 1904.
853 1127 1594 1261 Lieber Herr Schnitzler,
417 1258 2107 1367 die Besetzung ist die verabredete, nur ist Frl.Triesch
417 1376 2175 1483 sehr unglücklich über die Johanna. Hoffentlich macht sie
426 1487 2138 1608 keine ernsteren Schwierigkeiten. Kürzungen haben xxx
435 1633 2231 1723 wir - bis zu ihrem Eintreffen - nur die teil.verzeichneten
435 1744 2220 1834 intendirt. Es wäre mir lieb, wenn Sie schon am Freitag den
422 1873 2150 1964 5. Februar zu den Proben kämen, die Zeit ist sonst etwas
426 1975 2177 2084 knapp, scheint mir, zu einem Werk von so feiner Schwierig-
435 2109 1363 2209 keit. Herr Tessing hat Regie.
435 2209 2254 2320 Ich sehe am 5.Abends einige gute Freunde bei mir und hoff.
429 2345 1902 2440 sehr, Sie - und Ihre Frau? - werden dabei sein.
1025 2456 1433 2567 Herzlich Ihr
1426 2542 1580 2669 O.B.
3215 397 4070 605 „ —: —: „ „ —
3766 939 4494 1075 Berlin, 1. Februar 1904.
3252 1084 3979 1254 Lieber Herr Schnitzler,
2880 1240 4639 1381 Jrene ist heute, vom Urlaub heimkommend, auf der Probe er-
2893 1392 4664 1483 schienen und scheint sich in das Loos Johannens zu fügen.
2884 1472 4558 1614 (An eine andere Johanna habe ich natürlich auch nicht
2887 1617 4682 1714 gedacht). Wir sind alle eifrig bei Ihrer Sache und freuen
2891 1741 3472 1853 uns Ihres Kommens.
3451 1830 4016 1955 Herzlich der Ihre
3977 1948 4136 2050 O.B.
