5049 4135
1429 415 1665 589 11/1 11
926 666 1109 794 120
1098 752 1806 915 Berlin, 30. Jänner 1903.
397 917 1263 1050 Herrn Dr.Arthur Schnitzler
739 1030 1407 1151 Wien IX.Frankgasse 1.
787 1133 1623 1259 Sehr geehrter Herr Doktor!
631 1239 2029 1365 Schon seit einiger Zeit mit den Vorbereitun-
302 1363 2009 1517 gen zum „Schleier der Beatrice“ beschäftigt, können wir
315 1469 2088 1614 Ihnen heute mitteilen, dass der Beginn der Proben für den
329 1629 2031 1744 9.Februar in Aussicht genommen ist. Leider ist das von
311 1731 1914 1839 unserem Maler gelieferte Modell zur Dekoration des
322 1846 2046 1967 IV.Aktes nicht nach unserm Wunsch ausgefallen. Wir wol-
322 1965 2013 2082 len daher den Versuch machen, diese Dekoration von dem
322 2084 2055 2196 Maler des Burgtheaters Gilbert Lehner ausführen zu las-
333 2196 2009 2313 sen. Es geht deshalb zugleich an ihn ein Schreiben ab
333 2324 2022 2432 mit unserm Auftrag und dem Ersuchen, sich mit Ihnen in
353 2419 1987 2531 Verbindung zu setzen, damit das Modell zur Dekoration
333 2525 2046 2644 ganz nach Ihren Absichten hergestellt werde. Haben Sie
353 2657 1976 2772 also die Freundlichkeit, ihn darüber zu unterrichten
344 2754 2040 2884 und ihn auch Ihrerseits darauf aufmerksan zu machen,
355 2904 2093 3016 dass wir sowohl das Modell als eventuell die Dekoration
3321 412 4302 620 Mikkelin läänissä tämätä.
3025 404 3199 622 10
3674 747 3837 880 dans le
3422 739 3579 869 120
4057 794 4417 928 30.1.03.
2789 955 4417 1061 so schnell als möglich haben müssten, wenn uns damit
2789 1076 3389 1193 gedient sein soll.
3032 1188 3599 1334 Hoch achtungsvoll
3076 1363 3965 1431 Deutsches Theater zu Berlin
3475 1475 4159 1605 i.A. Ad. Mewes,Secre.
