5019 4136
1182 712 1996 879 Karlsbad, Villa Charlotte.
1429 834 1790 961 17.7.1902.
875 948 1611 1111 Lieber Herr Schnitzler,
442 1104 2180 1206 also den fragl. Brief habe ich nicht erhalten, werde das
459 1212 2176 1329 Theater befragen; was Ihnen Hofm. etwa gesagt hat, kann
457 1310 2094 1457 nur auf eine flüchtige Bemerkung meinerseits zurück-
450 1440 2098 1585 gehen vor der erneuten Lektüre und scheint missver-
474 1557 2115 1697 ständlich, jedenfalls ist es belanglos. Dass ich gern
465 1708 2180 1819 an die Beatrice gehe, wenn ich die Filippo-Frage gelöst
476 1790 2180 1929 sehe, und dass ich die Inscenierung mit allen Mitteln
465 1920 2191 2057 gut zu gestalten suchen würde, habe ich Ihnen ja bereits
483 2033 2109 2193 geschrieben und zwar,wie ich glaubte, deutlich genug;
474 2165 2057 2286 ich kann es also hier nur wiederholen. Leider aber
474 2291 2187 2397 sehe ich aber auch nach Ihrer ausführlichen Aeusserung
465 2405 2154 2511 zu der Frage des Filippo nicht rosiger (und von allen
476 2496 2143 2633 Darstellern halte ich den Rittner für den ungeeignet-
483 2650 2174 2782 sten);vor allem aber wäre ich ausser Stande, Ihrem Wun-
476 2756 2204 2866 sche zu entsprechen, und Sie vor den Materlinck zu stel-
474 2890 2137 3018 len. Ich sehe auch beim schärfsten Zusehen nicht, wie
3304 409 3739 565 Vuoden eenigereiset.
3566 699 3756 831 D8.
4298 758 4572 868 17.7.02.
2936 844 4598 972 dieser auf Sie drücken soll, beide Stücke sind in der
2942 961 4637 1104 Fabel wie in der Behandlungsart und Composition so völ-
2949 1089 4622 1197 lig verschieden, dass ich Ihre Bedenken weder verstehe
2942 1195 4676 1323 noch irgendwie teile. Sollten Sie dennoch auf ihnen be-
2960 1323 4601 1442 stehen, so können wir leider nicht zusammenkommen, und
2949 1448 4672 1550 Sie verzeihen dem Kurgast, wenn er deshalb auf die Erör-
2960 1572 4694 1680 terung der weiteren Fragen nicht eingeht,bevor Sie sich
2960 1689 4356 1812 über diese „Monna"-Frage nochmals äusserten.
3269 1793 4670 1903 Es geht mir, wie Sie richtig ahnen, jetzt ganz
2960 1907 4633 2035 gut, nur ein bischen angegriffen bin ich von dem heis-
2970 2031 4631 2159 sen Gesöff. Die Angelegenheit, von der Sie ein zipfel-
2977 2143 4627 2271 chen in Budapest sahen, nimmt einen guten Verlauf und
2973 2254 4670 2377 ich hoffe in nicht zu ferner Zeit Ihnen, lieber Freund,
2990 2362 4055 2498 Näheres davon erzählen zu können.
3388 2503 3962 2620 Herzlich grüssend
3676 2687 3839 2795 O.B.
