5029 4151
532 383 848 647 1.4.39
2140 543 2331 771 4.
3458 745 3632 893 303
3811 791 4403 919 Berlin, 10.12.1911.
1303 771 1839 928 Wien, 30.11.1911.
486 911 2063 1044 L.F. ich habe mir einen Schwung gegeben, der mich,
3351 991 3819 1118 Lieber Freund,
497 1048 2120 1174 trotz weissem und andern Schrecken (ich bin farben-
2887 1107 4606 1240 die Vorstellung des „Anatol" war von der Fr.Volksbühne
492 1120 2242 1290 blind) ins Südbahnhotel tragen soll. Wenn ich Sie nicht,
2898 1231 4569 1357 veranstaltet, diese hatte sich tantiemenmässig zu äus-
488 1233 2163 1410 da oben oder hier unten, noch sehen sollte, so sage ich
2915 1342 4517 1466 sern, und ich habe ihr nun ihr grobes Versehen unter
475 1381 1917 1499 Ihnen Beiden: auf gutes Wiedersehen in Berlin!
2913 1482 3639 1601 die Nase reiben lassen.
1028 1523 1588 1623 Herzlich der Ihre
2911 1567 4532 1693 Das „Tänzohen“ ist arrangirt, die „Mizzi“ kommt näch-
1538 1654 1706 1769 O.B.
2928 1686 4582 1821 stens daran. Den Philipp hab ich Walther gegeben, über
460 1712 1336 1828 Gegeben bei Meissl u. Schadn
2922 1811 4580 1935 höheren Wunsch; jetzt wurde mir, von einem Agenten, der
647 1832 1170 1957 (ohne Schönherr)
2920 1913 4582 2052 Prager Darsteller der Rolle empfohlen, kennen Sie ihn?
2920 2046 4602 2181 Er könnte natürlich nur in Frage kommen,wenn W. nicht
2946 2177 4527 2288 einleuch tet. Teweles, den ich dieser Tage sprach im
2933 2277 4636 2405 Bühnenverein, will den nötigen Urlaub geben. Von Medar-
2950 2390 4582 2532 dus sprach er nicht. Die N.Fr.Volksbühne scheint mir
2935 2501 4556 2641 nichts für Sie und den M.- Unsere Verhandlungen mit
2952 2623 4630 2769 Wien „schweben“. - „Das weite Land“ hält sich zu meiner
2952 2721 4645 2850 Freude gut, obgleich seit letztem Montag die Herterich,
2957 2854 4573 2961 die einen Krankheits-Urlaub nehmen musste, durch die
