5037 4040
1001 809 1430 977 48 a 172 a
1418 877 1787 1022 31.8.1905.
984 998 1330 1129 Telegramm.
350 1206 2036 1367 Bitte nichts nach anderer Seite unternehmen bevor ich
364 1332 1553 1479 Ihren heutigen Brief beantwortet habe.
728 1444 1274 1591 Herzlich grüssend
1283 1560 1495 1696 Brahm.
4033 324 4292 480 d 1 7
3485 835 3723 991 173
3872 868 4418 994 Berlin, 1.9.1905.
3394 994 3872 1136 Lieber Freund,
2855 1106 4593 1269 ich erfahre gern, dass Ihnen mein Brief angenehm war, und
2853 1213 4644 1362 dass Sie die Darstellung des neuen Stückes am Lossing-Th.
2862 1351 4544 1504 nun ins Auge fassen - aber nach der ideellen wie nach
2855 1476 4604 1598 der praktischen Seite haben Sie meinen Vorschlag anders
2867 1563 4607 1735 aufgefasst, als er gemeint war,wenn Sie jetzt die Comödie
2862 1689 4565 1861 zum werthan Nachbarn tendiren lassen. Mir kommt es da-
2871 1815 4698 1978 rauf an, beide Stücke zu haben, und Sie, der unser Hausfreund
2867 1945 4744 2060 seit so viel Jahren gewesen ist, wie er überhaupt hausfreund-
2867 2034 4698 2211 lich-theatralisch thätig war (schönes Deutsch) - Sie nicht
2885 2155 4565 2281 mit einem neuen Hauptwerk wo anders gastiren zu sehen.
2867 2293 4530 2409 Empfinden Sie dies als Ihren Interessen nicht gemäss,
2885 2402 4530 2521 so fragt sich, wie ich Ihnen den eventuellen „Schaden“
2883 2512 4588 2659 vergüten kann: aus dieser Erwägung heraus erlaubte ich
2885 2652 4530 2792 mir den Vorschlag einer Tantiemengarantie, zu der ich
2878 2752 4700 2911 nicht die Veranlassung gehabt hätte, wenn es sich mir nicht
2878 2860 4686 3037 um den Erwerb beider Stücke handelte.- Ich kann aber auch
2883 2979 4639 3130 diesen Vorschlag noch dahin erweitern, dass ich Ihnen für
