4957 4024
1067 381 1352 505 1/4
507 692 1241 845 53 Wien, 14.9.1905.
36 817 1703 975 Lieber Freund, ich danke Ihnen vor allen für Ihre lie-
34 962 1743 1109 benswürdige Theilnahme an den Burgtheaterfrieden. Die
40 1094 1582 1211 Sache hat sich sehr einfach gemacht. Ich habe an
34 1218 1624 1333 Schlenther mit Beziehung auf Ihren dahin deutenden
40 1313 1709 1448 Brief geschrieben, dass ich die Komödie fertig und vom
36 1422 1673 1571 Drema 2 Akte ziemlich vollendet hätte, worauf telegr.
36 1543 1716 1688 Ersuchen beides einzusenden, wenige Tage drauf Annahme
36 1669 1611 1809 der Komödie und Ersuchen die Entscheidung über das
36 1805 1701 1929 Drana bis nach Vollendung verschieben zu dürfen, sowie
30 1903 1722 2050 Wunsch, meinen Besetzungsvorschlag zu erfahren. Ich ma-
36 2024 1654 2150 che ihn, er wird an gleichen Tage telegr. angenommen
36 2120 1707 2280 und so war die Sache erledigt. Gestern kam Telegramm,
51 2229 1767 2380 dass demnächst Einladung zur Leseprobe erfolgen würde.
47 2382 1716 2508 Dass die Premiere für 12.X.geplant ist, hab e ich Ihnen
53 2503 1722 2635 schon depeschiert. Soweit sich in diesen Dingen etwas
53 2631 1692 2763 voraussagen lässt, glaube ich, dass diesmal gerade im
53 2733 1654 2872 Burgtheater, auf Grund der Vorgeschichte, gewisse Er-
47 2818 1677 3008 folgsohancen da sind, und ich glaube dass Kainz (der
3708 683 4045 875 (14.9.05.)
2544 862 4217 990 sich für die Rolle sehr zu interessieren scheint, nach
2561 986 4270 1105 einem Briefe von ihm an mich zu schliessen) als Amadeus
2554 1101 4249 1228 vorzüglich sein wird. In Hinsicht auf die Witt hab ich
2554 1228 4217 1367 ja einige Bedenken, aber von allen vorhandenen hat sie
2567 1326 4157 1469 noch die meisten u. wesentlichsten Elemente für die
2561 1452 4177 1575 Figur. (Albert: Tressler,Marie:Haeberle, Fürst:Korff,
2554 1603 3223 1724 Gräfin :Kallina.)
2603 1697 4247 1812 Ich hab e Ihnen von Fischer aus Exemplare senden las-
2578 1818 4140 1935 sen und erwarte nun gern Ihre näheren Aeusserungen
2580 1929 4215 2061 sowie Vertrag. Aus etlichen Prager und Breslauer Vor-
2580 2054 4179 2171 tragsgründen wäre mir recht angenehm zu wissen, wann
2578 2176 4179 2288 etwa Sie das Stück anzusetzen gedenken, ob bald nach
2580 2284 3832 2420 Wien,ob erst tiefer im November etc?....
2597 2391 4204 2529 Der Zurückzug des Stücks von Reinhardt wurde mir be-
2597 2512 4196 2638 trächtlich erleichtert durch die, unter uns, geradezu
2582 2633 4228 2799 märchenhafte Nachlässigkeit der Leute im Beantworten
2597 2738 4206 2891 von Fragen u.a. Vor 8 Tagen und vorgestern habe ich
2597 2880 4181 3006 Telegramme erhalten, dass Briefe auf dem Weg seien -
