4914 4167
1000 743 1665 911 Wien, 22.1.98.
734 901 1355 1015 Lieber Herr Doktor,
474 1005 2174 1130 eben erhalte ich 2 ganz gleichlautende Abschriften vom
476 1128 2104 1241 Burgtheater, sende Ihnen, damit kein weiterer Aufschub
470 1262 2083 1379 entsteht, die eine Abschrift, so wie sie ist;in Ihren
476 1355 2061 1490 Bemerkungen beziehen Sie sich freundlichst einfach
476 1500 2215 1598 auf Seite und Zeile, da die Abschrift, die bei mir bleibt,
472 1606 2174 1732 genau mit der bei Ihnen stimmt. Titel bleibt vorläufig
489 1743 2124 1853 Das Vermächtnis. Die eventuelle Aufführung hier wird
472 1842 2197 1953 nattürlich, trotz der Annahme durch Burckhard, von Schlen-
481 1979 2133 2087 ther abhängen. Die Idee, das Stück noch im Jänner auf-
489 2085 2150 2189 zuführen, hat B. natürlich aufgegeben.- Ich will heute
483 2184 2107 2312 nicht mehr über das Stück sagen und erwarte Ihre An-
483 2325 2187 2418 sicht mit begreiflichem Interesse. Für Ihre Verwendung
483 2451 2150 2535 betreffs Goldmann nochmals herzlichen Dank! G, selbst
487 2557 2135 2702 wusste nichts davon; nur seine Verwandten; heute weiss
483 2674 2139 2799 er's natürlich. Halten Sie einen Erfolg für möglich?-
483 2778 2139 2916 Ist Brandes noch in Berlin? Wenn ja bitte fragen Sie
481 2910 2137 3066 ihn, ob er meinen Brief nach Kopenhagen von Ende Dez.
4046 903 4391 1048 (22.1.98.)
2871 985 4534 1106 oder Anf. Jänner erhalten hat und schreiben mir viel-
2871 1145 3758 1230 leicht, wann er hieher kommt.
2875 1269 4555 1347 Wie geht der Johannes?- Was wollen Sie als nächste No-
2877 1390 4531 1466 vität bringen?- Was macht Georg Hirschfeld? Am 1. Fe-
2884 1505 3934 1570 ber ist „Freiwild“ im Carltheater.
2871 1619 4538 1700 Neulich wurden 2 Einakter aus Anatol, Weihnachtseinkäu-
2877 1741 4544 1819 fe und Abschiedssouper im Sophiensaal gegeben. Es war,
2864 1853 4564 1933 wie wenn man einen Kanarienvogel in einen Bärenzwinger
2877 1983 4585 2065 einge sperrt hätte.- Die Barsescu ist ja bei Ihnen nicht
2860 2094 3373 2169 alt geworden!! -
2858 2208 4572 2306 Leben sie wohl, entschuldigen Sie die Eilfertigkeit die-
2860 2330 4211 2401 ser Zeilen und seien Sie herzlich gegrüsst!
3319 2449 3665 2527 Ihr treuer
