5049 4088
840 362 1135 523 : 1:1
1047 790 1251 930 227
1385 838 1945 961 Berlin, 27.2.1908.
911 982 1393 1101 Lieber Freund,
504 1131 2130 1221 es thut mir sehr leid, dass wir Sie hier nicht sehen
502 1200 2169 1348 können, aber Ihre Gründe müssen natürlich entscheiden.
506 1363 2139 1465 Ich denke am 5. oder 6. auf ca acht Tage fortzugehen,
506 1473 2104 1581 zur Erholung, weiss noch nicht recht, wohin. Vor dem
506 1592 2085 1701 Wiener Lärm fürcht ich mich doch; und ob es in der
502 1725 2229 1801 Nähe Wiens eine Möglichkeit gäbe, europäisch zu existie-
489 1846 2093 1928 ren, weiss ich nicht? Ausserdem kann ich eigentlich
491 1962 2182 2042 nur auf ebenem Terrain hausen, ich habe mir, vor 2 Mona-
491 2074 2160 2175 ten schon, eine Muskelzerrung geleistet, die noch nicht
482 2197 2158 2294 ganz verspurlost ist, und bei jedem Bergauf und Bergab
478 2302 2111 2389 sich beschwert.- Ich habe für Wien noch nicht abge-
491 2425 2152 2522 schlossen, es kann möglicherweise jeden Tag dazu kom-
465 2552 2106 2638 men. Geschieht es,und werden Sie mit dem „Ruf“ nach
463 2653 2029 2776 Wunsch fertig, so steht einer Aufführung und einer
465 2780 2182 2877 trefflichen Orloffleistung meinerseits nichts im Wege.
472 2901 2087 3004 Wir haben bis jetzt nur die „gelbe Nachtigall“ als
472 3000 2188 3116 Novität und allenfalls diesen von Ihnen gemissachteten
3524 726 3713 879 227
4146 756 4443 911 27.2.08.
2914 920 4587 1085 Hinnerk.- Ich freue mich, Sie so arbeitslustig zu wis-
2927 1057 4605 1221 sen und bin begierig, was sich, bei so trefflich-weisen
2944 1185 3752 1325 Vorsätzen,gestalten wird.
3532 1318 3780 1426 Ihrigst
3754 1417 3903 1536 O.B.
