5049 4088
1045 726 1233 832 224a
1110 788 1657 903 Berlin, 4.2.1908.
745 909 1464 1015 Liebe Frau Schnitzler,
406 1024 2063 1123 Ihr Gruss hat mich herzlich gefreut, und ich begrüsse
423 1128 2058 1257 Sie aufs Wärmste nun meinerseits unter den Gesunden!
436 1253 2039 1367 Gern käme ich zu Ihnen auf den Semmering - und ganz
417 1372 2147 1480 lasse ich die Hoffnung nicht sinken, dass der Wunsch zur
436 1506 2134 1594 That sich steigere; ich habe - vielleicht - eine Veran-
434 1603 2154 1724 lassung demnächst nach Wien zu fahren, und dann erklimme
430 1709 2164 1832 ich auch den Wasserleitungsweg. Sonst rechne ich im Mai
434 1842 1192 1970 auf Sie, und Ihre Gunst!
1136 1963 1439 2067 Herzlich
1428 2080 1577 2203 O.B.
4095 380 4363 488 14 1/2 1
3547 765 3735 899 225
3884 832 4447 970 Berlin,14.2.1908.
3482 1026 3938 1162 Lieber Freund,
3035 1143 4661 1261 ich finde es höchst begreiflich, dass Sie mit dem zu
3048 1279 4596 1367 verneuernden Ruf zuerst die Burg bedenken wollen,
3041 1391 4620 1497 und ich harre in Ergebung,was Paolo, der 10jährige,
3037 1501 4661 1611 beschliesst: für mich ist es im März oder selbst An-
3022 1609 4644 1730 fang April noch Zeit, zumal ich noch garnicht festen
3030 1726 3737 1830 Vertrag für Wien habe.
3030 1849 4694 1948 Wir haben jetzt Leb.Stunden und Thal des L. durchein-
3028 1970 4709 2069 ander probiert, und dabei auch die Einakter so weit ge-
3028 2097 4542 2190 für dort, dass wir, trotz soeben erfolgter Freigabe
3013 2220 4733 2303 des Dreyerschwankes, auch mit Ihren Stücken noch heraus-
3011 2318 4692 2417 zukommen denken, am 3.März ca., falls nichts dazwischen
3013 2443 4679 2519 kommt.Forost's erotisches Deficit erkenne ich neidlos
3013 2560 4730 2646 an; aber ich hoffe, er wird sehr komisch sein und jenes
3005 2659 4478 2769 Fehlende wird man dann nicht zu arg vermissen.
3007 2773 4650 2871 Bei dieser Fülle künstlerischer Aufgaben, die wir uns
3007 2905 4620 3002 für die nächsten Wochen gesetzt haben,- Dreyer soll
3005 3024 4685 3147 am 22. steigen - werd ich nun um den Semmering leider
