5046 4071
919 662 1088 769 245.
1148 701 1838 866 Semmering, 27.10.1908.
812 833 1268 943 Lieber Freund,
379 926 2025 1101 parturinnt montes. Nach so heftigem Telegrammwechsel
394 1058 2027 1206 erscheint mir Ihr Vorschlag zwar nur als ein niedli-
375 1161 1935 1326 ches Mäuschen; xx ich werde aber nicht ermangeln,
381 1307 2014 1453 Donnerstag Abend gegen halb 10 in diesem ockckelhaf-
386 1397 1982 1585 ten Imperial, unter diesen eckokelhaften Leuten zu
388 1521 765 1656 erscheinen.
979 1789 1129 1937 O.B.
881 2061 1121 2175 Concordi
3325 683 3505 808 244.
3642 720 4261 876 Beerlin, 19.1.1909.
3158 855 3668 1013 Lieber Freund,
2869 953 4596 1136 vor allem freut es mich, mal von Ihnen zu hören, das hab
2869 1078 4589 1258 ich schon lang vermisst! Aber dass Sie mit Nerven plus
2882 1181 4486 1380 Ohren schlecht daran sind, das ist nicht schön; und
2892 1315 4514 1478 dass Sie schon wieder mit Seid und frühem Fortgehen
2903 1423 4570 1607 kokettieren, ist sogar direkt unschön, da wir am 15.Mai
2903 1540 4583 1716 auf einen Monat zum Gastspiel kommen: Johann Strauss,
2929 1656 4606 1843 vertraulich. (Apropos, haben Sie aus eigenem oder frem-
2931 1802 4452 1950 dem Ohr Kunde davon, wie man dort das gesprochene
2935 1922 4540 2091 Wort hört und wie sich das Schauspiel präsentierte,
2933 2010 4583 2205 im Zeichen der Conoordia?) Eigentlich dürfte ich die
2946 2128 4651 2314 Klammer noch nicht schliessen, denn bei Concordia fällt
2952 2262 4551 2434 mir ein, dass mich selbige zu einem Vortrag im März
2963 2359 4673 2539 aufgefordert hat und dass ich vermutlich annehme.- Nun
2976 2481 4654 2685 also zur Mizzi. Ich hatte schon vor, Sie jüngst danach
2963 2622 4647 2777 zu fragen, unterliess es aber noch wegen der Zusammen-
2982 2749 4574 2912 stellung- und Terminfrage. Natürlich möcht ich das
2989 2854 4677 3038 lustig-listige Ding gern haben, uid man könnte ja wohl
