4929 4168
1577 839 1940 1018 (14.9.96.)
357 1000 2001 1138 das Stück, wenigstens den 1.Akt daraufhin noch einmal
374 1119 783 1258 durchnehmen.-
376 1248 1955 1362 Dass ich Frau Sorma in Wien gesprochen habe, wis sen
357 1370 1979 1504 Sie jedenfalls schon, und auch ihr gegenüber hab ich
357 1497 1971 1590 kein Hehl daraus gemacht, dass mir die Besetzung der
357 1618 2044 1740 Anna durch sie ausserordentlich wünschenswert erschie-
357 1734 2072 1844 ne;vor allem aus dem einfachen Grunde, weil sie die Rol-
376 1844 2102 1966 le jedenfalls herrlich spielen würde; aber ich sehe voll-
368 1943 2024 2074 kommen ein, dass ich keinen Anlass hätte, bei eventuel-
361 2063 1996 2205 len Schwierigkeiten, die sich vom Repertoire aus oder
370 2164 1895 2310 aus der Abneigung der Künstlerin gegen die Rille
370 2302 1973 2424 her entwickeln könnten, auf dieser idealen Besatzung
357 2422 1994 2556 zu bestehen.- Herrn Sauer kenne ich nicht gut genug,
374 2543 2031 2661 um über seine Eignung für den Karinski mitsprechen zu
364 2642 1988 2805 können - aber meine Ueberzeugung, dass Kainz, den ich
364 2784 1971 2913 kenne, sich für den K. unvergleichlich eignen würde,
370 2878 1725 3035 können Sie mir - vorläufig - nicht nehmen.-
376 2990 2067 3162 Die Gefahren des Schlusses mit dem Kaall verkenne ich
4083 886 4419 1022 (14.9.96).
2805 1007 4427 1129 durchaus nicht ; aber ich fürchte, das wird sich nicht
2812 1151 4490 1258 vermeiden lassen; denn dadurch, dass ich den letzten Zu-
2818 1265 4466 1370 sammenstoss zwischen den zwei Menschen langsam hinter
2818 1390 4371 1512 die Szene spielen liesse - und mehr könnte ich ja
2818 1506 4533 1613 nicht tun - hab ich nicht viel erreicht; knallen möcht's
2818 1613 4472 1747 noch immer, und die Schläuern im Publikum merkten, dass
2818 1751 4376 1880 ich scheinbar einem Effekt aus dem Wege ginge, ohne
2805 1848 3894 1986 ganz desselben entraten zu können.
2825 1971 4419 2065 Hier ist der Moment Ihnen mitzuteilen,was Burckhard
2825 2089 4341 2216 von diesem letzten Akt denkt. Ich sch icke voraus,
2805 2233 4419 2328 dass B. mir das Stück mit den Worten zurückbrachte:
2805 2334 4466 2437 er gratuliere mir - und Ihnen, der es aufführen dürfe,
2805 2440 4378 2579 denn er halte es für einen „pupillarsichern Sensa-
2818 2541 4382 2670 tionserfolg". (Ich habe nicht die moralische Kraft
2805 2674 4535 2792 Ihnen das zu verschweigen, aber es muss immerhin bedacht
2816 2822 4464 2919 werden, dass sich manche Direktoren schon manchmal ge-
2831 2908 4485 3076 täuscht haben.) Nur der Schluss des 3. Aktes ist nicht
