4762 4104
965 742 1079 914 67.
1257 793 1601 935 e./6.1900.
322 878 2001 1060 Lieber Herr Schnitzler,ob eine grosse Loge noch frei-
333 1028 1887 1179 zumachen ist, ist fraglich; eine für sie wunderbar
339 1130 2037 1291 passende versicher der Kassir grad vor Einlaufen meiner
343 1255 1933 1406 Ordre weggegeben zu haben; eine kleine wird morgen
1247 1327 1355 1410 Sie
341 1391 2001 1524 wohl frei werden und ich bitte vor 12 an M. zu tele-
339 1507 2012 1630 fonieren, wie viel Parquet Sie in diesem Falle, ausser
348 1609 2014 1749 den schon bestellten, noch wünschen, oder was Sie sonst
346 1755 1936 1866 an Plätzen bege hren: was gemacht werden kann, macht
350 1834 2014 1953 der Schapira, vor mir hat er nämlich Angst".-Ich hof-
341 1955 2027 2103 fe, dass Sie mich in meiner Loge beehren, und ausserdem
356 2073 2056 2184 4 Plätze, die ich zu Ihrer Verfügung stelle, als Dichter-
352 2205 2008 2304 sold acceptieren (von den bestellten); die andern be-
346 2349 2012 2421 rechnet Ihnen, falls Sie nicht gegentheilig bestimmen,
350 2421 2008 2546 Hr.Schmidt bei der Tantiemenzahlung. - Freitag Abend
346 2552 1984 2667 fahre ich ab, hoffentlich wir noch mal gemüthlich zu-
360 2699 591 2786 sammen.
596 2801 1100 2898 Herzl. grüssend
1098 2809 1219 2934 Ihr
1251 2896 1412 3010 O.B.
3458 767 3572 899 68
3803 803 4142 935 Muni 1900.
2790 918 4376 1054 Lieber Herr Schnitzler, heute ist schon mal der Tag
2796 1056 4401 1194 der Absagen. Eben schreibt mir Hofmannsthal, dass er
2794 1183 4420 1306 nicht kommt. Ich stehe also ganz zu Ihrer Verfügung,
2798 1306 4465 1408 bin ganz allein (Georg und Vacano sind abgereist) und
2803 1416 4414 1518 erwarte einen Bescheid von Ihnen, wo wir uns treffen
2794 1529 4471 1641 wollen. Das Beste wäre vielleicht, dass Sie mich abhol-
2811 1660 4003 1755 ten? Ich werde von ½8-8 zu Hause sein.
3233 1789 3742 1883 Herzl. grüssend
3710 1897 3829 1989 Ihr
3827 1969 3986 2042 O.B.
