5015 4151
1638 752 1989 852 12.7.1911.
310 893 1968 1021 Kenntnis). Auch wissen Sie mehr als ich vom nächsten
321 987 2019 1163 Spieljahr des less.-The, wenn Sie die Repertoirbildung,
338 1118 1966 1274 insbesondere nach Neujahr, schon übersehen. Ich denke
334 1231 1938 1390 mir, dass sich da sehr wohl ein Platz für die moral-
338 1362 1929 1499 freie Dame finden wird, sei es mit alten oder neuen
349 1486 2066 1625 Einaktern von Ihnen, oder in einer anderen Kombination.
366 1600 1976 1749 (Auch eine Verbindung mit Bahr's zu kürzendem „Tänz-
364 1715 2013 1859 chen" ist mir durch den Ferienkopf gegangen). Und so-
364 1841 1994 1968 mit, ceterum Rittner: wer eine Mizzi hat, will sie ge-
375 2017 677 2105 brauchen.
645 2041 2058 2201 Wir werden Sie voraussichtlich am Montag den
366 2184 1617 2336 24. um ein Mittagmahl bitten.(1½ Uhr?)
876 2336 1171 2426 Herzlich
1122 2428 1298 2546 O.B.
3435 737 3638 865 292
3608 814 4270 944 Semmering, 22.7.1911.
2826 1011 4492 1109 Lieber Freund, es tut uns sehr leid, Sie nicht mehr zu
2850 1131 4544 1229 treffen: Sie, das heisst das quartett aus der Sternwar-
2844 1240 4514 1349 testrasse. Ich gehe nach Agnetendorf, also nicht gra-
2837 1366 4561 1467 de in die Nähe von St.Gilgen. Viele gute Grüsse xxxx
2844 1484 3711 1625 ### von Fr. J. und Ihrem
3702 1604 3852 1711 O.B.
