4900 4008
1549 718 2009 827 (undatiert) 98?
512 872 2194 948 Autor Arthur Schnitzler, wäre vid leicht doch noch was
525 983 2226 1061 anderes zu berücksichtigen gewesen als ein eventueller
523 1118 2166 1183 Ansfall von ein paar hundert Mark - für diesmal. Ich
519 1217 2170 1309 hie mich wirklich aufs herzlichste geärgert und bin
516 1328 2224 1419 aufrichtig genug, Ihnen das mitzuteilen, womit die Sache
525 1471 1163 1565 erledigt sein möge.-
525 1591 2226 1680 Heute geht auch die „Gefährtin“ an Sie ab. Ich habe sie
525 1677 2248 1792 gekürst und insbesondere den letzten Dialog zu schärfen
519 1810 2224 1905 versucht. Als ich das Stückchen neulich den auch Ihnen
529 1953 2170 2020 Bekannten vorlas, hat es nicht wenig gewirkt. Möglich
536 2057 2216 2146 ists, dass mir für den Schluss, nach den letzten gespro-
519 2185 2237 2257 chenen Worten, etwas stärkeres einfällt; ein ordentlichæ
519 2296 2148 2367 Requisitenernst,wenn dieses gegensätzliche Wort zum
516 2415 2177 2493 Requisitenscherz gestat tet ist. Bei dieser Vorlesung
529 2489 2224 2617 hat sich auch zur Eiden herausgestellt, dass meine
519 2669 2231 2754 ursprüngliche Reihenfolge :Paracelsus,Gefährtin,Kakadu
536 2719 950 2877 absolut -
3390 352 3587 545 10th. 8
4251 660 4557 755 15,7.99.
2958 781 4683 890 Lieber Doctor Brahm, bitte sehr befördern Sie den inlie-
2951 924 4590 1018 genden Brief an Gerh. Hauptmann, da ich seine Adresse
2951 1063 4210 1122 nicht kenne. Herzlichen Dank im voraus.-
2964 1174 4607 1241 Das Deutsche Theater oder seine Rudimente oder keine
2971 1278 4566 1367 Pragmente oder was Sie wollen hat hier sehr grosse
2971 1408 4713 1484 Erfolge. Die Augustion wirkt mächtig. Einzelleistungen,
2964 1521 4670 1601 die man von Einheimischen nicht dulden würde, nimmt man
2964 1649 4646 1723 hin;mässige Darsteller werden hochgeschätzt;die guten
2964 1769 4622 1834 bejubelt man. Vor lustigen aber durchaus nicht bewun-
2971 1864 4674 1960 derungswürdigen Regiestücken liegt man auf den Knieen;
2982 1990 4618 2090 Mängel werden übersehen. Ich habe alle Darstellungen
2964 2120 3954 2207 gesehen ausser den Gespenstern.
2964 2242 4657 2309 Das Lampengesindel fand ich gut insceniert, aber inner-
2964 2359 4687 2441 lich unausgeglichen. Es wurde bald natürlich gesprochen
2964 2493 4631 2561 bis zur Unverständlichkeit;bald pos senhaft geschrien.
2962 2574 4635 2686 Sehr gut war Kayssler, nach ihm Winterstein,Reinhardt,
2964 2728 4600 2799 Eberty. Martin störend. Der 3.Akt allzu albern. Ich
2962 2828 4694 2986 glaube - trotz der „Lumpen" und sogar trotz des Lampen-
