<?xml version="1.0" encoding="UTF-8" standalone="yes"?>
<PcGts xmlns="http://schema.primaresearch.org/PAGE/gts/pagecontent/2013-07-15" xmlns:xsi="http://www.w3.org/2001/XMLSchema-instance" xsi:schemaLocation="http://schema.primaresearch.org/PAGE/gts/pagecontent/2013-07-15 http://schema.primaresearch.org/PAGE/gts/pagecontent/2013-07-15/pagecontent.xsd">
    <Metadata>
        <Creator>prov=READ-COOP:name=TrHtr:version=2.1.0:model_id=51170:date=26_07_2023_02:03</Creator>
        <Created>2023-05-02T07:45:36.345+02:00</Created>
        <LastChange>2023-07-26T02:03:52.729+02:00</LastChange>
        <TranskribusMetadata docId="1416706" pageId="54951902" pageNr="376" tsid="130871716" status="IN_PROGRESS" userId="64420" imgUrl="https://files.transkribus.eu/Get?id=BAKTCKMMIZTKFXOSXCTZUIBQ&amp;fileType=view" xmlUrl="https://files.transkribus.eu/Get?id=IIULDQKVKIZGSIVEKVISXKWL" imageId="44455628"/>
    </Metadata>
    <Page imageFilename="1416706_0376.jpg" imageWidth="4907" imageHeight="4007">
        <ReadingOrder>
            <OrderedGroup id="ro_1711829506181" caption="Regions reading order">
                <RegionRefIndexed index="0" regionRef="tr_1"/>
                <RegionRefIndexed index="1" regionRef="tr_2"/>
            </OrderedGroup>
        </ReadingOrder>
        <TextRegion id="tr_1" custom="readingOrder {index:0;}">
            <Coords points="388,666 2131,666 2131,2971 388,2971"/>
            <TextLine id="tr_1_tl_1" custom="readingOrder {index:0;}">
                <Coords points="1277,746 1380,759 1428,735 1537,748 1648,730 1740,752 1788,726 1857,748 1881,735 1881,695 1820,665 1781,682 1620,643 1574,665 1391,685 1277,650"/>
                <Baseline points="1289,716 1379,722 1469,728 1558,722 1648,722 1737,722 1827,722 1887,722"/>
                <TextEquiv>
                    <Unicode>XVIII.Spöttelg. 7.</Unicode>
                </TextEquiv>
            </TextLine>
            <TextLine id="tr_1_tl_2" custom="readingOrder {index:1;}">
                <Coords points="1254,809 1454,820 1476,837 1526,798 1607,813 1713,791 1713,739 1670,763 1639,737 1478,748 1430,735 1371,761 1299,741 1254,754"/>
                <Baseline points="1265,788 1355,794 1445,794 1534,794 1624,788 1713,788 1719,788"/>
                <TextEquiv>
                    <Unicode>Wien, 31.X.04.</Unicode>
                </TextEquiv>
            </TextLine>
            <TextLine id="tr_1_tl_3" custom="readingOrder {index:2;}">
                <Coords points="373,974 2128,918 2128,837 2001,818 1690,874 375,861"/>
                <Baseline points="388,919 429,925 519,925 609,919 698,919 788,919 877,919 967,913 1056,913 1146,913 1236,913 1325,907 1415,907 1504,907 1594,907 1684,901 1773,901 1863,901 1952,895 2042,895 2131,895"/>
                <TextEquiv>
                    <Unicode>Lieber Freund, gestern hab ich die Komödie (jene neueste)</Unicode>
                </TextEquiv>
            </TextLine>
            <TextLine id="tr_1_tl_4" custom="readingOrder {index:3;}">
                <Coords points="382,1079 896,1114 1182,1042 2078,1044 2093,972 384,1005"/>
                <Baseline points="394,1039 483,1045 573,1039 662,1039 752,1039 842,1039 931,1039 1021,1033 1110,1033 1200,1033 1289,1027 1379,1027 1469,1021 1558,1021 1648,1021 1737,1021 1827,1021 1916,1015 2006,1015 2096,1015"/>
                <TextEquiv>
                    <Unicode>zum zweitenmal sozusagen abgeschlossen, und glaube, dass</Unicode>
                </TextEquiv>
            </TextLine>
            <TextLine id="tr_1_tl_5" custom="readingOrder {index:4;}">
                <Coords points="382,1212 1908,1164 2030,1144 2030,1090 384,1131"/>
                <Baseline points="394,1158 423,1158 513,1158 603,1158 692,1158 782,1158 871,1152 961,1152 1051,1152 1140,1152 1230,1146 1319,1146 1409,1146 1498,1146 1588,1140 1678,1140 1767,1140 1857,1140 1946,1140 2036,1140"/>
                <TextEquiv>
                    <Unicode>ich sie nunmehr einmal werde schreiben müssen, um sie</Unicode>
                </TextEquiv>
            </TextLine>
            <TextLine id="tr_1_tl_6" custom="readingOrder {index:5;}">
                <Coords points="382,1328 691,1362 957,1280 1975,1291 2097,1277 2097,1201 384,1249"/>
                <Baseline points="394,1277 400,1277 489,1277 579,1277 668,1277 758,1277 847,1271 937,1271 1027,1271 1116,1271 1206,1271 1295,1265 1385,1265 1475,1265 1564,1260 1654,1260 1743,1260 1833,1260 1922,1260 2012,1254 2102,1254"/>
                <TextEquiv>
                    <Unicode>los zu sein. Wann dieses dritte Mal sein wird, ob Dezem-</Unicode>
                </TextEquiv>
            </TextLine>
            <TextLine id="tr_1_tl_7" custom="readingOrder {index:6;}">
                <Coords points="379,1452 713,1476 885,1391 2006,1402 2006,1332 382,1362"/>
                <Baseline points="394,1391 400,1391 489,1397 579,1397 668,1391 758,1391 847,1391 937,1391 1027,1391 1116,1391 1206,1391 1295,1391 1385,1385 1475,1385 1564,1379 1654,1379 1743,1379 1833,1379 1922,1373 2012,1379"/>
                <TextEquiv>
                    <Unicode>ber, Jänner oder Feber, kann ich in diesem Augenblick</Unicode>
                </TextEquiv>
            </TextLine>
            <TextLine id="tr_1_tl_8" custom="readingOrder {index:7;}">
                <Coords points="392,1563 2030,1522 2030,1452 395,1472"/>
                <Baseline points="406,1516 423,1516 513,1516 603,1516 692,1510 782,1510 871,1510 961,1510 1051,1510 1140,1510 1230,1510 1319,1504 1409,1504 1498,1498 1588,1504 1678,1498 1767,1498 1857,1498 1946,1498 2036,1492"/>
                <TextEquiv>
                    <Unicode>nicht sagen- und wenn ich mir den Lauf Ihrer Angele-</Unicode>
                </TextEquiv>
            </TextLine>
            <TextLine id="tr_1_tl_9" custom="readingOrder {index:8;}">
                <Coords points="379,1687 480,1718 850,1633 1977,1628 1977,1581 1910,1565 382,1591"/>
                <Baseline points="394,1642 459,1642 549,1636 638,1636 728,1630 818,1630 907,1630 997,1624 1086,1630 1176,1630 1265,1624 1355,1624 1445,1624 1534,1624 1624,1618 1713,1618 1803,1618 1893,1618 1982,1612"/>
                <TextEquiv>
                    <Unicode>genheiten betrachte, so dirft en Sie ja diesmal ganz</Unicode>
                </TextEquiv>
            </TextLine>
            <TextLine id="tr_1_tl_10" custom="readingOrder {index:9;}">
                <Coords points="395,1818 1393,1740 2021,1770 2051,1692 395,1707"/>
                <Baseline points="406,1755 441,1755 531,1755 621,1749 710,1749 800,1749 889,1749 979,1749 1068,1749 1158,1743 1248,1743 1337,1743 1427,1737 1516,1737 1606,1737 1695,1737 1785,1737 1875,1737 1964,1731 2054,1725"/>
                <TextEquiv>
                    <Unicode>leicht verzichten können, und es wäre aus mannigfachen</Unicode>
                </TextEquiv>
            </TextLine>
            <TextLine id="tr_1_tl_11" custom="readingOrder {index:10;}">
                <Coords points="399,1921 852,1949 988,1868 2078,1870 2078,1792 399,1820"/>
                <Baseline points="412,1875 471,1869 561,1869 650,1869 740,1869 830,1869 919,1869 1009,1869 1098,1869 1188,1863 1277,1863 1367,1857 1457,1857 1546,1857 1636,1857 1725,1857 1815,1857 1904,1851 1994,1851 2084,1845"/>
                <TextEquiv>
                    <Unicode>Gründen vielleicht ebenso für Sie als für mich prakti-</Unicode>
                </TextEquiv>
            </TextLine>
            <TextLine id="tr_1_tl_12" custom="readingOrder {index:11;}">
                <Coords points="399,2045 809,2049 883,1993 1942,1995 2067,1977 2067,1916 401,1958"/>
                <Baseline points="412,1988 459,1988 549,1988 638,1988 728,1988 818,1988 907,1982 997,1982 1086,1982 1176,1982 1265,1976 1355,1970 1445,1976 1534,1970 1624,1970 1713,1964 1803,1964 1893,1964 1982,1964 2072,1958"/>
                <TextEquiv>
                    <Unicode>scher, wenn ich einmal zu Anfang einer Saison statt in</Unicode>
                </TextEquiv>
            </TextLine>
            <TextLine id="tr_1_tl_13" custom="readingOrder {index:12;}">
                <Coords points="412,2152 746,2178 981,2110 1844,2119 1962,2108 1964,2062 414,2069"/>
                <Baseline points="423,2108 447,2108 537,2108 627,2108 716,2108 806,2102 895,2102 985,2102 1074,2102 1164,2102 1254,2102 1343,2096 1433,2096 1522,2096 1612,2090 1701,2090 1791,2090 1881,2090 1970,2090"/>
                <TextEquiv>
                    <Unicode>der Nähe des Frühjahrs mit was neuem hervorrückte.</Unicode>
                </TextEquiv>
            </TextLine>
            <TextLine id="tr_1_tl_14" custom="readingOrder {index:13;}">
                <Coords points="412,2239 756,2280 1219,2217 1899,2248 2001,2232 2003,2156 680,2197 414,2154"/>
                <Baseline points="423,2227 483,2227 573,2227 662,2227 752,2227 842,2227 931,2227 1021,2221 1110,2221 1200,2215 1289,2215 1379,2215 1469,2215 1558,2209 1648,2209 1737,2209 1827,2203 1916,2209 2006,2203"/>
                <TextEquiv>
                    <Unicode>Aber ich will noch nichts verschworen haben- ob das</Unicode>
                </TextEquiv>
            </TextLine>
            <TextLine id="tr_1_tl_15" custom="readingOrder {index:14;}">
                <Coords points="395,2372 2034,2359 2036,2276 397,2302"/>
                <Baseline points="406,2352 429,2346 519,2352 609,2346 698,2346 788,2346 877,2340 967,2340 1056,2340 1146,2340 1236,2334 1325,2334 1415,2334 1504,2334 1594,2334 1684,2328 1773,2328 1863,2328 1952,2328 2042,2322"/>
                <TextEquiv>
                    <Unicode>Ding gut wird, weiss ich freilich noch nicht, aber kei-</Unicode>
                </TextEquiv>
            </TextLine>
            <TextLine id="tr_1_tl_16" custom="readingOrder {index:15;}">
                <Coords points="395,2498 1997,2481 2012,2398 395,2435"/>
                <Baseline points="406,2466 495,2466 585,2466 674,2466 764,2466 853,2466 943,2466 1033,2460 1122,2460 1212,2460 1301,2454 1391,2454 1480,2454 1570,2454 1660,2454 1749,2448 1839,2448 1928,2448 2018,2448"/>
                <TextEquiv>
                    <Unicode>neswegs wird mehr viel dran zu thun sein. Nur zieht</Unicode>
                </TextEquiv>
            </TextLine>
            <TextLine id="tr_1_tl_17" custom="readingOrder {index:16;}">
                <Coords points="405,2603 1890,2596 2030,2583 2032,2492 1884,2538 405,2557"/>
                <Baseline points="418,2585 423,2585 513,2585 603,2585 692,2585 782,2585 871,2585 961,2579 1051,2579 1140,2579 1230,2573 1319,2573 1409,2573 1498,2573 1588,2573 1678,2567 1767,2567 1857,2567 1946,2567 2036,2567"/>
                <TextEquiv>
                    <Unicode>es mich für die nächste Zeit mehr zu anderm hin;ins-</Unicode>
                </TextEquiv>
            </TextLine>
            <TextLine id="tr_1_tl_18" custom="readingOrder {index:17;}">
                <Coords points="395,2729 2008,2712 2040,2627 395,2668"/>
                <Baseline points="406,2705 429,2705 519,2705 609,2705 698,2705 788,2705 877,2705 967,2705 1056,2699 1146,2699 1236,2693 1325,2693 1415,2693 1504,2693 1594,2687 1684,2687 1773,2687 1863,2687 1952,2687 2042,2687"/>
                <TextEquiv>
                    <Unicode>besondere will ich meinen Roman nicht auskühlen las-</Unicode>
                </TextEquiv>
            </TextLine>
            <TextLine id="tr_1_tl_19" custom="readingOrder {index:18;}">
                <Coords points="412,2849 2017,2836 2051,2769 414,2786"/>
                <Baseline points="423,2830 441,2824 531,2824 621,2824 710,2824 800,2824 889,2818 979,2818 1068,2818 1158,2812 1248,2812 1337,2812 1427,2812 1516,2812 1606,2812 1695,2806 1785,2806 1875,2806 1964,2806 2054,2800"/>
                <TextEquiv>
                    <Unicode>sen. Die Taormineser Sache ist ziemlich in den Hinter-</Unicode>
                </TextEquiv>
            </TextLine>
            <TextLine id="tr_1_tl_20" custom="readingOrder {index:19;}">
                <Coords points="399,2984 732,2960 818,2998 1389,2934 1897,2974 2025,2932 2006,2871 401,2899"/>
                <Baseline points="412,2961 418,2955 507,2950 597,2950 686,2944 776,2944 865,2944 955,2944 1045,2944 1134,2938 1224,2938 1313,2932 1403,2932 1492,2932 1582,2932 1672,2932 1761,2926 1851,2926 1940,2932 2030,2926"/>
                <TextEquiv>
                    <Unicode>grund getreten;dagegen bin ich von neuen allerdings</Unicode>
                </TextEquiv>
            </TextLine>
        </TextRegion>
        <TextRegion id="tr_2" custom="readingOrder {index:1;}">
            <Coords points="2782,433 4496,433 4496,2380 2782,2380"/>
            <TextLine id="tr_2_tl_1" custom="readingOrder {index:0;}">
                <Coords points="3778,508 3808,499 3826,512 3859,510 3872,525 3917,501 3933,508 3957,501 3961,419 3939,416 3915,401 3846,405 3824,395 3815,401 3804,390 3782,390"/>
                <Baseline points="3792,489 3875,489 3965,483"/>
                <TextEquiv>
                    <Unicode>1, 1</Unicode>
                </TextEquiv>
            </TextLine>
            <TextLine id="tr_2_tl_2" custom="readingOrder {index:1;}">
                <Coords points="3935,796 4166,800 4227,783 4353,802 4473,796 4473,715 4364,739 4295,722 4251,732 4203,708 4162,732 3935,732"/>
                <Baseline points="3947,776 4036,776 4126,776 4216,776 4305,776 4395,782 4478,776"/>
                <TextEquiv>
                    <Unicode>XVIII.Spöttelg.7.</Unicode>
                </TextEquiv>
            </TextLine>
            <TextLine id="tr_2_tl_3" custom="readingOrder {index:2;}">
                <Coords points="3928,859 3950,857 3976,876 4026,857 4064,881 4120,865 4142,883 4168,883 4194,863 4264,881 4266,785 4166,804 4144,791 4114,802 4094,791 4057,802 4011,789 3928,800"/>
                <Baseline points="3941,836 4030,842 4120,842 4210,836 4269,836"/>
                <TextEquiv>
                    <Unicode>(31.X.04.)</Unicode>
                </TextEquiv>
            </TextLine>
            <TextLine id="tr_2_tl_4" custom="readingOrder {index:3;}">
                <Coords points="2771,1001 4391,988 4436,905 2771,916"/>
                <Baseline points="2782,961 2830,961 2920,961 3009,961 3099,961 3188,961 3278,961 3368,961 3457,961 3547,961 3636,961 3726,961 3815,961 3905,961 3995,961 4084,955 4174,955 4263,955 4353,955 4442,955"/>
                <TextEquiv>
                    <Unicode>sehr ernsten Stoffen lebhaft angeregt. Zum vollenden</Unicode>
                </TextEquiv>
            </TextLine>
            <TextLine id="tr_2_tl_5" custom="readingOrder {index:4;}">
                <Coords points="2771,1144 4277,1118 4436,1092 4436,1029 2771,1051"/>
                <Baseline points="2782,1080 2830,1080 2920,1080 3009,1080 3099,1080 3188,1080 3278,1080 3368,1080 3457,1080 3547,1080 3636,1080 3726,1074 3815,1074 3905,1074 3995,1074 4084,1074 4174,1074 4263,1074 4353,1074 4442,1074"/>
                <TextEquiv>
                    <Unicode>schein ich ja allerdings geringeres Talent zu haben.-</Unicode>
                </TextEquiv>
            </TextLine>
            <TextLine id="tr_2_tl_6" custom="readingOrder {index:5;}">
                <Coords points="2788,1251 4234,1232 4421,1201 4421,1147 2788,1151"/>
                <Baseline points="2800,1200 2812,1194 2902,1200 2991,1200 3081,1200 3170,1194 3260,1200 3350,1200 3439,1194 3529,1200 3618,1200 3708,1200 3797,1194 3887,1200 3977,1194 4066,1194 4156,1194 4245,1194 4335,1194 4425,1188"/>
                <TextEquiv>
                    <Unicode>Was Reinhardt betrifft, so hat es sich gefügt, dass er</Unicode>
                </TextEquiv>
            </TextLine>
            <TextLine id="tr_2_tl_7" custom="readingOrder {index:6;}">
                <Coords points="2771,1349 3170,1384 3800,1330 3926,1376 4033,1330 4436,1332 4436,1264 2771,1291"/>
                <Baseline points="2782,1319 2830,1319 2920,1319 3009,1319 3099,1319 3188,1319 3278,1313 3368,1319 3457,1319 3547,1319 3636,1313 3726,1313 3815,1313 3905,1313 3995,1319 4084,1313 4174,1313 4263,1313 4353,1313 4442,1307"/>
                <TextEquiv>
                    <Unicode>mich statt der Wurstlgeschichte um den Kakadu gebeten</Unicode>
                </TextEquiv>
            </TextLine>
            <TextLine id="tr_2_tl_8" custom="readingOrder {index:7;}">
                <Coords points="2788,1500 4410,1450 4410,1386 4319,1373 2788,1380"/>
                <Baseline points="2800,1439 2890,1433 2979,1433 3069,1433 3159,1439 3248,1433 3338,1439 3427,1439 3517,1439 3606,1433 3696,1433 3786,1433 3875,1433 3965,1433 4054,1433 4144,1433 4233,1433 4323,1433 4413,1439"/>
                <TextEquiv>
                    <Unicode>hat, und, bei der jetzt sehr günstigen Constellation,</Unicode>
                </TextEquiv>
            </TextLine>
            <TextLine id="tr_2_tl_9" custom="readingOrder {index:8;}">
                <Coords points="2786,1624 3684,1563 4471,1596 4491,1522 2788,1522"/>
                <Baseline points="2800,1558 2884,1558 2973,1558 3063,1558 3153,1558 3242,1558 3332,1558 3421,1552 3511,1558 3600,1552 3690,1558 3780,1552 3869,1552 3959,1552 4048,1552 4138,1552 4227,1552 4317,1552 4407,1552 4496,1552"/>
                <TextEquiv>
                    <Unicode>die mir ein Abend am Kleinen Theater verheisst, hab ich</Unicode>
                </TextEquiv>
            </TextLine>
            <TextLine id="tr_2_tl_10" custom="readingOrder {index:9;}">
                <Coords points="2782,1709 2865,1748 3933,1683 4173,1718 4491,1690 4491,1631 2782,1633"/>
                <Baseline points="2794,1678 2884,1678 2973,1678 3063,1678 3153,1678 3242,1672 3332,1678 3421,1672 3511,1672 3600,1672 3690,1678 3780,1672 3869,1672 3959,1672 4048,1672 4138,1672 4227,1678 4317,1672 4407,1672 4496,1672"/>
                <TextEquiv>
                    <Unicode>keinen Grund gesehen, diesen Antrag abzulehnen. Die Auf-</Unicode>
                </TextEquiv>
            </TextLine>
            <TextLine id="tr_2_tl_11" custom="readingOrder {index:10;}">
                <Coords points="2788,1870 3292,1814 4454,1827 4456,1748 2790,1770"/>
                <Baseline points="2800,1797 2848,1797 2938,1791 3027,1797 3117,1797 3206,1797 3296,1797 3385,1797 3475,1797 3565,1797 3654,1791 3744,1791 3833,1791 3923,1791 4012,1791 4102,1791 4192,1797 4281,1791 4371,1791 4460,1785"/>
                <TextEquiv>
                    <Unicode>führung soll schon Mitte November stat tfinden, und ich</Unicode>
                </TextEquiv>
            </TextLine>
            <TextLine id="tr_2_tl_12" custom="readingOrder {index:11;}">
                <Coords points="2782,1925 3331,1990 3545,1938 4460,1936 4460,1870 4288,1838 4244,1875 2782,1866"/>
                <Baseline points="2794,1910 2854,1910 2944,1910 3033,1910 3123,1910 3212,1910 3302,1910 3391,1910 3481,1910 3571,1910 3660,1910 3750,1910 3839,1904 3929,1904 4018,1904 4108,1904 4198,1904 4287,1904 4377,1910 4466,1898"/>
                <TextEquiv>
                    <Unicode>freue mich sehr, bei dieser Gelegenheit Sie und Ihr ge-</Unicode>
                </TextEquiv>
            </TextLine>
            <TextLine id="tr_2_tl_13" custom="readingOrder {index:12;}">
                <Coords points="2788,2088 3074,2110 3141,2071 3296,2060 3403,2102 3630,2067 3630,2001 3479,1969 3434,1997 3351,1975 3303,1999 3246,1979 3144,2003 3115,1977 2788,1999"/>
                <Baseline points="2800,2030 2890,2030 2979,2030 3069,2030 3159,2030 3248,2030 3338,2030 3427,2030 3517,2030 3606,2030 3636,2030"/>
                <TextEquiv>
                    <Unicode>segnetes Theater zu sehen.</Unicode>
                </TextEquiv>
            </TextLine>
            <TextLine id="tr_2_tl_14" custom="readingOrder {index:13;}">
                <Coords points="3052,2230 3246,2184 3464,2221 3671,2176 3819,2228 3935,2173 4384,2163 4384,2112 4312,2086 3052,2108"/>
                <Baseline points="3063,2143 3153,2149 3242,2149 3332,2149 3421,2149 3511,2149 3600,2149 3690,2149 3780,2149 3869,2143 3959,2143 4048,2143 4138,2143 4227,2149 4317,2149 4389,2149"/>
                <TextEquiv>
                    <Unicode>Seien Sie herzlich gegrüsst, auch von Olga.</Unicode>
                </TextEquiv>
            </TextLine>
            <TextLine id="tr_2_tl_15" custom="readingOrder {index:14;}">
                <Coords points="3440,2315 3492,2324 3525,2309 3566,2315 3580,2328 3617,2326 3662,2293 3691,2309 3739,2293 3737,2228 3673,2228 3647,2206 3617,2228 3553,2226 3532,2215 3519,2228 3479,2217 3462,2230 3438,2217"/>
                <Baseline points="3451,2269 3541,2269 3630,2269 3720,2275 3744,2275"/>
                <TextEquiv>
                    <Unicode>Der Ihre,</Unicode>
                </TextEquiv>
            </TextLine>
            <TextLine id="tr_2_tl_16" custom="readingOrder {index:15;}">
                <Coords points="3713,2411 3747,2413 3776,2400 3789,2409 3808,2407 3822,2415 3832,2407 3863,2413 3867,2320 3826,2320 3815,2311 3789,2320 3782,2313 3774,2317 3758,2309 3730,2333 3717,2333"/>
                <Baseline points="3726,2370 3780,2370 3869,2364"/>
                <TextEquiv>
                    <Unicode>A.S.</Unicode>
                </TextEquiv>
            </TextLine>
        </TextRegion>
    </Page>
</PcGts>
