4907 4007
1557 679 1918 860 (28.6.05.)
302 884 2004 988 mit zwei Sachen parat stehe, eine seiner Bühne überlas-
309 1015 663 1139 sen werde.
307 1106 1746 1223 Grüssen Sie Hauptmann,Georgen und Burckhardt.
316 1234 2026 1358 Indes verbleibe ich herzlichst und getreu Ihr niemals
307 1338 1995 1467 wortbrüchiger, allerdings aber zuweilen an sich selbst
327 1496 634 1597 denkender
1024 1597 1187 1724 A.S.
3199 677 4149 835 42 Reichenau bei Payerbach,
3529 778 3996 896 27. Juli 1905.
2732 855 4443 977 Lieber Freund, Ihre Idee, den Amadeus von Bassermann, den
2753 975 4492 1099 andern von Reicher oder Sauer spielen zu lassen, scheint
2746 1108 4370 1227 mir sehr glücklich, und wir wollen daran festhalten.
2746 1205 4404 1340 Sauer würde dem Albertus vielleicht mehr Vornehmheit
2746 1327 4558 1460 geben als die Figur verträgt, Reicher würde sie vielleicht
2764 1471 4413 1611 überjüdeln; es ist schwer sich da zu entscheiden. Was
2757 1586 4352 1701 den dritten Akt anbelangt, so werden Sie sich nicht
2764 1685 4456 1805 wundern zu vernehmen, dass auch ich das allzu theoreti-
2764 1812 4445 1949 sierende an manohen Stellen der Hauptszene herausfühl-
2775 1911 4445 2051 te- wie oft ich diese Szene geschrieben habe, kann ich
2926 2037 3217 2105 berechnen
2775 2049 4445 2189 kaum xxx ich fürchte dass ich beim besten Wil-
2771 2184 4409 2304 len nichts mehr daran bessern kann. Das passiert mir
2764 2279 4472 2403 ja öfters, dass meine Gestalten mit den Füssen ganz gut
2771 2416 4355 2532 auf dem Boden stehen und dass sie ihren Schädel in
2775 2520 4386 2631 einen Nebel von Dialektik hineinstecken - und diese
2775 2653 4413 2771 letztere Gefahr ist umso beträchtlicher, je höher die
3353 2741 3689 2811 versuchen.
2757 2757 4443 2888 Gestalten zu ragen Manohmal sinkt der Nebel
2775 2890 3759 3021 wohl auch ziemlich tief herab.-
