5037 4151
1163 444 1330 568 1 1
1647 863 1900 961 2.2.03.
225 955 1910 1123 wir es s.Zt. in Aussicht nahmen, das Hinzelne kann ich
227 1098 1902 1241 Ihnen nächster Tage, wenn Sie es wünschen, nach gesche-
227 1231 1778 1327 hener definitiver Austheilung, noch melden lassen.
244 1342 1900 1447 Ich freue mich sehr, Sie nun bald hier zu sehen, zu ge-
238 1479 795 1597 meinsamer Arbeit!
764 1593 1050 1696 Herzlich
1140 1689 1302 1799 O.B.
3709 852 4245 974 Berlin, 8.2.1903.
3160 934 3905 1098 Lieber Herr Schnitzler,
2792 1071 4439 1201 die Besetzung folgt anbei. Weshalb sollte Fr.v.Pöll-
2802 1187 4487 1323 nitz die Frau Nardi nicht leisten können? Sie ist doch
2804 1323 4464 1445 alt gedacht, siehe IV.Akt,wo es von ihr heisst,man ha-
2821 1424 4439 1559 be das „hässliche, alte Weib“ nicht einlassen wollen.
2821 1567 4487 1672 Und die künstlerischen Qualitäten reichen doch für die
2821 1677 4464 1792 kleine Rolle absolut aus bei der „sonst Trefflichen“.
2821 1788 4428 1917 Für die Dumont habe ich Rosina gewählt, da diese mir
2815 1904 4445 2026 als die wichtigere,mehr eentrale erschien, mit Lucre-
2815 2015 4502 2142 zia verglichen, ich glaube, das wird die D. sehr gut ma-
2830 2137 4483 2270 chen. Mit den Courtisanen sieht es allerdings man so,
2827 2251 4407 2377 so aus,wären bessere innerhalb oder ausserhalb des
2827 2377 4460 2468 Ensembles zu haben gewesen, hätte ich sie gern heran-
2827 2482 4475 2583 geholt. Immerhin glaube ich, dass aus der Heims mögli-
2832 2592 4470 2710 cherweise etwas eigenartiges herauszukriegen ist für
2832 2741 4517 2817 die Jsabella. Und das Feuer der Gusty müssen wir nach
2844 2836 4479 2960 Kräften schüren - kommen Sie nur rechtzeitig her und
2836 2956 4492 3107 mach en ihr warm! Für Benozzo hatten wir einen jungen
