2418 4103
975 751 1125 863 28
1252 766 1770 882 Berlin, 1.2.1898.
785 893 1516 1022 Lieber Herr Schnitzler,
415 1030 2073 1127 bei der zweiten Lesung hat mir Ihr Stück noch besser
415 1136 2111 1237 gefallen, als beim ersten Mal, und ich habe viel weniger
419 1248 2098 1373 Wünsche Ihnen vorzutragen, als ich anfangs meinte. Der
421 1364 1999 1489 erste und dritte Akt sind schlechthin gelungen, der
419 1516 2066 1620 mittlere hat seine Haken, (mir scheint, das sagten Sie
419 1633 1999 1719 mir schon in Wien) hier ist zu viel Stillstand und
415 1734 2035 1844 blosses Gespräch und zu wenig Contraste,wie sie die
415 1857 2073 1965 Bühne wohl braucht. Ein bischen ist das ja im ganzen
419 1986 2111 2077 Stück der Fall, und es ist sein Stil sozusagen, dass die
419 2096 2081 2200 Härten und Schärfen, die die Situationen ergeben könn-
421 2185 2117 2312 ten,abgeschliffen sind; aber im 2.Akt sollten doch die
421 2327 2016 2430 Geister heftiger aufeinanderplatzen z.B. Ferdinand
427 2434 2085 2563 und Emma.- Aber ehe ich mich in Einzelheiten und Ein-
415 2519 1994 2671 wände verliere, will ich Ihnen doch noch mal sagen,
415 2648 2062 2817 wie mich der menschliche und dichterische Gehalt des
410 2777 2071 2927 Ganzen gefesselt und ergriffen hat; ich habe mich an
415 2921 2054 3035 ein Stück erinnert, das ich sehr liebe, an Maupassants
