5037 4040
1699 761 1947 918 1.9.05
290 976 1938 1115 Oktober oder November, das andere nach Neujahr, und Sie
314 1120 1998 1272 erhalten bei Einreichung des zweiten (die Möglichkeit,
308 1228 1956 1352 dass mir das letzte Drittel „reizlos“ erscheint, wird
316 1336 1920 1460 im Voraus energisch ausgeschlossen!) eine auf beide
321 1440 2022 1582 Werke zu verrechnende Garantiesumme von M. 5000; soll
327 1558 2082 1701 die Einreichung nach der Aufführung des Cäcilien-Stückes
339 1695 2060 1823 resp. Auszahlung von Tantiemen dafür geschehen, so wären
341 1805 1996 1932 die betr. Summen natürlich von der Gesammtgarantie zu
341 1943 2022 2053 kürzen. Hoffentlich sagen Sie mir bald ein glattes Ja,
350 2036 2005 2177 damit unsere lieben Seelen Ruh haben; inzwischen mit
345 2204 929 2312 herzlichen Grüssen
1066 2290 1246 2398 O.B.
4025 881 4365 1009 1.9.1905.
3387 929 3744 1022 Telegramm.
2890 1031 4673 1162 Ich schrieb Ihnen ausführlich vor Empfang Ihres Telegram-
2909 1124 4567 1299 mes. Halte Vorschläge des Briefes weiterhin aufrecht.
3286 1312 3567 1440 Grüssend
3573 1376 3788 1454 Brahm-
3489 2595 3668 2704 Dokke
