4820 4120
1671 837 1996 940 12.2.1901.
490 911 2212 1028 ich Ihnen also beifolgend das Manuscript zurück, möchte
490 1032 2253 1168 Ihnen aber zugleich, wenn Sie meinen Rath nicht verschmä-
483 1146 2161 1265 hen, anheimgeben, ob Sie sich nicht entschliessen könn-
490 1261 2150 1392 ten, das Stückchen Herrn von Wolzogen für sein buntes
477 1388 2234 1529 Theater zu überlassen. Dort würde es nach meinem Gefühl
490 1509 1851 1638 des nachdrücklichsten Erfolges sicher sein.
859 1605 1434 1731 Vielmals grüssend.
1157 1735 1619 1876 Ihr ergebener
1564 1851 1728 1968 O.B.
3756 753 4294 922 Berlin, 7.3.1901.
3020 947 4746 1065 Lieber Herr Schnitzler, ich habe Ihren Brief dummer Wei-
3020 1043 4720 1175 se erste heute morgen im Bureau vorgefunden, sonst wäre
3020 1149 4693 1313 ich gern gekommen. Wir werden uns also leider diesmal
3009 1291 4711 1423 nicht sehen, ich fahre Abends nach Meran, allwo ich mor-
3015 1399 3916 1544 gen den Daumen halten werde.
3343 1524 3912 1658 Herzlich grüssend
4010 1610 4175 1750 O.B.
