4908 4008
1378 696 1861 826 Wien, 9.1.1902.
787 830 1384 955 Lieber Herr Brahm,
358 916 2081 1063 ich danke für Ihr freundliches Telegramm. Es war sowohl
369 1063 1969 1218 von 2000 und von 1500 die Rede und es liegt tief in
373 1173 2040 1283 der menschlichen Natur begründet, dass ich mich deutli-
375 1313 2046 1421 cher an die 2000, Sie sich deutlicher an die 1500 erin-
358 1434 2066 1546 nern. Wir wollen nun, Ihrem Wunsch entsprechend, bei den
373 1559 1938 1693 1500 bleiben und beide hoffen, dass Sie noch einige
375 1667 1371 1796 Märke nachzuzahlen haben werden.
375 1785 2057 1902 Kadelburg hat gestern im Namen des Volkstheaters tele-
358 1904 2051 2025 phonirt und hat sehr erstaunt gethan, dass das Volksth.
375 2025 2066 2139 nun auch auf den K. keine Rechte mehr haben sollte und
369 2161 2005 2253 mir seinen Besuch angekündigt. Ich spreche vorläufig
375 2264 2001 2372 übrigens ihm gegenüber gar nichts von Ihrer Absicht,
382 2396 2064 2497 -die mich natürlich sehr freut und die hoffentlich zur
369 2503 929 2646 That werden soll.
369 2616 2070 2715 Ich möchte Ihnen heute auch für Ihre freundschaftliche
369 2706 2102 2870 Liebens würdigkeit danken, mit der Sie mir, wie immer, auch
369 2868 2064 3002 diesmal, nicht nur menschlich, sondern auch literarisch-
4300 358 4677 533 Votre très obéissante et les
3840 688 4157 828 (9.1.02.)
2797 809 4435 964 direktorial nahegekommen sind, was diesmal umso höher
2797 923 4524 1080 anzuschlagen ist, als Sie nicht nur gegen eignes, sondern
2803 1082 4399 1195 auch gegen das Mistrauen anderer zu kämpfen hatten.
2790 1177 4425 1317 Es ist mir stets eine wahre Freude mit Ihnen zu ver-
2797 1320 4433 1438 kehren-einem der wenigen Menschen, für den Meinungs-
2790 1427 4384 1565 verschiedenheit kein trennendes, sondern vielleicht
2803 1540 4377 1673 eher ein bindendes Element bedeutet. Dass aber das
2803 1665 4410 1788 Theater eine - wie nennt es Goethe nur -? ich glaube
2803 1803 4416 1895 eine immerhin sonderbare Institution sei,- eine sehr
2803 1921 4446 2014 problematische und beinah lächerl iche jedenfalls, war
2803 2046 4425 2165 auch diesmal zu sehn. Die Einmüthigkeit, mit der das
2810 2154 4487 2264 innerlich reichste der Stücke die „Lebendigen Stunden"
2803 2260 4522 2365 verurtheilt und die Einmüthigkeit, mit der das innerlich
2803 2357 4517 2495 ärmste, die Literatur, überschätzt werden sollte, hab ich
2803 2506 3599 2646 nicht vorausahnen können.
2816 2600 4509 2723 Ich hoffe Sie erholen sich in Heidelberg gut von aller
2803 2674 4360 2771 Besorglichkeit und Arbeit und erhalten aus Berlin
2803 2762 3763 2868 die schönsten Nachttelegramme.
3185 2777 3944 2902 Mit herzlichem Gruss Ihr
