2629 4103
1294 393 1417 546 17
1655 767 1915 920 5.10.96
353 895 1987 1026 nur die Sprache, auch die Haltung und den innerlichen
361 965 2038 1094 Oesterreicher? Hätte ich noch einen Schauspieler à la
353 1075 2063 1224 Jarno, so wäre ich gewiss zu jedem Experiment mit einem
361 1177 2057 1328 homo novus bereit, ich schwärme gar nicht dafür, die al-
372 1315 1983 1441 te Garde immer und um jeden Preis vorzuführen; aber
374 1441 2046 1564 gerade die, die im Schatten bei mir fechten, die Jungen
380 1547 2006 1674 und Neuen, muss ich doch besser kennen als irgend je-
374 1662 2061 1794 mand, und Sie dürfen mir glauben: kein Vogel ist darun-
382 1781 2025 1923 ter. Das Schicksal des Stückes aber wird nach meiner
391 1904 1964 2027 Ueberzeugung darstellerisch weder durch Vogel noch
389 1998 2085 2157 durch sonst eine der grossen Episoden bestimmt werden,
391 2136 2095 2257 sondern durch ein ganz gerundetes Ensemble: und um das
393 2255 1978 2386 wollen wir redlich uns mühen. Uebrigens macht sich
397 2374 2080 2503 Thielscher, der sich sehr glücklich an 2 Abenden einge-
397 2478 2044 2631 führt hat, als Director samos,er wird - verzeihen Sie
406 2592 1577 2726 dæ harte Wort - sensationell wirken.
710 2701 2048 2850 Nun werden Sie aber wohl gelesen haben, wie
1621 2784 1838 2862 setzen
412 2841 1972 2960 stark die „Morituri“ gewirkt haben: sie ein,
410 2952 1961 3122 wie ein ganz grosser Erfolg.Morgen,Dienstag,wird
