4908 4008
3876 350 4316 541 Votre très â¢
1815 354 2163 517 1.  14   1
3408 662 3626 790 29
3727 684 4211 814 Wien, 1.9.1902.
1492 746 1841 840 (16.2.02.)
2809 796 4396 893 Lieber Herr Brahm, Ihr letztes Freundliches enthält
262 873 1976 972 die Garlan). Des weitern wälze ich das moderne Saktige
2803 937 4473 1027 meist unwidersprechliches - nur muss ich wiederholen?
275 1003 1982 1135 Grau- und Schauspiel und ein recht phantastisches nicht
2803 1043 4455 1144 Ein Gelingen der M.V. beweist nahezu nichts für die
262 1118 1976 1208 modernes 3 oder 5 aktiges und auch - ich kann mir nicht
2803 1155 4464 1245 grösseren Chancen der Beatrice - Im übrigen hoff ich
275 1241 2015 1335 helfen - auch Einakter fallen mir ein. Kurz, alles fällt
2809 1296 4420 1382 Sie wirklich in den Oktobertagen zu sehen,-sind Sie
279 1353 1905 1417 mir ein,- nur nicht „das“ Lustspiel. Ich möcht ja so
2803 1406 4462 1511 des 10. für die M.V. schon ziemlich sicher? Da könnt
286 1485 1861 1560 gerne. Einen Titel hätt ich: „Es belustige sich die
2820 1514 4497 1602 ich mir mancherlei eintheilen. Am Ende bring ich Ihnen
279 1588 1993 1672 Lust". - Oder finden Sie das am Ende geschmacklos? Ich
2803 1648 4468 1731 schon das neue - soweit es eben fertig oder besser ge
279 1714 673 1791 hoffe nicht.
2803 1751 4486 1866 sagt, definitiv dal iegt. Ich gehe morgen auf eine klei-
279 1822 1580 1932 Was werden Sie als nächste Novität geben?
2803 1896 4402 1965 ne Reise, höchstens 8 Tage, und habe in der Radtasche
262 1954 2031 2031 Grüssen Sie Hirschfeld, ich sende ihm ein Augurenlächeln.
2803 2011 4462 2112 den angefangenen 4.Akt mit - was natürlich noch lange
645 2068 1115 2152 Herzlichst Ihr
2792 2127 4451 2213 nicht heisst, dass die drei ersten feststehn. Im übri-
2792 2259 4468 2372 gen bin ich sehr dabei, mit dem Herzen sehr und beinah
2779 2378 4413 2457 noch mehr (was Ihnen wahrscheinlich nicht recht ist)
2779 2486 4488 2587 mit dem Verstande, und rede mir manches von der Seele...
2779 2614 4468 2706 insbesondere viel gegen mich. Ich verurtheile mich ge-
2779 2719 4462 2814 wissermassen zum Tode - um mich ausserhalb des Stücks
2785 2834 4468 2937 um so sichrer begnadigen zu können. Ein Titel wird ge-
