5090 4088
978 681 1157 824 250
1819 709 2089 889 27.6.09.
393 849 1583 985 ten, um es wieder einmal vorzunehmen?
524 964 2006 1116 Es freut mich für Sie, dass die Directoren sich
393 1116 2046 1233 so in Ihrem Vorzimmer drängen. Den „Ruf“ zu reaotivi-
382 1208 2061 1348 ren, würde mich freuen, und es wär wohl auch im Bereich
380 1335 2027 1465 einer ferneren Möglichkeit, zumal wenn die Wiener Auf-
382 1462 2021 1573 führung die Puager Meldungen bestätigen wird; wollen
376 1571 2063 1692 Sie dennoch jetzt darüber für's Schiller-Th. verfügen,
369 1694 2016 1838 so möcht ich Ihnen nicht in den Arm fallen; es lies-
367 1774 1972 1929 se sich auch denken, dass eine günstige Aufnahme vor
357 1940 2040 2065 dem unbefangenen Publikum da draussen für uns den Weg
369 2052 2044 2180 ebnete: nach Schillern lessing.- Was „Mizzi“ betrifft,
365 2171 1978 2267 so mach ich Ihnen den Vorschlag, sie mit Bahr's „Kon-
352 2280 2033 2428 zert" zusammen zu geben, als welches ich angenommen ha-
340 2392 2044 2555 be. Es erschien mir in Wien, als ich es zuerst las (und
337 2519 1938 2643 ich deutete Ihnen das durch sinistres Schweigen an,
335 2643 1970 2732 glaube ich) zu langgezogen und den Abend nicht „fül-
327 2749 1997 2859 lend"; nun bin ich aber auf die geniale Idee gekommen,
337 2865 2044 3016 es zu einem Strich- „Konzert“ zu machen, in d/rei knappen
3479 692 3640 817 250
4194 726 4495 849 27.6.09.
2880 857 4555 1010 Akten, und da wird es gut, fein, lustig wirken. Bahr hat
2887 961 4542 1129 zugestimmt, und würde auch Mizzi mit grossem Vergnügen
2887 1068 4544 1246 sich verbunden sehen? nicht nur die Not schafft selt-
2899 1208 4576 1363 same Schlafgesellen, hören Se, sehen Se, sondern auch die
2880 1310 4461 1482 Sympathie; und wenn Sie also einverstanden sind, so
2887 1424 4536 1596 kann das Heil seinen Lauf nehmen, so um die Jchreswen-
2880 1581 3317 1728 de, denke ich.
3037 1662 4521 1825 Ich freue mich schon sehr darauf, bald das Stück
2878 1777 4512 1959 vom tölser Weiher zu bekommen, und so den Sommer, wenn
2867 1902 4512 2074 nicht mit Ihnen leider, so doch mit Ihren Kindern mir
2887 2052 4483 2184 angenehm zu bevölkern. Inzwischen, mit allen Grüssen
2874 2165 4094 2318 der Freundschaft für Sie drei bis vier
4220 2218 4423 2345 :  dien
4177 2335 4377 2462 O.B.
2867 2456 4468 2592 Danke schön für den anschaulichen Bericht über den
2874 2534 4449 2710 „Toten“-Abend, der mich meinen [Ex No]dus fast bereuen
2884 2685 3097 2825 lässt.
