<?xml version="1.0" encoding="UTF-8" standalone="yes"?>
<PcGts xmlns="http://schema.primaresearch.org/PAGE/gts/pagecontent/2013-07-15" xmlns:xsi="http://www.w3.org/2001/XMLSchema-instance" xsi:schemaLocation="http://schema.primaresearch.org/PAGE/gts/pagecontent/2013-07-15 http://schema.primaresearch.org/PAGE/gts/pagecontent/2013-07-15/pagecontent.xsd">
    <Metadata>
        <Creator>prov=READ-COOP:name=TrHtr:version=2.1.0:model_id=51170:date=26_07_2023_02:01</Creator>
        <Created>2023-05-02T07:45:15.315+02:00</Created>
        <LastChange>2023-07-26T02:01:34.899+02:00</LastChange>
        <TranskribusMetadata docId="1416706" pageId="54951468" pageNr="277" tsid="130871255" status="IN_PROGRESS" userId="64420" imgUrl="https://files.transkribus.eu/Get?id=IBXJDJADCIGICNDVPNWMWFJO&amp;fileType=view" xmlUrl="https://files.transkribus.eu/Get?id=ZLVJXUMYGZHORDBNKYJLHLYS" imageId="44455194"/>
    </Metadata>
    <Page imageFilename="1416706_0277.jpg" imageWidth="5041" imageHeight="4088">
        <ReadingOrder>
            <OrderedGroup id="ro_1711829430359" caption="Regions reading order">
                <RegionRefIndexed index="0" regionRef="tr_2"/>
                <RegionRefIndexed index="1" regionRef="tr_1"/>
            </OrderedGroup>
        </ReadingOrder>
        <TextRegion id="tr_2" custom="readingOrder {index:0;}">
            <Coords points="400,794 2199,794 2199,1372 400,1372"/>
            <TextLine id="tr_2_tl_1" custom="readingOrder {index:0;}">
                <Coords points="1165,878 1247,917 1332,907 1446,967 1539,942 1596,894 1783,880 1870,905 1870,848 1756,800 1466,844 1252,759 1165,771"/>
                <Baseline points="1177,844 1255,890 1344,890 1434,890 1524,890 1613,884 1703,884 1792,878 1876,878"/>
                <TextEquiv>
                    <Unicode>Karlsbad, 24.6.1910.</Unicode>
                </TextEquiv>
            </TextLine>
            <TextLine id="tr_2_tl_2" custom="readingOrder {index:1;}">
                <Coords points="385,1088 901,1037 1544,1078 1717,1010 2054,1019 2059,907 390,996"/>
                <Baseline points="400,1045 448,1051 537,1045 627,1045 717,1039 806,1039 896,1033 986,1027 1075,1027 1165,1027 1255,1022 1344,1016 1434,1016 1524,1010 1613,1010 1703,998 1792,992 1882,992 1972,986 2061,992"/>
                <TextEquiv>
                    <Unicode>Lieber Freund, ich komme schon am pienstag Nachmittag</Unicode>
                </TextEquiv>
            </TextLine>
            <TextLine id="tr_2_tl_3" custom="readingOrder {index:2;}">
                <Coords points="394,1181 1648,1199 1829,1110 2196,1119 2200,1024 1803,1001 1129,1106 705,1060 394,1131"/>
                <Baseline points="406,1171 496,1165 585,1165 675,1159 765,1153 854,1153 944,1147 1033,1147 1123,1141 1213,1135 1302,1135 1392,1129 1482,1129 1571,1123 1661,1129 1751,1117 1840,1111 1930,1105 2020,1105 2109,1099 2199,1105"/>
                <TextEquiv>
                    <Unicode>und werde Sie, wenn Ihnen recht ist, so gegen 7 aufsuchen.</Unicode>
                </TextEquiv>
            </TextLine>
            <TextLine id="tr_2_tl_4" custom="readingOrder {index:3;}">
                <Coords points="803,1306 869,1325 978,1275 1019,1288 1049,1272 1172,1302 1233,1279 1311,1293 1313,1211 1277,1195 1104,1215 964,1206 912,1227 885,1204 807,1218"/>
                <Baseline points="818,1273 872,1267 962,1267 1051,1261 1141,1261 1231,1255 1320,1243"/>
                <TextEquiv>
                    <Unicode>Herzliche Grüsse</Unicode>
                </TextEquiv>
            </TextLine>
            <TextLine id="tr_2_tl_5" custom="readingOrder {index:4;}">
                <Coords points="1329,1341 1363,1347 1391,1327 1400,1332 1409,1325 1416,1332 1455,1318 1498,1336 1516,1332 1521,1245 1496,1238 1471,1215 1434,1222 1404,1192 1382,1192 1359,1208 1338,1211"/>
                <Baseline points="1344,1314 1434,1308 1524,1302"/>
                <TextEquiv>
                    <Unicode>Ihres</Unicode>
                </TextEquiv>
            </TextLine>
            <TextLine id="tr_2_tl_6" custom="readingOrder {index:5;}">
                <Coords points="1507,1441 1544,1452 1578,1427 1607,1446 1617,1439 1644,1448 1653,1439 1687,1439 1685,1320 1648,1318 1630,1302 1621,1311 1589,1297 1578,1302 1562,1288 1505,1306"/>
                <Baseline points="1518,1356 1607,1356 1691,1362"/>
                <TextEquiv>
                    <Unicode>O.B.</Unicode>
                </TextEquiv>
            </TextLine>
        </TextRegion>
        <TextRegion id="tr_1" custom="readingOrder {index:1;}">
            <Coords points="2976,709 4811,709 4811,2944 2976,2944"/>
            <TextLine id="tr_1_tl_1" custom="readingOrder {index:0;}">
                <Coords points="3830,793 3883,784 3928,798 3965,782 4047,777 4072,796 4104,773 4166,787 4166,584 4109,586 4090,602 4070,586 4004,620 3919,641 3869,622 3830,629"/>
                <Baseline points="3842,759 3932,759 4022,759 4111,759 4171,759"/>
                <TextEquiv>
                    <Unicode>Von</Unicode>
                </TextEquiv>
            </TextLine>
            <TextLine id="tr_1_tl_2" custom="readingOrder {index:1;}">
                <Coords points="3862,953 4054,996 4115,971 4166,1001 4266,971 4373,992 4407,971 4451,996 4485,964 4533,962 4528,853 4455,860 4423,889 4350,871 4314,896 4170,862 4129,896 4077,860 3999,876 3858,839"/>
                <Baseline points="3872,926 3962,932 4052,932 4141,938 4231,944 4321,950 4410,950 4500,950 4536,956"/>
                <TextEquiv>
                    <Unicode>Semmering, 29.6.1910.</Unicode>
                </TextEquiv>
            </TextLine>
            <TextLine id="tr_1_tl_3" custom="readingOrder {index:2;}">
                <Coords points="3035,1026 3602,1040 3751,1104 4763,1106 4761,1005 4610,974 4154,1021 3032,964"/>
                <Baseline points="3048,1016 3137,1016 3227,1022 3317,1027 3406,1027 3496,1033 3585,1033 3675,1033 3765,1045 3854,1045 3944,1045 4034,1051 4123,1057 4213,1057 4303,1063 4392,1063 4482,1069 4572,1069 4661,1075 4751,1075 4769,1081"/>
                <TextEquiv>
                    <Unicode>Lieber Freund, ich drücke Ihrer Frau und Ihnen noch mein</Unicode>
                </TextEquiv>
            </TextLine>
            <TextLine id="tr_1_tl_4" custom="readingOrder {index:3;}">
                <Coords points="3365,1101 3427,1094 3454,1108 3463,1097 3475,1106 3527,1099 3568,1115 3600,1101 3618,1115 3648,1099 3646,1049 3602,1040 3559,1049 3520,1044 3495,1056 3484,1044 3363,1049"/>
                <Baseline points="3376,1087 3466,1087 3556,1087 3645,1099 3651,1099"/>
                <TextEquiv>
                    <Unicode>Bedauern.</Unicode>
                </TextEquiv>
            </TextLine>
            <TextLine id="tr_1_tl_5" custom="readingOrder {index:4;}">
                <Coords points="3030,1156 3381,1151 3525,1231 4307,1186 4720,1233 4715,1135 4647,1106 4061,1138 3028,1067"/>
                <Baseline points="3042,1135 3131,1135 3221,1141 3311,1141 3400,1147 3490,1153 3579,1153 3669,1159 3759,1159 3848,1165 3938,1165 4028,1165 4117,1171 4207,1177 4297,1177 4386,1177 4476,1183 4566,1189 4655,1189 4721,1195"/>
                <TextEquiv>
                    <Unicode>herzliches xxxx aus, dass ich gestern nicht kommen</Unicode>
                </TextEquiv>
            </TextLine>
            <TextLine id="tr_1_tl_6" custom="readingOrder {index:5;}">
                <Coords points="3023,1275 3370,1268 3614,1341 4407,1306 4754,1350 4749,1245 4601,1224 3279,1231 3021,1163"/>
                <Baseline points="3036,1249 3125,1255 3215,1261 3305,1261 3394,1267 3484,1267 3574,1273 3663,1273 3753,1278 3842,1278 3932,1284 4022,1284 4111,1290 4201,1290 4291,1296 4380,1296 4470,1302 4560,1302 4649,1308 4739,1308 4757,1308"/>
                <TextEquiv>
                    <Unicode>konnte; so werde ich wohl um den Abschied von der Spöt-</Unicode>
                </TextEquiv>
            </TextLine>
            <TextLine id="tr_1_tl_7" custom="readingOrder {index:6;}">
                <Coords points="3023,1386 3719,1459 4752,1439 4747,1352 4685,1334 4120,1375 3021,1275"/>
                <Baseline points="3036,1362 3125,1368 3215,1374 3305,1374 3394,1380 3484,1380 3574,1380 3663,1386 3753,1392 3842,1398 3932,1398 4022,1404 4111,1404 4201,1410 4291,1416 4380,1416 4470,1416 4560,1422 4649,1428 4739,1428 4757,1428"/>
                <TextEquiv>
                    <Unicode>telgasse kommen? - Ich bekam eine heftige Erkältung mit</Unicode>
                </TextEquiv>
            </TextLine>
            <TextLine id="tr_1_tl_8" custom="readingOrder {index:7;}">
                <Coords points="3026,1505 3557,1503 3723,1578 4136,1534 4763,1578 4761,1493 4672,1464 3288,1468 3021,1409"/>
                <Baseline points="3036,1482 3125,1488 3215,1488 3305,1494 3394,1494 3484,1500 3574,1500 3663,1506 3753,1512 3842,1512 3932,1518 4022,1518 4111,1524 4201,1530 4291,1530 4380,1535 4470,1535 4560,1541 4649,1541 4739,1547 4769,1541"/>
                <TextEquiv>
                    <Unicode>Diarrhoe, erhöhter Temperatur, kurz: ein eckckelhafter Zu-</Unicode>
                </TextEquiv>
            </TextLine>
            <TextLine id="tr_1_tl_9" custom="readingOrder {index:8;}">
                <Coords points="3016,1607 3584,1628 3682,1696 4179,1653 4717,1696 4715,1607 4624,1580 3014,1528"/>
                <Baseline points="3030,1601 3119,1595 3209,1607 3299,1607 3388,1613 3478,1613 3568,1619 3657,1625 3747,1625 3836,1631 3926,1631 4016,1637 4105,1637 4195,1643 4285,1643 4374,1649 4464,1655 4554,1655 4643,1661 4721,1661"/>
                <TextEquiv>
                    <Unicode>stand, und der Arzt gab mir die glaub ich vernünftige te</Unicode>
                </TextEquiv>
            </TextLine>
            <TextLine id="tr_1_tl_10" custom="readingOrder {index:9;}">
                <Coords points="2966,1767 3393,1733 3906,1819 4042,1774 4667,1797 4640,1703 3265,1701 2962,1617"/>
                <Baseline points="2976,1715 3066,1715 3155,1721 3245,1727 3334,1727 3424,1733 3514,1733 3603,1739 3693,1739 3783,1745 3872,1751 3962,1751 4052,1751 4141,1757 4231,1763 4321,1763 4410,1769 4500,1775 4590,1775 4673,1792"/>
                <TextEquiv>
                    <Unicode>Weisung, gleich mit Schlafwagen hierher durchzufahren,</Unicode>
                </TextEquiv>
            </TextLine>
            <TextLine id="tr_1_tl_11" custom="readingOrder {index:10;}">
                <Coords points="3007,1849 3559,1854 3849,1940 3926,1890 4747,1915 4740,1803 3710,1831 3003,1756"/>
                <Baseline points="3018,1834 3107,1834 3197,1834 3287,1840 3376,1846 3466,1846 3556,1852 3645,1858 3735,1858 3825,1864 3914,1870 4004,1870 4093,1876 4183,1882 4273,1882 4362,1888 4452,1888 4542,1894 4631,1894 4721,1906 4751,1906"/>
                <TextEquiv>
                    <Unicode>wo ich wieder den Arzt etc. hätte. Da bin ich denn recht</Unicode>
                </TextEquiv>
            </TextLine>
            <TextLine id="tr_1_tl_12" custom="readingOrder {index:11;}">
                <Coords points="3007,1990 4697,2034 4676,1911 3568,1938 3000,1854"/>
                <Baseline points="3018,1954 3107,1954 3197,1954 3287,1960 3376,1972 3466,1972 3556,1972 3645,1978 3735,1978 3825,1984 3914,1984 4004,1996 4093,1996 4183,1996 4273,2002 4362,2002 4452,2008 4542,2014 4631,2014 4703,2020"/>
                <TextEquiv>
                    <Unicode>wegemüde angekommen, aber der eigentliche „Zustand" ist</Unicode>
                </TextEquiv>
            </TextLine>
            <TextLine id="tr_1_tl_13" custom="readingOrder {index:12;}">
                <Coords points="2987,2079 3356,2093 3507,2173 4129,2123 4692,2152 4667,2027 4134,2073 3415,2054 3270,1968 2985,1995"/>
                <Baseline points="3000,2067 3089,2067 3179,2073 3269,2079 3358,2079 3448,2085 3538,2091 3627,2097 3717,2097 3807,2103 3896,2103 3986,2109 4076,2109 4165,2115 4255,2121 4344,2121 4434,2127 4524,2127 4613,2133 4697,2139"/>
                <TextEquiv>
                    <Unicode>schon vorüber, und ich beabsichtige baldigst wieder ein</Unicode>
                </TextEquiv>
            </TextLine>
            <TextLine id="tr_1_tl_14" custom="readingOrder {index:13;}">
                <Coords points="2978,2225 3026,2225 3062,2191 3194,2202 3233,2234 3541,2214 3614,2248 3650,2223 3730,2228 3728,2148 3641,2171 3333,2143 3260,2161 3005,2077 2971,2088"/>
                <Baseline points="2988,2187 3077,2187 3167,2193 3257,2193 3346,2199 3436,2205 3526,2205 3615,2211 3705,2217 3735,2217"/>
                <TextEquiv>
                    <Unicode>Normalmensch zu werden.</Unicode>
                </TextEquiv>
            </TextLine>
            <TextLine id="tr_1_tl_15" custom="readingOrder {index:14;}">
                <Coords points="2975,2316 3867,2396 3963,2344 4521,2403 4708,2364 4706,2307 4610,2280 4396,2316 3741,2232 3479,2282 2971,2221"/>
                <Baseline points="2988,2306 3077,2306 3167,2312 3257,2312 3346,2318 3436,2318 3526,2324 3615,2330 3705,2330 3795,2336 3884,2336 3974,2336 4064,2342 4153,2342 4243,2348 4333,2354 4422,2360 4512,2360 4601,2360 4691,2360 4715,2366"/>
                <TextEquiv>
                    <Unicode>Wenn Sie - nächstens, hoff ich - heraufkommen, melden Sie</Unicode>
                </TextEquiv>
            </TextLine>
            <TextLine id="tr_1_tl_16" custom="readingOrder {index:15;}">
                <Coords points="2964,2465 4679,2492 4658,2417 4138,2415 3972,2346 3851,2396 3769,2355 3582,2399 3482,2344 2962,2383"/>
                <Baseline points="2976,2426 3066,2426 3155,2432 3245,2432 3334,2438 3424,2438 3514,2444 3603,2444 3693,2450 3783,2450 3872,2456 3962,2462 4052,2462 4141,2462 4231,2462 4321,2468 4410,2468 4500,2474 4590,2474 4679,2486 4685,2486"/>
                <TextEquiv>
                    <Unicode>sich doch einen Tag vorher bitte, damit ich mich nochmal</Unicode>
                </TextEquiv>
            </TextLine>
            <TextLine id="tr_1_tl_17" custom="readingOrder {index:16;}">
                <Coords points="2975,2570 4806,2615 4804,2529 4736,2499 4653,2547 4555,2497 3639,2524 2973,2462"/>
                <Baseline points="2988,2540 3077,2540 3167,2546 3257,2552 3346,2552 3436,2552 3526,2557 3615,2557 3705,2557 3795,2563 3884,2569 3974,2569 4064,2569 4153,2569 4243,2575 4333,2575 4422,2581 4512,2581 4601,2587 4691,2587 4781,2593 4811,2587"/>
                <TextEquiv>
                    <Unicode>mit dem „v.L." vorher beschäftigen kann? denn das ist ein-</Unicode>
                </TextEquiv>
            </TextLine>
            <TextLine id="tr_1_tl_18" custom="readingOrder {index:17;}">
                <Coords points="2969,2695 3217,2674 3356,2725 3605,2681 3778,2713 4011,2697 4008,2620 3960,2608 3919,2643 3441,2599 3124,2629 2966,2604"/>
                <Baseline points="2982,2671 3071,2665 3161,2665 3251,2665 3340,2665 3430,2665 3520,2671 3609,2677 3699,2677 3789,2677 3878,2683 3968,2689 4016,2695"/>
                <TextEquiv>
                    <Unicode>-zu weites Feld" (sagt Fontane).</Unicode>
                </TextEquiv>
            </TextLine>
            <TextLine id="tr_1_tl_19" custom="readingOrder {index:18;}">
                <Coords points="3395,2807 3431,2798 3450,2809 3463,2798 3527,2793 3573,2823 3612,2814 3646,2848 3689,2850 3687,2722 3643,2736 3614,2722 3575,2741 3529,2727 3502,2743 3468,2722 3393,2713"/>
                <Baseline points="3406,2785 3496,2791 3585,2797 3675,2791 3693,2797"/>
                <TextEquiv>
                    <Unicode>Herzlich</Unicode>
                </TextEquiv>
            </TextLine>
            <TextLine id="tr_1_tl_20" custom="readingOrder {index:19;}">
                <Coords points="3780,2953 3796,2950 3810,2957 3835,2937 3871,2941 3906,2959 3928,2943 3935,2950 3949,2948 3938,2843 3912,2848 3894,2841 3885,2850 3851,2845 3844,2855 3828,2850 3819,2861 3792,2859 3785,2868 3771,2868"/>
                <Baseline points="3789,2916 3878,2922 3950,2934"/>
                <TextEquiv>
                    <Unicode>O.B.</Unicode>
                </TextEquiv>
            </TextLine>
        </TextRegion>
    </Page>
</PcGts>
