4923 4023
1549 807 1865 937 (5.8.05.)
368 907 2112 1097 dass ich zum mindesten schon den „guten Platz“ zu hab en
379 1084 656 1203 glaubte?
394 1184 1978 1307 -Am Drana bin ich seit gestern wieder fleissig; die
394 1298 2086 1424 gute Stunde ist noch nicht da, aber meine Ueberzeugung,
411 1406 2082 1549 dass die Hauptrolle sich für die Höflich unsagbar eig-
396 1551 1984 1673 net, sowie das s die Vertheilung in der von mir ur-
418 1644 2110 1794 sprünglich beabsichtigten Art die gewiss richtige wäre,
405 1772 2036 1913 hat sich noch befestigt. Nun, wir werden keinen Rich-
415 1904 2066 2006 ter brauchen. Die Komödie ist gestern zum Druck abge-
415 2023 2133 2155 gangen. Noch nemenlos. „Caecilie Adams“ wäre vielleicht
424 2142 2084 2239 das einfachste. Hoffentlich sind Sie schon ganz wohl.
435 2257 1787 2369 Ihnen und dem werthen Bruder schönen Gruss.
796 2378 1261 2497 Herzlichst Ihr
1229 2497 1422 2609 A.S.
3365 699 3575 816 46
3687 692 4204 816 Wien, 13.8.1905.
2845 807 4507 926 Lieber Freund, gestern habe ich einigen Freunden mein
2852 939 4470 1065 beiden Stücke vorgelesen. Die Komödie dem Hugo und
2858 1067 4494 1177 Herrn Leo Vanjung. Ich will nicht verhehlen, dass sie
2858 1181 4447 1274 ausnehmend gut gefiel. Dann den gleichen Herrn und
2854 1298 4531 1426 überdies Herrn Schwarzkopf (der die Komödie schon kan-
2865 1404 4434 1551 te) das andere Stück. Die zwei ersten Akte wirkten
2865 1534 4470 1664 stark, der dritte ist zu ändern, wie ich schon vorher
2858 1657 4572 1787 vermuthet hatte,-wohl vollkommen umzuarbeiten. Darüber,
2865 1783 4496 1880 dass sich dieses zweite Stück mehr für Reinhardt, das
2858 1904 4537 2010 erste für Brahm eignete, herrschte eine nicht zu schil-
2876 2004 4531 2118 dernde Einstimmigkeit. Sagen Sie mir freundlichst, wie
2854 2131 4524 2233 lange Sie noch in Marienbad bleiben; ich möchte Ihnen
2854 2263 4466 2367 die gelungen ersten zwei Akte zusenden; ich zweifle
2858 2354 4496 2469 nicht, dass Sie nach der Lectüse auch unserer Ansicht
2854 2488 4542 2612 sein werden. Den dritten lass ich vorläufig nicht ein-
2854 2605 4501 2731 mal typieren »), ich muss mich vor allem von gewissen
2858 2744 4533 2822 vorgefassten Meinungen über den Weg, den die Gestalten
2858 2806 4561 2936 *) ich hatt ihn hier wieder ganz neu geschrieben, da di
2854 2921 3994 3018 erste Fassung ganz unverwendbar ist,
