2504 4103
1355 394 1472 536 "    "
1093 800 1197 906 21
1637 813 1919 967 13.5.97.
372 941 2142 1075 Pfade sich sonst begegneten, so wäre das freilich hübsch.
394 1086 2078 1205 Ich bin ja auch voriges Jahr nicht mit Ihnen ans Nord-
392 1225 820 1338 cap gefahren.
701 1294 1942 1437 Wegen einer Solmzaccio -Uebersetzung
399 1421 2105 1569 bin ich Ihnen auch noch Antwort schuldig. Es ist inzwi-
403 1543 2023 1662 schen eine bei uns eingelaufen und abgelehnt worden-
410 1653 2047 1789 ist das die Ihres Proteges? Ich gla ube kaum, dass das
414 1778 2021 1917 Stück bei uns Chance hätte; aber wenn die Sache für
421 1897 2111 2019 Ihren vnbekannten noch nicht erledigt ist - einreichen
423 2003 1640 2131 kann er ja immer, das ist Menschenrecht.
732 2107 2072 2246 Nun leben Sie recht wohl,grüssen Sie Ihren
430 2232 2008 2376 wohlbeleibten Freund Herrn Goldmann und schreiben
430 2336 2127 2495 Sie mir, auch ohne Katarrh,in absehbarer Zeit was Gutes
439 2442 2144 2600 und Glück liches (beinah hätte ich gesagt: Stückliches).
1146 2596 1269 2708 Ihr
1371 2642 1523 2781 O.B.
