4914 4167
1514 836 1875 1000 ( 4.1.98.)
383 993 2104 1105 was besser sein könnte - sogar wenn ich selber versuch-
387 1113 1978 1229 te, es besser zu machen. Einiges habe ich geändert -
394 1225 2032 1354 so wie es sein soll, ist es nicht geworden,- und wird
387 1341 2056 1481 es wohl nie wi werden; da gewisse Mängel doch gar zu
398 1481 2006 1614 tief in meiner Natur zu stecken scheinen. Ich wollte
394 1597 2039 1708 ich hätte etwas weniger Einsicht und etwas oder auch
383 1702 2082 1831 viel mehr Talent; das wär gut für meine Stücke und noch
394 1818 2082 1942 besser für meine Stimmung.- Der Titel steht noch nicht
394 1923 2072 2078 fest. „Das Kind“ ist zu nichtssagend, „das Vermächtnis"
394 2056 2098 2190 zu banal, jetzt halt ich bei dem Titel „In der Familie?-
602 2185 2043 2290 Sie werden sich vielleicht wundern, dass Burck-
387 2286 2085 2426 hard noch Stücke annimmt. Vielleicht wissen Sie, wie es
385 2404 1999 2562 mit der Direktionskrise am Burgtheater steht - hier
387 2535 2041 2656 weiss es niemand. Schlenther wär ja sehr schön - aber
387 2651 2041 2796 von den andern ist mir - trotz allem! - Burckhard der
387 2758 2061 2914 weitaus liebste, vorausgesetzt, dass er sein Verhältnis
383 2918 2006 3056 zu Bahr lösen könnte. Wenn er einen andern gefunden
3946 838 4263 971 (4.1.98.)
2824 987 4526 1142 hätte, als den, wär viel aus ihm zu machen gewesen. Sie
2842 1107 4598 1208 werden mir allerdings erwidern: dass ist ja sein Fehler,
2846 1216 4513 1341 dass er gerade den gefunden hat.- Heute haben wir das
2846 1332 4513 1472 „Freiwild" an Carltheater besetzt, das kommt Ende Jän-
2846 1496 3168 1621 ner dran.
2842 1579 4504 1704 Brandes kommt auf der Durchreise nach dem Stiden nach
2833 1693 4528 1838 Wien; ich nehme an, er hält sich auch in Berlin auf; fah-
2852 1794 4587 1936 ren Sie gleich mit ihm zu uns. Sie waren so wie so schon
2859 1942 4557 2082 viel zu lang nicht da. Sonst hätten Sie nicht den Kaise
2866 2032 4587 2174 und die Hex so schnöde abweisen können. Ist das die Art
2859 2179 4467 2314 mit Hexen umzugehen?- Nach dem Johannes werden Sie
2857 2282 3778 2430 sich ja wohl ausruhen können.
2866 2400 4535 2551 Wie stehts denn mit der Sorma? Ist das wahr, dass Sie
2857 2492 4574 2662 sie ganz verlieren?-Bitte grüssen Sie Georg Hirschfeld
2866 2636 4605 2776 vielmals-wie gehts seiner neuen Arbeit?ist er in Berlin
2859 2750 3417 2912 oder in München? -
3152 2774 3907 2916 Viele herzliche Grüsse!
3364 2894 3714 3032 Ihr treuer
3664 2925 3835 3058 A.S.
