5060 4105
1373 773 2083 916 Heidelberg, 11.1.1902.
942 910 1679 1041 Lieber Herr Schnitzler,
501 1024 2161 1163 Ihre beiden Briefe vom 9.und 10.habe ich dankend er-
518 1152 2225 1285 halten und bitte also, die Wiener Aufführung der Lebend.
518 1274 2161 1379 Stunden durch uns, als abgemacht zu betrachten. Fils
525 1400 2118 1525 Sie über die 1500 M. schon jetzt verfügen wollen, so
514 1512 2178 1642 stehen sie zu Ihrer Disposition. Ich habe bereits we-
514 1621 2064 1752 gen neuen Verhandlungen mit Wien Auftrag gegegben
514 1734 2231 1854 und werde nach meiner Rückkehr - Mittwoch oder Donners-
514 1859 1867 1989 tag Früh - die Sache zum Abschluss bringen.
501 1964 2201 2103 Kakadu lassen wir Ihrem wunsche gemäss in der Schwebe;
518 2073 2148 2227 meine Bereitschaft, ihn auch in Wien zu geben, besteht
501 2212 689 2287 fort.
501 2334 2195 2465 Ich habe die Dienstags-Vorstellung der Leb.St.gesehen,
501 2460 2190 2587 der Besuch war mittelgut (1900) aber die Aufnahme bes-
514 2572 2113 2711 ser als am Sonntag, so dass ich das angenehme Gefühl
501 2683 2073 2807 erhielt: det Jeschäft is richtig. Dies bestätigte
507 2811 2165 2942 die Donnerstasseinnahme, die (incl.Abonnement v.M.400)
488 2927 2195 3049 2900 betrug. Und morgen, Sonntag,wird an radikaler Aus-
4272 799 4529 916 xxxxxx
4282 904 4542 985 11.1.02.
3006 934 4634 1056 verkauftheit kaum etwas fehlen. Ich habe deshalb im
3004 1053 4554 1195 neuen spielplan die vortrefflichen vier Stückerln
3023 1176 4681 1289 fünfmal angesetzt.- Ihr Urtheil über die arme „Litte-
3017 1285 4721 1418 ratur" kann ich freilich nicht ratificiren; aber an den
3036 1396 4741 1537 „Lebendigen Stunden“, als nicht nur zeitlich erster Num-
3019 1516 4721 1647 mer,halte auch ich gern fest. Sie wirkten auch bei der
3030 1627 4683 1756 Wiederholung entschieden besser, als in der Unruhe der
3019 1779 3323 1895 Première.
3036 1844 4698 2015 Für Ihre guten und freundschaftlichen Worte danke ich
3043 1991 4638 2103 Ihnen herzlich. Ich darf für mich vielleicht in der
3028 2105 4679 2238 That eine gewisse liberalität in Anspruch nehmen und
3030 2244 4674 2364 acceptiere auch deshalb Ihre Quittung gern,weil die
3030 2355 4672 2473 meisten Menschen mich im Verdacht des Gegentheils ha-
3036 2471 4655 2572 ben. Ich meine aber, dass an der Stelle, wo ich stehe,
3036 2593 4632 2696 es Pflicht ist, denjenigen, von denen man etwas hält,
3036 2698 4743 2811 in möglichst freier und vollkommener Weise das Wort zu
3043 2837 4683 2949 lassen, auch dann, wenn man ihrem Vorhaben zweifelnd +
