5008 4136
1031 826 1835 933 Berlin, 23.Dezember 1901.
699 969 1545 1043 Herrn Dr.Arthur Schnitzler
1509 996 2070 1139 Wien IX.Frankg.1.
739 1134 1375 1248 Lieber Herr Doctor!
422 1244 2020 1348 Wir können es Ihnen nicht verdenken, dass Sie wegen
440 1360 2018 1476 der einmaligen Probe nicht die beschwerliche Reise
440 1482 2096 1607 machen wollen, werden aber doch die Probe heute im Ko-
422 1592 2054 1701 stiim und mit Beleuchtung abhalten und erwarten also
435 1721 2148 1833 gem Ihr Kommen für die nächste Woche. Wir möchten Sie
435 1828 2228 1938 aber doch dabei darauf aufmerksan machen, dass am Dienstag
433 1958 2125 2081 wegen des Sylversters und am Mittwoch, dem Neujahrstag,
435 2067 2172 2179 keine Proben sta tfinden. Vielleicht erscheint es Ihnen
435 2212 2112 2315 deshalb rathsamer, schon zum nächsten Sonnabend herzu-
440 2313 2092 2420 kommen. Für die „Frau mit dem Dolche“ halte auch ich
446 2429 1998 2529 eine besondere Bezeichnung für wünschenswerth, nur
446 2529 2143 2661 scheint mir in diesem Falle „Groteske“ nicht geeignet;
435 2675 2087 2755 ich fürchte, dass dadurch das Publikum noch mehr irre
435 2797 2157 2882 geführt werden dürfte. Ich möchte Sie daher bitten, bis
435 2920 2065 3018 Sie herkommen sich noch eine andere treffendere Be-
4146 795 4458 915 23.12.01.
2851 909 4510 1014 zeichnung auszudenken, damit wir sie dann rechtzeitig
2846 1000 4568 1148 in unseren Veröffentlichungen angeben können. Auch für
2869 1143 4416 1284 „Litteratur" würde mir eine besondere Bezeichnung
2858 1266 4561 1340 zweckmässig und hierfür „Groteske“ sehr verwendbar er-
2858 1382 4536 1480 scheinen; vielleicht finden Sie aber auch da noch et-
2858 1500 4447 1587 was Besseres. Endlich wäre es uns für „Die letzten
2873 1549 4550 1715 Masken“ lieb von Ihnen zu erfahren,welche Kleidung im
2858 1688 4561 1831 Wiener Krankenhaus die Patenten und die Wärter haben,
2864 1855 4519 1940 oder ob Sie wünschen, dass die Kleidung nach hiesigem
2869 1974 3731 2049 Gebrauch eingerichtet wird.
3335 2070 4452 2174 Mit bestem Gruss Ihr sehr ergebener
4039 2188 4210 2273 O.B.
