4873 4023
1134 801 1737 967 Berlin, 13.11.1905.
704 1053 1176 1193 Lieber Freund,
347 1158 1933 1321 wir haben heute die Proben zum Zwischenspiel wieder
347 1272 1926 1411 aufgenommen, hoffen das Stück am 25.herauszubringen
347 1415 1911 1533 und Sie vom 20.an bei den Proben zu sehen. (Am 22.
347 1514 1999 1654 fällt die Uebung aus, wegen der segensreichen Institu-
351 1626 2115 1788 tion des Busstag) - Den veränderten „Ruf“ senden Sie mir
349 1764 2018 1891 wohl bald, damit ich ihn theils selber lese, theils von
351 1904 1547 2040 dem zu erhoffenden Walser lesen lasse.
562 2007 2095 2161 Besten Dank für die Verewigung unserer Semmering-
371 2143 1110 2242 tage, die sehr ulkig ist.
566 2240 1641 2365 Ihre Frau kommt doch zur Première?
937 2363 1505 2499 Herzlich grüssend
1110 2496 1277 2580 O.B.
3282 774 4151 941 88 Berlin, 19.11.1905.
2703 1060 3778 1222 Herzlich willkommen, lieber Freund.
2931 1108 4412 1338 Fulda bittet Sie - er schrieb es wohl noch sel-
2727 1231 4473 1450 ber - mit Brandes und mir bei ihm zu frühstücken. Lützow
2718 1356 4374 1577 Ufer 13, um 12½; Sie sind jedenfalls auch später sehr
2731 1483 4456 1700 willkommen. - Sollte ich Sie bei F. nicht sehen, erwarte
2751 1588 4403 1805 ich Sie von 6 1/2 ab bei mir, ich habe nichts weiter vor.
3365 1724 3534 1810 u. St.
2738 1707 4368 1933 Einen Platz zu Stein ###heute Abend liess ich
2749 1926 3166 2031 zurücklegen.
3446 2062 3637 2165 O.B.
