4924 3994
1337 746 1874 851 Salzburg, 9.2.98.
3928 763 4245 899 (9.2.98.)
1115 838 1732 914 Oesterreicher-Hof.
1108 892 1819 997 Oesterreichischer Hof.
2816 905 4408 1019 schreiben. Vielleicht aber kann ich mindestens die
351 995 1959 1147 Lieber Herr Doktor, wie Sie merken, bin ich nicht in
2820 995 4489 1119 Szene Emma-Ferdinand im 2. Akt verstärken; es ist die
362 1110 2055 1252 Wien; ein heftiger Catarrh, Heiserkeit, allerlei nervös
2812 1130 4458 1250 Szene, die ich am öftesten geschrieben habe, immer mit
375 1228 2048 1381 und wohl nicht ausschliesslich nervöse Beschwerden ha-
2823 1245 4513 1376 dem deutlichen Gefühl, dass ich sie nicht zusammenbrin-
362 1328 2050 1503 ben mich zu einer Luftveränderung gedrängt, und so bin
2823 1374 4461 1503 ge. Möglicherweise finde ich auch noch für die Betty
375 1494 1989 1610 ich gestern Abend mit Beer-Hofmann hieher gefahren,
2836 1507 4482 1608 einiges, was ihre Schwäche im letzten Akt vorbereitet.
375 1592 2079 1736 wo ich bis Ende der Woche bleiben will. Meine Stimmung
2823 1584 4485 1721 Für alle Fälle habe ich das Stück mit mir hieher
373 1712 1961 1841 ist recht darnieder; die Gründe dazu sind gut oder
2823 1714 4546 1852 genommen und will sehn, was sich thun lässt. Mit Schlen-
375 1830 2035 1967 vielmehr schlecht genug; aber nicht davon wollte ich
2838 1856 4441 1974 ther hab ich neulich ge sprochen; er hatte das Stück
2836 1965 4450 2070 noch nicht gelesen, drückte aber seinen Vorsatz aus -
373 1978 914 2094 Ihnen schreiben.
380 2072 2044 2188 vor allem sage ich Ihnen, wie sehr mich Ihre im ganzen
2838 2087 4441 2227 für den Fall, dass er es überhaupt annähme - es als
382 2168 2055 2303 freundliche Meinung über mein Stück freut; - dass Sie
2829 2199 4478 2336 nächste Novität spielen zu lassen; ich erwarte seine
386 2288 2090 2423 mir mit der Aufzählung einzelner Schwächen nichts neu-
2833 2327 3523 2450 weiteren Nachrichten.
384 2426 2055 2548 es sagen, brauche ich Sie nicht zu versichern. Wichti-
2833 2397 4520 2548 Was nun Ihren Termin anbelangt, so ist es mir natürlich
1874 2491 2074 2570 besser
386 2546 2101 2668 ger ist, ob ich im Stande sein werde, alles zu verlassen.
2840 2570 4424 2674 viel lieber, wenn Sie ihn für eine gute Zeit in der
1826 2611 2055 2696 hinan
380 2676 2066 2825 Das eigentümlich gehaltene im Ton wird nicht hier an-
2836 2657 4504 2807 nächsten Saison festsetzen, als spät in dieser Saison;
386 2748 2044 2903 zubringen sein; dazu müsst ich wohl das ganze Stück
2833 2768 4472 2947 und keineswegs möchte ich, dass das Stück seine Erst-
386 2881 2138 3069 vergessen, es mir neu einfallen lassen und später nieder-
