5047 4072
1040 776 1267 939 276
1884 879 2148 984 4. 10.10.
465 935 2073 1117 auch nicht auf dem S. gepredigt hätte - und lassen
465 1065 2097 1228 Sie uns dann zu einem Definitivum kommen. - Für den
482 1190 2047 1353 Anatol hoffe ich im November oder den ersten Tagen
489 1308 2090 1468 des Dezember Platz zu finden, und dann stünden sich
465 1426 1970 1589 ja der alte und der junge Schn. nicht im Licht.
465 1546 2019 1706 Gratulire schönstens zur gesungenen Christine und
465 1672 2037 1841 danke sehr für Ihren Einsame Menschen-Glückwunsch.
452 1786 2097 1940 Wir haben damit in der Tat einen sehr schönen künst-
463 1904 2041 2032 lerischen und auch einen praktischen erfolg gehabt
472 2056 2090 2163 (11 Aufführungen 33000 M.). Jetzt blüht unser junger
459 2159 2084 2257 Wein, so dass ich einstweilen keinen Grund habe, Ihrer
459 2251 2088 2407 Prophezeiung zu widersprechen. (Der anne Georg wird
452 2371 1947 2510 hoffentlich keinen Polykrates-Ring darstellen).
442 2517 2049 2613 Monnard hat den Probst bei Björnson sehr hübsch ge-
459 2581 2060 2748 spielt, und auch Lob gepflückt. Freilich, vom Probst
427 2731 2077 2845 hat Hofreiter wenig! So wenige wie Rosenbaum vom Pro-
442 2864 1989 2984 pheten! Womit ich aber seine weite Land-Prognose
433 2952 2159 3132 nicht anfechten will, so wenig wie Ihre vom lessing-h!
3486 735 3670 864 276
4264 763 4551 894 4.l0.10.
2873 855 4380 1091 Ihre Münder mögen Honig reden, und die Wahrheit!
2896 990 4605 1190 Wenn es mir irgend möglich ist, komme ich zum Medardus,
2898 1134 4459 1301 und mit Freuden. Der Druck in der Neuen Rundschau
2920 1220 4493 1413 wirkt sehr gut; ich meine, das Gedruckte! Wie gehts
2898 1344 4577 1546 Frau Olga und den Kindern? Und dem nervösen Herrn Va-
2935 1466 4579 1661 ter? Kommen Sie nach Tegel, da herrscht eine geradezu
2937 1574 4590 1777 infame Ruhe; an den Semmering darf man freilich nicht
2935 1698 4560 1899 denken in dieser märkischen Melancholie, die man mit
2941 1796 4457 2019 Kleist nur „zum Erschiessen schön“ nennen kann.
3539 2002 3820 2139 Treulich
3880 2142 4071 2253 O.B.
2971 2234 4626 2407 Bei lessing hat D.w.L. einen durchschlagenden Erfolg
2980 2382 4354 2525 erzielt, und der ist ein typischer Berliner!
