4905 4008
514 663 2066 861 nen Anlass zu vermuten, dass das Deutsche Theater
537 784 2037 964 in Berlin seinen Autoren gegenüber andere Normen
559 896 1401 1057 aufzustellen nötig findet.
696 976 2060 1160 Nur in einem Falle könnte es erklärlich er-
578 1090 2020 1238 scheinen, wenn das Deutsche Theater für einen
537 1187 2095 1313 Einakter von mir 2 statt 3x bezahlen wollte. Venn
549 1273 2018 1406 man nämlich ein Stück dazugeben müsste, dessen
553 1385 2103 1542 Tantièmenforderung aus irgend einem Grunde die 7
580 1480 2043 1659 überstiege, die zur Ergänzung der üblichen 10
592 1585 2029 1740 in Voranschlag gebracht wurden. Ich glaube an-
590 1692 2095 1820 nehmen zu dürfen, dass dieser Fall diesmal nicht
574 1787 2023 1917 vorliegt und dass daher die Kosten der Abende,
592 1882 2117 2014 an welchen der "Fuppenspieler" aufgeführt werden
598 1988 2043 2111 sollte, durch die Ansprüche des Autors keines-
598 2105 2078 2241 wegs ungebührlich und ungewohnt in die Höhe ge-
603 2225 1092 2332 trieben verden.
716 2281 2101 2406 Dass mit diesen Bemerkungen und mit dem for-
574 2402 2095 2522 neren Bestehen auf meiner ursprünglichen Forder-
598 2516 2118 2613 ung nicht im mindesten eine künstlerische Vertung
574 2609 2072 2735 meines kleinen Stückes beabsichtigt ist, hoffe
572 2720 1762 2850 ich, nicht erst versichern zu müssen.
3228 772 4575 896 Aber um dem Verdachte ein für alle Mal vor-
3067 863 4588 999 zubeugen, als ob ich mich ohne innere Berechtig-
3067 984 4575 1088 ung und in schnöder Veise zu bereichern trachten
3065 1050 4559 1164 wollte, bestimme ich hiermit für den Fall einer
3073 1150 4534 1251 Einigung das strittige dritte Perzent zu einem
3067 1257 4551 1372 wohltätigen Zwecke und ersuche die verehrliche
3059 1379 4565 1496 Direktion, den betreffenden Betrag dem Pensions-
3065 1482 4551 1597 fond der Bühnengenossenschaft - selbstverständ-
3096 1577 4270 1732 lich als anonyme Spende - zuzufuhren.
3812 1709 4051 1915 ses
3218 1926 4543 2278 Hun, C. H. Hr. Seyl heiß.
3238 2219 3956 2380 Kals in Monsieur
3936 2338 4161 2584 F
