5037 4151
1641 446 1884 589 1,1
992 730 1161 911 130
1306 866 1920 986 Budap est, 29.4.1903.
875 1050 1605 1210 Lieber Herr Schnitzler,
427 1193 2095 1344 ich hoffe Freitag 9 Uhr 15 Abends in Wien anzukommen,
429 1304 2019 1445 gegessen habend. Wollen wir uns gegen 10 dann noch
429 1477 2087 1543 treffen? Natürlich nur, wenn Sie nichts anderes vorha-
429 1577 2036 1664 ben und nicht zu müde sind! Bitte schreiben Sie mir
418 1669 2087 1780 eine Zeile ins Imperial. Ich muss Samstag halb 3 Mit-
418 1809 2061 1897 tag nach Brünn fahren. Sollte ich Freitag nicht kom-
405 1914 1643 2021 men können, erhalten Sie noch Nachricht.
894 2044 1297 2153 Bestens Ihr
1274 2153 1440 2272 O.B.
3854 401 4366 608 Votre très â¢, nous
3514 734 3666 862 131
3907 757 4408 877 Brünn, 4.5.1903.
2910 962 4617 1069 Lieber Herr Schnitzler, ich fahre heute nach Berlin zu-
2910 1041 4558 1199 rück, wo ich hoffe,bald von Ihnen und der neuen Comö-
2923 1191 3817 1291 die zu hören. Hoch Goldmann!
3352 1272 3758 1413 Herzlich Ihr
3758 1419 3915 1521 O.B.
