5037 4023
1640 792 1928 939 12.1.06.
241 926 1868 1084 sprech en gekommen, ich hoffe, es geht am Montag.- Ich
237 1035 1941 1171 will zum 31.auf eine Neueinstudierung von „Rosmersholm“
237 1162 1908 1316 zuhalten, dann am 1.Febr. mit dem „Ruf“ beginnen.- Die
250 1265 1923 1415 Besetzung im Ganzen theile ich Ihnen noch rechtzeitig,
259 1430 1236 1544 vor Austheilung der Rollen,mit.
797 1524 1283 1665 Eilig treulich
1359 1752 1528 1888 O.B.
1044 2010 1410 2138 Feuer stellt
877 2483 1038 2579 Gt 9 im
3920 794 4494 993 Berlin, 20.1.1906.
3211 944 3682 1071 Lieber Freund,
2805 1069 4471 1214 danke sehr für Ihre Glückwünsche. Es war ein schöner
2816 1178 4529 1332 Abend, schön auch deshalb, weil das Publikum sich bewähr-
2834 1316 3851 1424 te. Die liebe Kritik freilich - -
3030 1441 4425 1553 Ich bin mehr für Katharina=Kraus als-Orloff,
2816 1542 4521 1662 aus den Gründen, die Sie mir so einleuchtend hier in B.
2834 1680 4418 1789 entwickelten! Die O. scheint mir 1-2 Jahre zu jung,
2827 1747 4496 1892 daran kann auch der gestrige Abend nichts ändern. Sie
2829 1888 4547 2006 ist ein Talent, dessen ich mich feue, und das ich gewiss
2838 2008 4547 2133 gern gleich wieder ins Feuer stellte, (das „Fünkchen") -
2827 2117 4561 2251 aber sie ist ausgesprochen 16jährig und muss erst in die
2829 2254 4503 2350 Abenteuer Katharinens hineinwachsen. Ob Frau K. nicht
2829 2365 4474 2492 etwas daraus herausgewachsen ist, bleibt freilich die
2827 2483 4447 2573 Frage; aber sie hat e inen schönen, sentimentalen Ton
2829 2597 4496 2702 und ist ganz unschiffisch sympathisch und charmevoll;
2840 2724 4460 2836 was ihr noch im Erfassen der Auggabe fehlt (die sie
2829 2829 4621 2939 kürzlich uns vorsprach) würde sie unter Ihrer und unserer
2834 2936 4509 3122 Meisterregie lernen können. Ich plädire also für sie,
