5037 4151
1378 415 1729 578 Monsieur
963 464 1308 617 1 1 12
1074 712 1261 838 320
1542 759 2107 916 Berlin, 1.10.1912.
912 912 1369 1040 Lieber Freund,
442 1016 2073 1180 es freut mich, objektiv und subjektv,dass das Volks-
453 1167 2045 1284 theater sich so verhält, wie ich es voraussagte; nur
451 1233 2135 1414 wünsche ich noch, als Prophet dazustehen in der Consur-
453 1369 2090 1527 frage (die für mich keine Frage ist). Ebenso erfahre
466 1488 2043 1624 ich gern, dass Sie mit der Besetzung dort zufrieden
472 1622 2143 1741 sind. Meine Bemerkung über die Schwierigkeiten bei uns
466 1737 2171 1856 ging mehr auf die grosse Personenzahl und dies ehr vie-
474 1846 2054 1999 lan Proben, welche, nach unserer Art zu arbeiten, das
476 1982 2054 2092 Stück braucht; in dem ausgezeichneten Volkstheater
483 2088 2165 2222 geht das ja schneller. Ich würde mir bei uns für Bern-
476 2203 2173 2328 hardi Reicher denken; trotz Ihrer schon im Sommer aus-
493 2345 2173 2458 gesprochenen Einwände glaube ich, dass R. eine lebendi-
493 2458 2148 2590 ge Gestalt hinstellen würde. Für flint ein neues Mit-
493 2564 2137 2688 glied Paschen, für Ebenwald Marr etwa, für den Pfarrer
487 2660 2196 2807 Loos oder Stieler. Eine ins Einzelne gehende Besetzung
498 2802 2094 2932 zu entwerfen,widerstrebt mir aber; das wäre mir zu
3721 415 4605 568 1 1/2 1/4 „ „ 9 „ 4 „ —: —
3200 359 3615 606 Monsieur le Conseil
3683 719 3859 838 320
4104 710 4537 868 1.10.1912.  2
2915 893 4486 1070 sehr à la Schlenther, der den Autoren solche Bilder
2934 974 4610 1163 vor die Seele zauberte, ehe er noch im Klaren war über
2934 1174 3706 1291 seine eigenen Absichten.
2932 1246 4561 1403 grade habe ich von Fischer die Dramenreihe erhalten,
2938 1363 4608 1512 und danke herzlich. Wie vielen dieser Werke fühle ich
2953 1486 4588 1624 mich auf eine schöne und unvergessliche Weise verbun-
2951 1661 3104 1754 den!
3287 1771 3485 1860 Immer
3606 1952 3766 2069 O.B.
