5049 4088
825 715 1573 873 232 Berlin, 24.4.1908.
523 877 1366 1021 Herrn Dr.Arthur Schnitzler
1350 907 1708 1004 Wien XVIII.
1335 964 1830 1080 Spöttelgasse 7.
822 1090 1647 1238 Sehr geehrter Herr Doktor!
744 1177 2098 1350 Mit Rücksicht darauf, dass in diesem Jahr in
512 1272 2147 1463 Wien keines der sonstigen Theater für Gastspiele zur.
512 1428 2161 1607 Verfügung steht, sind uns soeben für einen sol-
519 1525 2096 1700 chen Zweck zwei andere Häuser angeboten worden und
525 1664 2187 1824 zwar „das Etablissement Ronacher“ und das „Apollothea-
536 1769 2119 1948 ter". Wir kennen die dortigen Lokalverhältnisse zu
536 1864 2168 2071 wenig und würden Ihnen deshalb ausserordentlich ver-
552 2005 2235 2185 bunden sein, wenn Sie die Liebenswürdigkeit haben woll-
559 2109 2258 2322 ten, uns Rat und Auskunft zu geben, ob Sie ein Gastspie
580 2244 2204 2410 des lessingtheaters in einem dieser Häuser überhaupt
574 2341 2197 2552 für möglich und zweckmässig halten, und wenn dies der
590 2488 2208 2649 Fall, welches der beiden in Bezug auf seine Lage, Ein-
584 2585 2239 2760 richtung,Akustik, Intensität der Wirkung vorzuziehen
607 2693 2305 2897 sein dürfte. Da die vorgerückte Zeit einen raschen Ent-
616 2832 2280 3003 schluss fordert, würde uns eine höglichst baldige Ant-
3614 386 3977 525 Vuijärjän i 7:4:
3614 740 3796 894 232
4371 881 4669 1000 24.4.08
3072 985 3990 1111 wort doppelt erwünscht sein.
3579 1120 4125 1242 Hochachtungsvoll
4070 1248 4698 1333 Direction d.Lessing-
4061 1316 4369 1394 Theaters.
3058 1482 4639 1626 Wohin der Mensch kommen kann - du ahnst es nicht, o
3060 1643 3370 1744 Wanderer.
