5060 4105
978 744 1128 856 99
1352 809 1933 921 Berlin, 12.2.1902.
756 904 1506 1046 Lieber Herr Schnitzler,
763 1018 2064 1166 der Vertrag mit dem Carltheater ist jetzt
454 1158 2100 1284 abgeschlossen, wir fangen am 15.Mai, ich denke mit den
465 1263 1039 1382 „Leb.Stunden“, an.
750 1369 2102 1523 Dringend bitte ich Sie aber diese Mitthei-
456 1498 2119 1614 lung bis auf Weiteres lediglich als an Sie allein und
439 1618 2083 1753 ganz persönlich gerichtet zu betrachten; es schweben
439 1732 2125 1859 noch Dinge, die durch ein Bekanntwerden des Abschlusses
448 1853 2096 2001 gefährdet werden könnten, also bitte ich Sie um aller-
458 1975 1308 2096 allerstriktestes Silentium.
737 2093 2134 2246 Leider hat das Carl-Th. so ungünstige Bedin-
422 2197 2077 2330 gungen durchgesetzt, dass ich das ganze Personal ohne
429 2320 2129 2446 effektiven Schaden für die Kasse nicht mitnehmen kann.
433 2429 2112 2575 So muss ich mit grossem Bedauern diesmal auf den Kaka-
435 2590 2036 2683 du verzichten, was Sie indessen bei dem Mangel eines
422 2706 2112 2788 passenden Dazu-Stückes wohl nicht sonderlich zu beküm-
420 2810 860 2924 mern braucht.
4219 809 4489 925 12.2.02.
3323 889 4679 1039 Rittner ist nun auch für Wien verpflichtet.
3012 1025 4652 1168 Haben Sie denn an Bassermann geschrieben? Er hat mir
3019 1151 3526 1303 nichts erzählt.
3369 1251 4375 1396 Was macht unser neues Lustspiel?
3334 1325 4705 1500 Haben sie sich auch an Freund Goldmanns, des
3019 1443 4705 1599 Nachdichters,Feuilleton recht erbaut? Die „Lebendigen
3031 1616 4681 1736 Stunden" weisenheute Kasse M. 2200 auf, ich glaube in
3040 1726 4648 1853 der 21.Vorstellung; wir streicheln Ihnen die Backen
3048 1844 4671 1977 und sagen: brav, brav. Der Sudermann geht sehr stark.
3376 1914 4730 2089 Wissen Sie, dass Schlenther von der Absicht,
3048 2015 4626 2210 Hirschfelds Uraufführung zu leisten zurückgetreten
3046 2151 4747 2332 ist und „Berlin abwarten will“. Dieses Wasser auf Ihre
3040 2275 4453 2453 Mühle getrieben habend,begrüsst Sie herzlich
3974 2478 4134 2592 O.B.
4421 2550 4590 2698 nd etc
4162 2782 4358 2924 ohts m¬
