4905 4008
1363 303 1718 476 1 1/2, järz
3405 612 4502 760 33 Wien, XVIII.Spöttelgasse 7.
1620 629 1963 777 (17.9.03.)
3787 715 4127 802 2.11.1903.
410 762 2083 903 tieferen Abgrund gerissen worden bin, als ich verdient
2851 809 4541 926 Lieber Herr Brahm, heute ist der einsame Weg an Sie ab-
416 890 2078 1037 habe. Vielleicht kommt doch noch eine Gelegenheit, den
2857 911 4532 1035 gegangen. Ob das Stück als ganzes gelungen ist, vermag
422 1020 2068 1156 armen Georg, der ohnedies wenig Gutes in seinem Leben
2861 1018 4562 1176 ich heute nicht zu sagen; aber in Hinsicht auf mein Be¬
403 1159 1564 1261 gehabt hat, ein wenig emporzuziehen.
2857 1165 4492 1272 mühn darf ich mir diesmal keinen ernstlichen vorwurf
418 1250 2085 1376 Dass wir Georg, den Wirklichen und Elly neulich in der
2861 1265 4538 1389 machen. Dass das Stück eigentlich zwei nahezu gleich
435 1363 2085 1519 Spöttelgasse begrüssen durften, wissen Sie wahrschein-
2868 1402 4477 1528 berechtigte Handlungen enthält, wird hoffentlich als
429 1494 1982 1637 lich schon von ihm selbst. Ueber sein neues Stück
2861 1504 4534 1628 Mangel nicht empfunden werden,wenn es herauskommt, wie
433 1624 2063 1750 scheine ich nahezu das gleich geäussert zu haben wie
2868 1630 4583 1737 zum Schluss die beiden Handlungen zusammengefasst wer-
429 1733 2095 1895 Sie, lieber Herr Brahm. Wesentlich ist und bleibt, dass
2861 1745 4500 1884 den und in einem tiefen Sinn verglänzen oder verdäm-
448 1835 2125 1978 es wieder ganz unwidersprechlich nach aufwärts deutet,
2861 1893 4536 2004 mern. Aber die Kritik bleibe Ihnen überlassen, so sehr
442 1974 2089 2091 und die Gabe des Autors, auf die es doch vor allem an-
2874 1989 4521 2100 ich noch mancherlei zu bemerken hätte. Ich möcht nun
448 2095 2023 2221 kommt, Menschen hinzustellen, von neuem und manchmal
2874 2125 4515 2215 heute schon - die Annahme durch das deutsche Theat er
442 2189 2065 2326 mit Intensität beweist. Es war mir übrigens erlaubt,
2881 2217 4583 2364 vorausgesetzt - ein paar Worte zur Besetzung beifügen.
459 2309 2115 2458 ihm noch allerlei über Vorzüge und Fehler seines Wer-
2872 2349 4494 2482 Die Schwierigkeit beginnt bei der ersten Person des
450 2473 883 2599 kes zu sagen.
2874 2479 4560 2603 Theaterzettels, Wegrath - bei dem ich es unangenehm em-
450 2567 2055 2703 Für heute ge nug, da wir im Begriff sind, frankgassen-
2861 2578 4568 2708 pfinde, dass Sie Sonnenthal nicht engagiert haben. Frü-
450 2718 1016 2795 wärts zu wandern.
2874 2699 4538 2838 her hätt ihn Reinhard (nicht meinen innern Gesichten
452 2721 1905 2857 Seien Sie mir nochmals gegrüsst.- Ihr getreuer
1861 2819 2010 2949 A.S.
