2532 4103
995 749 1180 900 29
1261 853 1823 998 Berlin, 18.2.1898.
838 985 1571 1108 Lieber Herr Schnitzler,
435 1093 2021 1235 während Sie in Salzburg waren, sass ich in München -
441 1208 2091 1329 und wusste nicht von Ihnen. Jmmerschade; wir hätten
444 1327 2122 1445 ein paar Tage zusammen verbringen können, und gut ver-
435 1456 2038 1594 bringen. Hoffentlich sind Sie gestärkt an Leib und
439 1590 1038 1706 Seele heimgekehrt!
756 1702 2118 1787 Die Rollen sind ausgeschrieben,von den Aen-
450 1806 2084 1908 derungen halte ich besonders die der Betty für unum-
448 1919 2152 2040 gänglich. Ueber den Termin möchte ich heute nur provi-
450 2046 2110 2150 sorisch reden, so weit die Interessen des Theaters in
444 2178 2135 2277 Betracht kommen. Am 26. spielt die Reisenhofer zuerst
454 2265 2120 2394 im „Johannes" an Stelle der Sorma und dann werde ich
454 2371 2135 2502 bald wissen, ob der - bisher beispiellose - Erfolg des
461 2494 2084 2621 Stückes einigermassen anhält. In diesem Falle würde
458 2619 2150 2730 ich also Ihrem Wunsche gemäss das „Vermächtnis“ verta¬
454 2723 2122 2865 gen. Ich denke wir lassen den Vertrag bis dahin unge-
456 2872 2072 2993 schrieben, über den wir ja, abgesehen von der Termin-
