5085 4057
1108 779 1307 921 214.
1922 869 2203 983 10.4.07.
744 956 2271 1099 Was machen Frau und Bubi, wie steht's mit den Plä-
524 1106 1720 1226 nen von Fr.Olga für wien,Dessau u.s.w?
746 1209 2238 1343 Herzlich e Grüsse für sie alle und ein gutes Wie-
524 1312 2235 1459 dersehen, mit recht vielen Salagängen und anderm Herzer-
524 1450 1150 1595 quickendem im Mai.
1097 1549 1369 1689 Ihrigst
1299 1683 1463 1825 O.B.
3510 711 3681 827 215
3600 744 4322 904 Agnetendorf, 22.7.1907.
2905 965 4596 1108 Lieber Freund, es ist sehr nett von Ihnen, zwar nicht in
2922 1075 4583 1231 epischer Breite, aber doch sinnig-lapidar meiner zu ge-
2909 1189 4675 1362 denken; weniger nett allerdings, dass Sie som hartnäckig
2926 1307 4673 1468 undramatisch bleiben. Kann der Verkehr mit Hugo da nicht
2922 1433 4526 1595 aufstacheln? Machen Sie doch eine Wette mit ihm, wie
2933 1542 4572 1698 Kleist mit Tachokke (sans comparaison.) Allein ich
2933 1667 4598 1819 sollte wohl lieber nicht von Wetten reden? Kostet das
2946 1773 4703 1944 auch was? - Ich gehe heute nach etwa 14tägigen Aufenthalt
2970 1865 4688 2071 bei Hauptmann, der sehr fleissig ist, helgelandwärts, woh-
2957 2014 4679 2185 ne Villa Hamburg und bleibe dort bis 24. August ca. pann
2959 2132 4668 2297 Berlin, mit tausend Masten. Wie denken Sie über den Sem-
2977 2251 4675 2435 mering, Oct.-Nov.? Den sollte man zu einer Dauerinstitu-
2968 2374 4670 2525 tion erheben. Alles gute für Ihre ganze Colonie, ein Ex-
2986 2523 3675 2654 trabene für Frau Olga.
3775 2606 3940 2736 O.B.
