4907 4007
830 654 1272 784 107 a 41
1329 646 1937 784 Wien, 28. Juni 1905.
333 746 2062 913 Lieber Freund, es ist selbstverständlich, dass ich Ihnen
357 904 1946 1035 beide Stücke an den wollte, und als wir uns in Wien
363 1000 1979 1156 sprachen, war auch von diesem Senden, nicht von einem
350 1129 2075 1267 formellen Ueberreichen die Rede; denn schon damals lag
363 1256 2044 1375 mir, aus künstlerischen und praktischen Gründen der Ge-
374 1353 2027 1519 danke nahe, eines von den Stücken (die Annahme voraus-
368 1493 1985 1657 gesetzt) am Tessing, das andre am Deutschen, oder ins
370 1613 2014 1716 lebendige übersetzt,das eine bei Brahm, das andre bei
370 1742 2018 1836 Reinhardt aufführen zu lassen. Seither sind xxx eine
383 1852 1990 1963 seits beide Stücke weitergekommen, andererseits hat
383 1979 1944 2119 auch äusseres mitgewirkt, um mir diese Vertheilung
383 2095 2092 2206 in jeder Hinsicht vortheilhafter erscheinen zu lassen.
387 2206 2092 2316 Die stärkste Wirkung hat speziell die Sorma-Aufführung
383 2333 2009 2445 auf dem Gewissen, und wenn Sie das zweite Stück (das
385 2440 2075 2563 prama) lesen, so werden Sie selbst,in der Unbeirrtheit
401 2567 2031 2666 Ihres Urtheils, einsehen, dass der Stil des Reinhardt-
394 2683 2051 2808 Theaters diesem stücke vielleicht mehr entgegenkommt
409 2804 2103 2920 als der des lessingtheaters (obwohl es ja seinen Namen
3439 674 3992 821 41. Sheetl.man
4012 696 4356 869 (28.6.05.)
2764 891 4483 992 nicht dem Regisseur des gleichen Namens verdankt). Auch
2771 1009 4432 1123 die Höflich hat es mir angethan,- wobei ich nicht ver-
2771 1118 4456 1224 schweigen will, dass die eine Rolle (nicht die grösste)
2769 1232 4360 1357 in jenem Drana bassermännischer ist als irgend ein
2771 1375 4434 1464 Schauspieler der Reinhardt-Truppe sie spielen könnte.
2775 1493 4474 1582 Aber es ist vielleicht wirklich müssig, über all das zu
2782 1622 4443 1709 reden, eh Sie die Dinge kennen. Ich hüffe sehr, mit dem
2782 1727 4421 1832 Drana (Titel hat weder das eine noch das andre Stück
2773 1841 4342 1972 bisher) noch vor Beginn der Saison fertig zu sein;
2782 1961 4421 2055 als ich es neulich durchlas, war es zu meiner angenehm-
2771 2090 4386 2187 men Ueberraschung, weiter als ich gedacht hatte. Die
2775 2204 4419 2300 Komödie aber kann ich ihnen und möcht ich Ihnen gern
2788 2335 4345 2438 in der ersten Julihälfte, vielleicht in 8-14 Tagen
2788 2434 4504 2543 schicken, und bitte Sie nur mir sehr genau zu schreiben,
2788 2574 4454 2666 wo Sie das Manuscript trifft. Die Discretion (von der
2782 2659 4511 2780 ich überzeugt war) nehme ich in jedem Falle dankend an.
2788 2806 4544 2896 Ein bindendes Versprechen hab ich Reinhardt bisher nicht
2775 2898 4504 3018 gegeben; aber er hat Grund zu glauben, dass ich, wenn ich
