5032 4088
891 609 1093 756 257
945 749 1126 876 255
1827 766 2125 874 10.8.09.
411 878 2094 1042 Für Max scheint mir Reicher - ausser der Jugend - al-
430 1016 2101 1182 les zu haben, Marx kann ich mir nicht vorstellen. Ver-
437 1137 1455 1292 trag sende ich Ihnen von Berlin.
583 1229 2071 1406 Den Medardus lassen Sie mir wohlzugehen, wenn er
439 1395 1072 1535 wieder in Form ist?
592 1462 2120 1627 Noch ein Geschäftchen hätt ich vorzuschlagen. Wir
439 1593 2135 1728 bringen im September Hannele neu heraus, mit der Orloff
454 1733 2088 1862 eto., und Ludwig v. Hofmann als. künstlerischen Reirat,
452 1849 2051 1995 wie man so sagt. Ich möchte daz u, d.h.davor, die „Ge-
458 1929 2125 2090 fährtin" geben,wenn möglich mit Sauer - er ist augen-
471 2086 2081 2221 blicklich nicht wohl, bis dahin aber hoffentlich auf
458 2198 2189 2327 Posten. Bitte mir umgehend zu schreiben,ob Sie der Auf-
476 2290 2165 2456 führung, mit 3% Tantieme, zustimmen. (Hannele kriegt 8/6).
626 2424 2159 2559 Es freut mich sehr, dass es den Ihren so gut geht
469 2557 1789 2708 und ich wünsche fernerhin das Allerbeste.
1363 2719 1522 2826 O-B.
502 2831 2174 2979 Keine Medardus-Notiz gelesen; meine Seele weiss nichts
499 2930 1873 3050 von dem Wege, den sie gewandert sein könnte.
3394 641 3580 756 257
3470 762 3636 878 256
3819 803 4490 951 Holgo land, 18.8.1909.
3304 926 3760 1065 Lieber Freund,
2962 999 4617 1182 die Akademische Bühne mit ihrem Geschäftsdeutsch ist
2970 1139 4658 1292 Ihnen wohl selbst verdächtig gewesen; es sind ein par
2992 1283 4563 1431 jüdische Jünglinge, die keck lügen, und ich spreche:
2994 1401 4602 1545 veto.- Vertrag über Anatol lasse ich Ihnen zugehen.
2992 1520 4533 1647 Ob man die Triesch an die Dame in der „Gefährtin“
2994 1619 4615 1780 rankriegt, erscheint mir zweifelhaft, nicht minder ob
2994 1752 4677 1877 da nicht, durch Ruhe und Zweit-Geigigkeit, Sussin ebenso
3009 1851 4718 2004 am Platz wäre. Stieler ja.-Ihr Hexenschuss ist hoffent-
3011 1965 4695 2118 lich entwichen, so dass Sie auf dem R.'schen Hexentanz-
3009 2090 4634 2256 platz antreten können. Alles Gute für Fr.Olga,Heini
3022 2241 3769 2398 und Sie auch weiterhin.
3862 2363 4060 2495 O.B.
