5112 4087
1063 794 1382 927 222063
1313 801 1939 989 Berlin, 2s.12.1909.
881 987 1368 1088 Lieber Freund,
519 1065 2242 1209 grade gestern schrieb ich Ihnen. Schluth.'s Brief ist
521 1166 2238 1331 allerdings im Ausdruck schwankender, als das, was er mir
521 1304 2201 1457 mündlich sagte; ich würde aber für das praktischeste
521 1411 2222 1570 halten, dass Sie ihn zunächst beim Wort nehmen, Vertrag
546 1538 2265 1682 mit ihm machen - und dann, wenn der Nachfolger gefunden
537 1652 2238 1795 und bereit ist, Sie im Herbst zu spielen, sich mit Schl.
549 1765 2219 1905 entsprechend errangiren. Auf diese Weise bekommen Sie
549 1882 2194 2098 wenigstens, nach dem langen Warten, etwas in die Hand,
553 2054 2249 2196 einen Spatz freilich; aber der scheint mir wert voller
546 2125 2394 2320 als eine Debatte mit S. auf Grund jener Wirtshausäusserung,
558 2228 2332 2433 die ja, eben des Ortes wegen, wo sie fiel, nichts Verbindli-
555 2405 1714 2559 ches im strengeren Sinne haben kann.
567 2444 2311 2658 Danke schön für Ihre Worte über das „Konzert“!Den Brief
565 2630 2325 2768 an R. hätt ich gern gelesen; als document humain, als li-
558 2747 2352 2917 terargeschichtliche Abrechnung im Schnitzler-Stil, und so
560 2864 1721 3045 denke ich ihn mir höchst remarkabel.
1258 2997 1496 3146 Ihrigst
1487 3020 1666 3167 O.B.
3647 812 4494 1008 264 Berlin, 19.1.1910.
3023 1003 4792 1214 Wissen Sie was mich sehr freuen würde? Wenn ich den Aus-
3034 1170 4691 1299 flug ins Pantomimische unternehmen könnte, zu dem Sie
3020 1290 4780 1423 laden und looken. Aber mit des Geschickes Mächten - man
3045 1421 4691 1528 weiss schon, wie die sind; und es geht nicht: ich bin
3034 1517 4673 1646 „unabkömmlich“. Morgen ist neueinstudierter Solness-
3034 1650 4787 1744 Monnard; Hauptmann, Hirschfeld, ja sogar Trebitsch ist im
3041 1783 4693 1889 Lande - und von da ist nur ein Schritt zum deutschen
3034 1900 4590 1985 Kronprinzen, der mich heute ersuchte, für Sonnabend
3075 1985 4776 2102 den „Tantris" anzusetzen, was ich ungern, aber doch tat:
3034 2107 4721 2228 und nun muss ich acte de présence machen, umsomehr als
3041 2199 4744 2366 es die fünfzigste ist. Sonntag Gastspiel Sehring (aus
3041 2355 4783 2467 Wien,von Ihnen gelobt) Montag Onno (von Ihnen empfohlen).
3034 2451 4725 2552 und so geht die Tretmühle weiter, einen Tag wie den an-
3034 2568 4709 2699 dern. Ha, welche Lust! Immerhin, eben kommt der Rapport
3034 2687 4725 2816 des 18.Konzerts, da tritt man halt in Gottes Namen wei-
3045 2795 4411 2915 ter, denn er - nicht Gott - lautet auf 3600.
3052 2903 4762 3059 Ueber „Anatol“ lässt sich beim besten Willen, den Sie ja
3041 3041 4661 3199 an mir kennen, noch nichts sagen als eben: März (hat
