<?xml version="1.0" encoding="UTF-8" standalone="yes"?>
<PcGts xmlns="http://schema.primaresearch.org/PAGE/gts/pagecontent/2013-07-15" xmlns:xsi="http://www.w3.org/2001/XMLSchema-instance" xsi:schemaLocation="http://schema.primaresearch.org/PAGE/gts/pagecontent/2013-07-15 http://schema.primaresearch.org/PAGE/gts/pagecontent/2013-07-15/pagecontent.xsd">
    <Metadata>
        <Creator>prov=READ-COOP:name=TrHtr:version=2.1.0:model_id=51170:date=26_07_2023_02:02</Creator>
        <Created>2023-05-02T07:45:29.614+02:00</Created>
        <LastChange>2023-07-26T02:02:49.697+02:00</LastChange>
        <TranskribusMetadata docId="1416706" pageId="54951744" pageNr="337" tsid="130871545" status="IN_PROGRESS" userId="64420" imgUrl="https://files.transkribus.eu/Get?id=BJWLVDVCCWIENJEZWQVZJIRM&amp;fileType=view" xmlUrl="https://files.transkribus.eu/Get?id=SKXNQJSYJCXUYVNCWBFXVUAM" imageId="44455470"/>
    </Metadata>
    <Page imageFilename="1416706_0337.jpg" imageWidth="4924" imageHeight="3994">
        <ReadingOrder>
            <OrderedGroup id="ro_1711829476686" caption="Regions reading order">
                <RegionRefIndexed index="0" regionRef="tr_2"/>
                <RegionRefIndexed index="1" regionRef="tr_1"/>
            </OrderedGroup>
        </ReadingOrder>
        <TextRegion id="tr_2" custom="readingOrder {index:0;}">
            <Coords points="268,367 1898,367 1898,1789 268,1789"/>
            <TextLine id="tr_2_tl_1" custom="readingOrder {index:0;}">
                <Coords points="668,409 685,405 725,437 744,435 757,424 770,435 797,435 844,449 835,352 818,354 801,367 787,367 755,341 727,363 712,354 664,358"/>
                <Baseline points="680,417 770,429 847,429"/>
                <TextEquiv>
                    <Unicode>1 4</Unicode>
                </TextEquiv>
            </TextLine>
            <TextLine id="tr_2_tl_2" custom="readingOrder {index:1;}">
                <Coords points="907,422 1047,441 1092,420 1308,505 1429,466 1749,488 1745,367 1711,358 1622,360 1596,386 1526,360 1319,382 1268,352 1168,384 1107,350 950,341 905,367"/>
                <Baseline points="919,417 1008,423 1098,423 1188,423 1277,429 1367,429 1456,435 1546,441 1635,441 1725,459 1755,459"/>
                <TextEquiv>
                    <Unicode>a    a   3   7  3, 4, 4  4</Unicode>
                </TextEquiv>
            </TextLine>
            <TextLine id="tr_2_tl_3" custom="readingOrder {index:2;}">
                <Coords points="1425,931 1484,950 1552,933 1592,939 1609,926 1628,939 1673,924 1734,939 1772,929 1774,846 1651,854 1577,876 1545,846 1512,837 1476,848 1463,837 1427,840"/>
                <Baseline points="1438,913 1510,919 1599,919 1689,913 1779,907"/>
                <TextEquiv>
                    <Unicode>(21.2.98.)</Unicode>
                </TextEquiv>
            </TextLine>
            <TextLine id="tr_2_tl_4" custom="readingOrder {index:3;}">
                <Coords points="254,1107 1798,1066 1823,946 1588,1005 1236,979 1058,1032 257,1054"/>
                <Baseline points="268,1080 304,1086 394,1086 483,1080 573,1080 662,1074 752,1068 841,1068 931,1062 1020,1056 1110,1056 1199,1050 1289,1044 1379,1044 1468,1038 1558,1032 1647,1032 1737,1026 1826,1014"/>
                <TextEquiv>
                    <Unicode>teressieren wird. - Haben Sie schon Sommerpläne? -</Unicode>
                </TextEquiv>
            </TextLine>
            <TextLine id="tr_2_tl_5" custom="readingOrder {index:4;}">
                <Coords points="254,1266 1866,1185 1893,1113 1658,1075 1497,1134 259,1155"/>
                <Baseline points="268,1199 286,1205 376,1205 465,1205 555,1199 644,1199 734,1194 823,1188 913,1188 1002,1182 1092,1176 1182,1176 1271,1170 1361,1164 1450,1158 1540,1158 1629,1152 1719,1146 1808,1146 1898,1146"/>
                <TextEquiv>
                    <Unicode>Was werden Sie eigentlich mit den Hofmannsthalschen</Unicode>
                </TextEquiv>
            </TextLine>
            <TextLine id="tr_2_tl_6" custom="readingOrder {index:5;}">
                <Coords points="254,1344 386,1361 591,1333 670,1359 795,1314 797,1268 719,1255 678,1287 621,1276 522,1302 358,1280 257,1302"/>
                <Baseline points="268,1319 352,1325 441,1325 531,1319 620,1319 710,1313 799,1307"/>
                <TextEquiv>
                    <Unicode>Stücken machen? -</Unicode>
                </TextEquiv>
            </TextLine>
            <TextLine id="tr_2_tl_7" custom="readingOrder {index:6;}">
                <Coords points="267,1490 1649,1437 1717,1408 1719,1359 269,1406"/>
                <Baseline points="280,1444 292,1444 382,1444 471,1444 561,1438 650,1432 740,1432 829,1426 919,1426 1008,1420 1098,1414 1188,1408 1277,1408 1367,1402 1456,1397 1546,1397 1635,1391 1725,1385"/>
                <TextEquiv>
                    <Unicode>Kommt die Lotte Witt nächste Saison zu Ihnen? -</Unicode>
                </TextEquiv>
            </TextLine>
            <TextLine id="tr_2_tl_8" custom="readingOrder {index:7;}">
                <Coords points="668,1579 714,1588 763,1558 852,1575 909,1562 996,1590 1075,1548 1191,1577 1206,1573 1211,1476 1132,1503 1026,1495 994,1518 914,1488 812,1518 742,1503 670,1531"/>
                <Baseline points="680,1546 764,1546 853,1546 943,1540 1032,1534 1122,1534 1211,1528"/>
                <TextEquiv>
                    <Unicode>Herzliche Grüsse</Unicode>
                </TextEquiv>
            </TextLine>
            <TextLine id="tr_2_tl_9" custom="readingOrder {index:8;}">
                <Coords points="992,1806 1020,1802 1052,1808 1094,1794 1115,1813 1143,1804 1138,1709 1107,1717 1079,1707 1064,1694 1043,1715 1018,1715 1005,1704 986,1704"/>
                <Baseline points="1002,1773 1092,1779 1146,1779"/>
                <TextEquiv>
                    <Unicode>A.S.</Unicode>
                </TextEquiv>
            </TextLine>
        </TextRegion>
        <TextRegion id="tr_1" custom="readingOrder {index:1;}">
            <Coords points="2728,385 4459,385 4459,3018 2728,3018"/>
            <TextLine id="tr_1_tl_1" custom="readingOrder {index:0;}">
                <Coords points="3462,532 3479,528 3506,549 3523,536 3559,551 3636,513 3646,522 3665,509 3702,513 3733,526 3744,367 3727,360 3678,373 3668,360 3621,363 3549,409 3470,396"/>
                <Baseline points="3480,459 3564,447 3653,435 3743,447"/>
                <TextEquiv>
                    <Unicode>Monsieur</Unicode>
                </TextEquiv>
            </TextLine>
            <TextLine id="tr_1_tl_2" custom="readingOrder {index:1;}">
                <Coords points="2790,460 2904,469 2970,454 3023,479 3091,456 3138,473 3155,458 3239,488 3301,458 3297,358 3184,339 3152,369 3085,382 3023,348 2943,352 2868,375 2820,413 2788,413"/>
                <Baseline points="2799,441 2889,453 2979,453 3068,453 3158,459 3247,459 3307,459"/>
                <TextEquiv>
                    <Unicode>1:    1: 1: 4: 7:</Unicode>
                </TextEquiv>
            </TextLine>
            <TextLine id="tr_1_tl_3" custom="readingOrder {index:2;}">
                <Coords points="3547,842 3566,833 3589,850 3653,854 3687,842 3714,859 3778,835 3854,852 3914,846 3926,833 3981,833 3986,761 3924,776 3890,761 3835,778 3814,765 3786,780 3746,767 3674,789 3659,778 3549,782"/>
                <Baseline points="3558,829 3629,829 3719,829 3808,823 3898,817 3988,817"/>
                <TextEquiv>
                    <Unicode>Wien, 30.3.98.</Unicode>
                </TextEquiv>
            </TextLine>
            <TextLine id="tr_1_tl_4" custom="readingOrder {index:3;}">
                <Coords points="3210,986 3339,999 3390,975 3498,992 3589,958 3653,975 3776,956 3820,973 3822,914 3748,893 3212,931"/>
                <Baseline points="3223,967 3289,961 3379,961 3468,955 3558,949 3647,949 3737,943 3826,943"/>
                <TextEquiv>
                    <Unicode>Lieber Herr Doktor,</Unicode>
                </TextEquiv>
            </TextLine>
            <TextLine id="tr_1_tl_5" custom="readingOrder {index:4;}">
                <Coords points="2716,1117 4047,1090 4359,1064 4412,1005 2718,1049"/>
                <Baseline points="2728,1104 2805,1104 2895,1098 2985,1098 3074,1092 3164,1086 3253,1086 3343,1080 3432,1074 3522,1068 3611,1068 3701,1062 3791,1062 3880,1056 3970,1050 4059,1044 4149,1044 4238,1044 4328,1038 4417,1026"/>
                <TextEquiv>
                    <Unicode>beifolgend sende ich Ihnen den Contract über das „Ver-</Unicode>
                </TextEquiv>
            </TextLine>
            <TextLine id="tr_1_tl_6" custom="readingOrder {index:5;}">
                <Coords points="2726,1240 4363,1183 4367,1102 2801,1155 2728,1200"/>
                <Baseline points="2740,1217 2758,1217 2847,1217 2937,1217 3026,1205 3116,1205 3205,1199 3295,1194 3385,1194 3474,1188 3564,1188 3653,1182 3743,1176 3832,1170 3922,1170 4011,1164 4101,1164 4191,1158 4280,1158 4370,1152"/>
                <TextEquiv>
                    <Unicode>mächtnss" unterschrieben zurück. Dass Sie den Termin</Unicode>
                </TextEquiv>
            </TextLine>
            <TextLine id="tr_1_tl_7" custom="readingOrder {index:6;}">
                <Coords points="2726,1346 4181,1331 4399,1293 4401,1240 2728,1312"/>
                <Baseline points="2740,1337 2794,1343 2883,1337 2973,1331 3062,1325 3152,1325 3241,1319 3331,1319 3420,1313 3510,1313 3599,1301 3689,1301 3779,1301 3868,1295 3958,1289 4047,1289 4137,1283 4226,1283 4316,1277 4405,1277"/>
                <TextEquiv>
                    <Unicode>auf dem Papier bis zum 1.Jänner hinausgeschoben, lasse</Unicode>
                </TextEquiv>
            </TextLine>
            <TextLine id="tr_1_tl_8" custom="readingOrder {index:7;}">
                <Coords points="2741,1480 4395,1420 4420,1338 2743,1416"/>
                <Baseline points="2752,1456 2811,1462 2901,1456 2991,1450 3080,1450 3170,1444 3259,1438 3349,1438 3438,1432 3528,1426 3617,1420 3707,1414 3796,1414 3886,1414 3976,1408 4065,1408 4155,1402 4244,1402 4334,1397 4423,1385"/>
                <TextEquiv>
                    <Unicode>ich gerne gelten; ich habe mir erlaubt - und bin Ihrer</Unicode>
                </TextEquiv>
            </TextLine>
            <TextLine id="tr_1_tl_9" custom="readingOrder {index:8;}">
                <Coords points="2745,1598 4316,1548 4412,1531 4414,1484 2748,1541"/>
                <Baseline points="2758,1576 2805,1582 2895,1576 2985,1570 3074,1570 3164,1564 3253,1564 3343,1558 3432,1558 3522,1552 3611,1546 3701,1540 3791,1540 3880,1534 3970,1534 4059,1528 4149,1522 4238,1522 4328,1516 4417,1516"/>
                <TextEquiv>
                    <Unicode>freundlichen Zustimmung gewiss - als frühesten Termin</Unicode>
                </TextEquiv>
            </TextLine>
            <TextLine id="tr_1_tl_10" custom="readingOrder {index:9;}">
                <Coords points="2743,1724 3651,1721 4359,1662 4448,1647 4450,1592 2748,1671"/>
                <Baseline points="2758,1701 2841,1701 2931,1695 3020,1689 3110,1683 3199,1677 3289,1677 3379,1677 3468,1671 3558,1671 3647,1665 3737,1659 3826,1653 3916,1653 4005,1647 4095,1647 4185,1641 4274,1635 4364,1635 4453,1635"/>
                <TextEquiv>
                    <Unicode>den 1.Oktober zu fixieren. Schlenther scheint auch die</Unicode>
                </TextEquiv>
            </TextLine>
            <TextLine id="tr_1_tl_11" custom="readingOrder {index:10;}">
                <Coords points="2745,1832 4325,1785 4354,1707 2748,1766"/>
                <Baseline points="2758,1808 2835,1820 2925,1814 3014,1808 3104,1808 3194,1802 3283,1802 3373,1797 3462,1791 3552,1791 3641,1785 3731,1779 3820,1773 3910,1773 3999,1773 4089,1767 4179,1761 4268,1761 4358,1749"/>
                <TextEquiv>
                    <Unicode>bestimmte Absicht zu haben, das Stück zu dieser Zeit</Unicode>
                </TextEquiv>
            </TextLine>
            <TextLine id="tr_1_tl_12" custom="readingOrder {index:11;}">
                <Coords points="2750,1950 4371,1912 4391,1836 2752,1914"/>
                <Baseline points="2764,1934 2782,1934 2871,1940 2961,1928 3050,1928 3140,1922 3229,1922 3319,1916 3408,1916 3498,1916 3588,1910 3677,1904 3767,1904 3856,1898 3946,1892 4035,1892 4125,1886 4214,1886 4304,1880 4393,1886"/>
                <TextEquiv>
                    <Unicode>aufzuführen,- es wird sich noch Gelegenheit ergeben,</Unicode>
                </TextEquiv>
            </TextLine>
            <TextLine id="tr_1_tl_13" custom="readingOrder {index:12;}">
                <Coords points="2752,2073 4412,2027 4414,1948 2754,2018"/>
                <Baseline points="2764,2053 2805,2053 2895,2053 2985,2047 3074,2047 3164,2041 3253,2035 3343,2035 3432,2029 3522,2029 3611,2023 3701,2017 3791,2017 3880,2011 3970,2011 4059,2005 4149,1999 4238,1994 4328,1994 4417,1988"/>
                <TextEquiv>
                    <Unicode>beide Aufführungstermine hoffentlich im Interesse al-</Unicode>
                </TextEquiv>
            </TextLine>
            <TextLine id="tr_1_tl_14" custom="readingOrder {index:13;}">
                <Coords points="2758,2177 4354,2158 4448,2126 4450,2071 2758,2135"/>
                <Baseline points="2770,2173 2841,2173 2931,2173 3020,2167 3110,2167 3199,2161 3289,2155 3379,2155 3468,2149 3558,2149 3647,2143 3737,2137 3826,2137 3916,2131 4005,2131 4095,2125 4185,2125 4274,2119 4364,2119 4453,2107"/>
                <TextEquiv>
                    <Unicode>ler drei Theile in irgend ein Verhältnis zu bringen.-</Unicode>
                </TextEquiv>
            </TextLine>
            <TextLine id="tr_1_tl_15" custom="readingOrder {index:14;}">
                <Coords points="2764,2302 4248,2277 4333,2249 4338,2186 2767,2251"/>
                <Baseline points="2776,2286 2817,2292 2907,2292 2996,2286 3086,2280 3176,2280 3265,2274 3355,2274 3444,2268 3534,2262 3623,2256 3713,2256 3802,2250 3892,2250 3982,2244 4071,2238 4161,2238 4250,2232 4340,2226"/>
                <TextEquiv>
                    <Unicode>Ich denke einige Sommertage vielleicht auch länger</Unicode>
                </TextEquiv>
            </TextLine>
            <TextLine id="tr_1_tl_16" custom="readingOrder {index:15;}">
                <Coords points="2769,2432 4132,2360 4456,2389 4458,2304 2771,2385"/>
                <Baseline points="2782,2411 2847,2411 2937,2405 3026,2399 3116,2399 3205,2394 3295,2394 3385,2388 3474,2382 3564,2382 3653,2376 3743,2370 3832,2370 3922,2364 4011,2364 4101,2358 4191,2358 4280,2352 4370,2346 4459,2346"/>
                <TextEquiv>
                    <Unicode>mich mit dem Stück wieder zu beschäftigen - vielleicht</Unicode>
                </TextEquiv>
            </TextLine>
            <TextLine id="tr_1_tl_17" custom="readingOrder {index:16;}">
                <Coords points="2777,2536 4329,2506 4410,2497 4414,2432 4295,2398 4079,2455 2779,2493"/>
                <Baseline points="2788,2531 2805,2531 2895,2531 2985,2525 3074,2519 3164,2519 3253,2513 3343,2513 3432,2507 3522,2501 3611,2495 3701,2495 3791,2489 3880,2489 3970,2483 4059,2477 4149,2477 4238,2471 4328,2465 4417,2459"/>
                <TextEquiv>
                    <Unicode>kann ich es doch noch etwas höher bringen. Bis dahin</Unicode>
                </TextEquiv>
            </TextLine>
            <TextLine id="tr_1_tl_18" custom="readingOrder {index:17;}">
                <Coords points="2781,2661 4308,2618 4418,2597 4420,2542 2781,2629"/>
                <Baseline points="2794,2644 2811,2650 2901,2650 2991,2644 3080,2644 3170,2638 3259,2632 3349,2632 3438,2626 3528,2620 3617,2620 3707,2614 3796,2608 3886,2608 3976,2608 4065,2602 4155,2596 4244,2591 4334,2591 4423,2579"/>
                <TextEquiv>
                    <Unicode>hoffe ich aber schon mit mancherlei anderm fertig zu</Unicode>
                </TextEquiv>
            </TextLine>
            <TextLine id="tr_1_tl_19" custom="readingOrder {index:18;}">
                <Coords points="2786,2801 4185,2750 4431,2726 4450,2661 2790,2724"/>
                <Baseline points="2799,2764 2841,2770 2931,2770 3020,2764 3110,2764 3199,2758 3289,2752 3379,2746 3468,2746 3558,2740 3647,2734 3737,2734 3826,2728 3916,2728 4005,2722 4095,2716 4185,2716 4274,2710 4364,2704 4453,2698"/>
                <TextEquiv>
                    <Unicode>sein. Dass die Lehmann die Toni spiele, ist mein herz-</Unicode>
                </TextEquiv>
            </TextLine>
            <TextLine id="tr_1_tl_20" custom="readingOrder {index:19;}">
                <Coords points="2786,2923 4431,2858 4456,2788 2790,2847"/>
                <Baseline points="2799,2889 2847,2895 2937,2889 3026,2883 3116,2877 3205,2877 3295,2871 3385,2871 3474,2865 3564,2859 3653,2853 3743,2853 3832,2847 3922,2847 4011,2841 4101,2835 4191,2835 4280,2829 4370,2829 4459,2823"/>
                <TextEquiv>
                    <Unicode>licher Wunsch; ich bin sehr froh, dass Sie sie noch ha-</Unicode>
                </TextEquiv>
            </TextLine>
            <TextLine id="tr_1_tl_21" custom="readingOrder {index:20;}">
                <Coords points="2792,3034 3748,2976 4064,3008 4204,2964 4308,2996 4344,2894 3314,2951 3205,2890 3053,2968 2794,2976"/>
                <Baseline points="2805,3008 2823,3008 2913,3008 3002,3002 3092,2996 3182,2991 3271,2991 3361,2985 3450,2985 3540,2979 3629,2979 3719,2973 3808,2967 3898,2967 3988,2961 4077,2961 4167,2955 4256,2949 4346,2943"/>
                <TextEquiv>
                    <Unicode>ben. Die Freiner ist nicht mein Ideal für die</Unicode>
                </TextEquiv>
            </TextLine>
        </TextRegion>
    </Page>
</PcGts>
