2524 4104
975 382 1728 519 vällä, että sijärjestä:
1823 416 1914 505 11.
1535 827 2012 941 Berlin 9.3.96.
729 1022 1461 1134 Lieber Herr Schnitzler,
522 1164 2156 1242 es ist merkwürdig, dass bei Ihnen, in Dichtung und Le-
522 1272 2224 1357 ben, „der Freund“ so grosse Rollen spielt; Ihr Biograph
528 1393 2131 1503 wird an dieser Sonderheit nicht vorbeigehen dürfen.
522 1501 2137 1609 Diesmal hat Ihnen der Freund einen - Sie verzeihen
528 1622 2120 1715 leichtsinnigen Dori-Rath gegeben; ich glaube nicht,
532 1738 2143 1830 dass Sie gut thun würden, dieses Anfängerstück, trotz
532 1878 2220 1978 seiner hübschen Verse, jetzt noch herauszubringen, nach-
532 1984 2167 2075 dem Ihre Kunst so sicher erstarkt ist. Davon ist mir
536 2078 2239 2186 auch „Sterben“ ein schöner Beweis gewesen, das mich mit
536 2215 2224 2292 ehrlicher Schätzung für den feinen Künstler von Neuem
547 2347 937 2453 orfüllt hat.
848 2461 1844 2542 Seien Sie herzlich gegrüsst von
1465 2557 1969 2661 Ihrem ergebenen
1590 2673 1963 2790 Otto Brahm.
