2532 4103
751 817 1717 951 S.Martino di Castrozzi, 2.7.98.
705 999 1421 1124 Lieber Herr Schnitzler,
365 1111 2001 1228 es freut mich sehr zu hören, dass Sie an die Umarbei-
369 1241 2034 1357 tung des „Vermächtnisses“ so bald,so energisch und so
365 1346 2084 1471 glücklich gegangen sind, und ich hoffe, dass Sie das noch
369 1489 2135 1564 Fehlende ebenfalls zu Ihrer Zufriedenheit finden werden.
367 1610 1983 1689 Schicken Sie das abgeänderte Buch womöglich noch an
373 1720 2001 1818 mich hieher; ich denke bis Monatsschluss zu bleiben,
380 1845 1979 1937 würde Sie auch vom Abbruch meiner Zelte rechtzeitig
376 1952 2005 2049 unterrichten. Halt' ich das definitiv Abgeschlossene
384 2067 2036 2176 „endlich dann in Händen und nenn es in gewissem Sinne
376 2192 1968 2286 mein", so wollen wir über die Terminfrage weiter re-
380 2326 527 2462 den.
690 2431 1966 2513 Vom dicken Schlenther hab ich keine Spur,
382 2513 1963 2631 würde mich aber natürlich freuen, ihn hier im guten
380 2651 2060 2745 Neste zu sehen.- Fulda geht nach Villars bei Aigle im
380 2774 2016 2903 Rhonethal, das ist ja wohl die Gegend plactes propter,
380 2899 1149 3007 in die Sie auch wollten?
604 2972 1625 3101 Viele herzliche Grüs se von Ihrem
1590 3035 1742 3152 O.B.
