5049 4135
3740 734 4308 897 Berlin, 15.9.1902.
1779 778 2055 886 25.8.02.
304 858 2050 939 zu nennen und zu fixieren, hat doch wenig Zweck, ich glau-
3153 920 3898 1047 Lieber Herr Schnitzler,
297 934 2062 1061 be Ihnen genügend betont zu haben, dass ich den allerbes-
3213 1024 4591 1135 ich freue mich, dass ich Sie hier im Oktober
297 1075 2073 1178 ten Willen zur Aufführung habe. Auch wegen Ihres eigenen
2867 1167 4660 1254 sehen soll, und mit Ihnen das Manuscript, das mir willkom -
304 1178 2039 1303 neuen Stückes, dem der „Schleier“ nicht allzu nahe zeit-
2879 1296 4729 1383 men sein soll, auch wenn es nur 1E Verwandlungen umschliesst
297 1309 1974 1424 lich kommen dürfte, müssen wir doch die Zeitbestimmung
297 1390 467 1466 noch
2886 1408 4589 1505 Wir wollen am 20. mit Reuling plus Dreyer herauskommen
304 1415 879 1544 xxxk offen lassen!
2879 1549 4582 1634 und dann an die Monna Vanna gehen, so dass der 11.Okt.,
304 1528 1977 1648 Die Heims-Stimme begreife ich, aber ich halte doch die
2886 1618 4662 1744 ein Sonnabend, mir als spätester Aufführungstag erscheint,
292 1643 1965 1751 Tr. für besser, weil sie durch ihre individualität der
2879 1760 4630 1862 vielleicht wird es auch ein Bischen früher. Auf der Rad-
292 1786 2039 1908 Rolle näher ist. Gedacht hab ich auch, gelegentlich Ihrær
2879 1876 4607 1968 tour sind Sie hoffentlich gut weitergekommen in der Ar-
292 1882 1958 2000 Bedenken, an die H., aber meine „Stimme“ hat nicht sie,
2879 1997 4568 2083 beit, und haben den Verstand,wenn er sich ungebührlich
304 1997 1130 2129 sondern, trotz allem, Jrene.
3758 2069 3967 2142 weiter)
2879 2129 4596 2216 breit machte, durch Fusstritte ungeschickt. Es ist wirk-
301 2131 1963 2230 Ich bin ganz hübsch erfrischt zurückgekommen und muss
2879 2241 4596 2338 lich ein Kreuz, dass sie ein so verteufelt geistrei-
285 2232 1954 2379 nun sehen, wie lange das im Strudel der Berliner Dinge
2886 2350 4536 2428 cher Mensch sind - verurteilen Sie den doch mal zum
292 2363 566 2469 vorhält.
2879 2472 4614 2561 Tode oder setzen ihn auf schmälere Rationen wenigstens
297 2462 1901 2603 Leben Sie wohl und sein Sie fleissig, ich grüsse Sie
3238 2582 4520 2697 Sie werden als guter Zeitungsleser viel-
285 2607 594 2727 herzlich.
840 2663 1123 2824 Ihr O.B.
2867 2722 4559 2819 leicht allerlei über meine Pläne gelesen haben; es ist
2879 2810 4579 2976 alles theilserfunden, theils aufgebauscht und vorkäufig
