5047 4072
1020 766 1199 902 27.7
1103 839 1851 951 Kurhaus Tegel, 10.10.10
1284 915 2125 1074 (du musst es dreimal sagen)
913 1092 1398 1219 Lieber Freund,
453 1206 2072 1360 mit diesem schnellen Entschluss bin ich gern ein-
464 1315 2081 1473 verstanden. Die L. für Genia habe ich vom Anfang an
453 1420 2125 1574 erwogen, aber zu leicht befunden; die T. trägt besser,
453 1567 2107 1692 nach meiner Ueberzeugung. Zweifellos liegt die Rolle
464 1652 2107 1819 zwischen den beiden, aber ich finde, die T. kommt ihr,
453 1777 2036 1942 besonders in der zweiten Hälfte des Stückes, näher.
458 1893 2174 2047 Als Termin lasse ich Mitte Febr. in den Vertrag schrei-
453 2027 2096 2163 ben, will aber gleich dazu sagen, dass eine nochmälige
458 2134 2020 2253 genauere Berechnung mir ergeben hat, dass wir wohl
440 2270 2078 2351 nicht vor dem 18.Febr. heraus könnten. (Das ist ein
458 2366 2041 2494 Senstag). Herterich-Erna wird wohl das Beste sein.
607 2467 2041 2628 Ich war Freitag in diesem Stundenpfuhl Berlin,
453 2590 2103 2755 bin aber gestern wieder herausgefahren und werde ver-
458 2724 2096 2829 mutlich 14 Tage noch hier bleiben. Der sich zu länge
458 2822 2137 2963 rem Verweilen anschickende junge Wein giht mir Musse;
453 2960 2054 3099 und es gefällt mir allmälig recht gut hier, in Wald
3617 746 3813 931 277
4257 835 4586 951 10. 10.10.
2934 949 4541 1161 und an den—See und im Luftbad. Ich habe angefangen,
2954 1087 4539 1293 über Kainz zu schreiben, und bin gleich auf eine so
2947 1203 4559 1360 breite Basis geraten, dass sich vielleicht ein Rund-
2956 1333 3670 1523 schau-Essay auswächst.
2967 1433 4666 1596 Dem Kronzeugen Schwarzkopf stelle ich event, den Dick-
2978 1563 4655 1748 kopf lessing gegenüber, dessen weite Land-Begeisterung
2971 1681 4655 1855 auf dem Grunde genialer Striche erwächst. Die Wirkung
2983 1768 4780 1953 des 1.Aktes freut mich, und ich schliesse recht goethisch:
2994 1900 4697 2094 „Und so fortan!- Der ich recht wohl zu leben wünsche“.
4226 2036 4391 2148 O.B.
