2496 4104
1843 799 2102 893 10.9.99.
508 848 2213 1020 tagsmahl - Ihnen für Ihren Brief zu danken, den ich, ich
510 975 2177 1129 weiss nicht ob in Ischl, in Wien oder auf dem pückwege
510 1121 1530 1260 nach Berlin mir vorstellen soll.
510 1215 2134 1367 Was Sie mir über Ihr neues Stück, Ihre hoffende oder
514 1326 2190 1480 misstrauische Stimmung schrieben, ist wohl jetzt veral-
529 1450 2228 1603 tet, d.h. nur das Misstrauen, will ich wünschen; für die
553 1592 1770 1725 Frauenvolle hat sich inzwischen in der
846 1697 962 1757 ein
531 1701 2091 1834 ein Tal ent gefunden, das jedenfalls in Betracht zu
531 1795 2181 1950 ziehen ist, wenn auch nicht alle Charakteristiken, die
540 1900 2153 2063 Sie mir geben, auf sie stimmen. An „Freiwild“ denke
544 2059 2192 2194 auch ich für Wien; ich habe definitiv mit Bukovics ab-
538 2202 1337 2316 geschlossen, 9.Mai-8.Juni.
542 2284 2211 2440 Hauptmann hat seinen „armen Heinrich“ zunächst fortge-
551 2370 2228 2547 legt und eine ältere Lustspiel-Idee, mit einem schlesi-
555 2526 2277 2655 schen Bauern im Mittelpunkt, ausgeführt; das Stück selbst
553 2612 2149 2762 habe ich noch nicht gehört, nur eine Soene, zusammen
559 2734 2142 2886 mit Hofmannsthal, Sind Sie mit ihm noch beisammen?
559 2860 2198 3053 Dann bitte grüssen Sie ihn von seinem alten Verehrer
563 3002 2181 3141 vielmals. Georg H. ist noch auf Rügen, er kommt Ende
