5041 4152
503 443 1868 643 1 1/10 „ 7 „ „ 9 „ — „
128 455 304 601 „ „
1225 995 1951 1109 Agnetendorf, 11.8.1904.
362 1179 2100 1311 Lieber Freund, ich wollte Ihnen grade die Frage vorlegen,
369 1313 2060 1427 ob Sie nicht einen schönen Einakter für mich haben, als
369 1404 2060 1557 Ihr Brief vom S.eintraf. Ich habe nämlich die Absicht,
374 1538 2056 1645 die Komödie von Morgré, der Arzt seiner Ehre, die in der
374 1659 2088 1759 Neuen Rundschau steht, aufzuführen und möchte damit zwei
374 1768 2134 1875 andere kurze Stücke in Verbindung setzen, so zwar, dass der
369 1872 2134 1979 Abend ganz nach der heitern Seite geht, oder aber gemisch-
367 2000 2083 2100 te Gefühle erweckt. Im zweiten Fall dachte ich an L'in-
383 2107 2093 2220 truse, im ersten an die Medaille von Thoma, beides in der
371 2227 2104 2336 Voraussetzung, dass Sie mir einen funkelnagelneuen Einak-
380 2357 2035 2462 ter dazu geben. Sollten Sie gar deren zwei stiften, so
369 2482 2134 2571 fielen wohl die Eindringlinge M. und Th.; sollten Sie gar
369 2578 2053 2694 keinen geben, so blieben noch Ruppenspieler für den ge-
374 2682 2104 2816 mischten, Literaturfür den ungemischten Abend, den ich ev
374 2837 1612 2928 schon im September veranstalten wollte.
589 2891 1970 3044 Aus diesem Grunde wäre es mir sehr erwünscht,
371 3042 2081 3160 wenn Sie schon jetzt für Reinh. die zwei Sächelchen ge-
374 3183 1995 3318 ben, da dann gewiss eine ungeheuere Reclane losgehen
3617 432 4250 650 Monsieur M.M.t.
4341 984 4619 1083 11.8.04
2863 1049 4471 1192 würde,die unsern, nur mit einem neuen (oder älteren)
2879 1179 4645 1288 Schnitzler ausgestatteten Abend beschattete. Da die Leute
2879 1299 4487 1415 immer gleich ein Entweder-Oder wittern, so würde der
2898 1418 4417 1520 Saisonbeginn unter den Eindruck gestellt werden:
2874 1547 4631 1636 Schn. gibt jetzt dem R. sein Neues. Ich kann Ihnen nicht
2879 1650 4624 1766 sagen, wie widerwärtig (eck-ckelhaft) mir solche Erwägun-
2879 1784 4543 1895 gen sind, aber da man leider nicht in Agnetendorf - wo
2884 1879 4543 1986 es wunderschön ist,wie in Wien! - sondern in der Welt
2879 1995 4589 2102 lebt, so sind sie unabweisbar. Mein Wunsch wäre deshalb,
2884 2111 4556 2223 nach der R.-Seite, dass Sie, wenn sich die Ueberlassung
2886 2234 4608 2366 der Stücke an ihn nicht vermeiden lässt,- sie vertagten,
2895 2371 4605 2471 bis wir mit unserm Einakterabend zu Stuhl kämen, und bis
2891 2471 4489 2601 wir ihr neues, geehrtes und abendfüllendes Lustspiel
2886 2615 4751 2714 ankündigen könnten. Das würde also - bei der Notizen lüstemheit
2898 2691 4594 2814 des „Neuen und Kleinen“ heissen, dass Sie ihm ausdrück
2895 2819 4591 2956 lich jegliche Verlautbarung untersagten; sonst geht es
2905 2928 4617 3069 wie mit Israels, den sie fragten,ob er zu „Ghetto“ Skiz-
2905 3072 4624 3199 zen liefern wolle, worauf er stumm und stummer blieb, sie
