5008 4136
1460 830 1694 932 1.3.02.
223 914 1687 1027 bitten,mir etwas mehr „Spiel“raum zu gewähren.
219 1025 1915 1133 Bei Schönherr glaubt ich wohl eine Theaterwirksamkeit
239 1144 1964 1272 besonders in der Feuerscene zu verspüren, und dass er im
230 1244 1911 1363 Stil etwas Neues sucht - ich habe aber nicht den Ein-
232 1378 1935 1495 druck, dass er's gefunden hat. Was er gibt und wie er's
239 1509 1957 1606 gibt wirkt auf mich - verzeihen Sie das harte Wort, das
250 1641 1182 1727 alte Wort - nicht als poesie.
716 1754 1250 1855 Herzliche Grüsse
1199 1869 1405 1955 Ihres
1400 1981 1568 2056 O.B.
3413 755 3569 846 102 -
3527 835 4197 978 Berlin, 13. März 1902.
2721 932 3583 1096 Herrn Dr.Arthur Schnitzler
3545 1062 4230 1206 Wien IX.Frankgasse 1.
3002 1182 3841 1334 Sehr geehrter Herr Doktor!
2951 1303 4455 1431 Die Direktion hat in Aussicht genoimen, die „Lie-
2737 1431 4453 1579 belei" nächst ens wieder aufzunehmen. Nun hat aber auch
2750 1551 4431 1663 das Schillertheat er das Aufführungsrecht erworben und
2748 1668 4508 1782 es wäre misslich, wenn wir mit diesem collidiren sollten.
2737 1782 4508 1924 Wir können uns beim Schiller - Theater nicht direkt über
2739 1930 4395 2041 dessen Absichten informieren und da auch Herr Entsch
2739 2036 4512 2138 sich ausser Stande erklärt, eine vertrauliche Mittheilung
2757 2156 4413 2264 zu vermitteln, so möchten wir sie freundlichst bitten,
2750 2273 4442 2363 doch Ihrerseits beim Schiller-Theater ohne E/rwähnung
2750 2399 4524 2496 des „Deutschen Theaters“ anzufragen, ob das Schiller-Thea
2770 2520 4482 2622 ter die „Liebelei" noch in dieser Saison zu geben beab-
2768 2633 4462 2734 sichtigt und in welcher Zeit dies dann geschehen soll.
3013 2754 4495 2840 Für eine möglichst baldige gefällige Mitteilung
2770 2860 4201 2980 wird Ihnen die Direction sehr verbunden sein.
3114 2942 3622 3030 Hochachtungsvoll
2942 3019 3819 3112 Deutsches Theater zu Berlin
3784 3048 4336 3170 Dr. Moriz Ehrlich
