5015 4088
1038 738 1226 911 224
1791 841 2043 983 4.2.08.
466 926 2177 1064 kriegen den Bass. nicht an den Heinrich und auch nicht
473 1086 2203 1178 an den Remigio, er wird immer unträtabler. Reicher Rade-
460 1215 2218 1318 macher einverstanden; im Uebrigen werd ich Ihnen seinen
473 1299 2151 1428 "Tauf"schein - sit venia verbo - schicken müssen,wenn
471 1406 2170 1559 Sie ihn ferner für Gilbert candidiren. Ich habe Forest
473 1548 2197 1658 un Aussicht genommen, der vielleicht dem Liebhaber etwas
477 1667 2190 1770 schuldig bleiben wird, aber sehr komisch ist; im Salten
475 1772 2188 1903 war er erschütternd. Jackworth gleichfalls Forest. Den
477 1903 2186 2013 Stieb r werden wir noch etwas zureiten für den Suppen-
484 2050 2116 2122 spieler, dann wids gehen, er hat einen geistigen Auf-
477 2137 2094 2232 schwung genommen! Reicher scheint mir da unmöglich;
477 2258 2105 2381 und als Rademacher wird es umso besser sein, wenn er
484 2352 2177 2483 nur diese eine Portion zu verdauen hat. Leonardo Stie-
491 2490 1130 2619 ler, Remigio Decanli
692 2593 2203 2724 Im Frühjahr werden wir aller Wahrscheinlichkeit
475 2711 2208 2847 nach kommen, abgeschlossen ist noch nichts. Hoffentlich
477 2838 2236 2952 hat sich bis dahin aus Ihren Plänen auch etwas für das
491 2943 1524 3079 künftige Tessing-Th. entwickelt.
3478 753 3653 904 224
4249 729 4514 869 4.2.08.
2976 894 4612 1012 Für Ihren Empfohlenen hätt ich keine Verwendung, auch
2994 1029 4095 1148 wenn ich seinen Namen lesen könnte.
3005 1145 4514 1272 Ich trage noch nach, dass ich nicht ein Opfer der
2998 1237 4693 1382 Ueberzeugung bringe durch Bevorzugung des „Puppenspie-
3007 1364 4700 1489 lers“ : ich halte ihn für die Bühne stärker, weil er ein
3000 1496 4689 1616 ganzes Schicksal entfaltet.-Würden Sie den Ruf des Le-
3011 1618 4669 1724 bens von uns in Wien gespielt haben wollen und den 3.
3011 1708 4641 1872 Akt, wie Sie mal sagten, umarbeiten? - Borkmann künst-
3011 1851 4704 1962 lerischer Erfolg, Kasse mittelstark.Es ist ein scheuss-
3029 1932 4724 2074 licher Theaterwinter bei allen „ernsten“ Bühnen. Alles
3022 2091 3872 2221 Gute und tausend Grüsse Ihr
3883 2146 4034 2232 O.B.
3042 2247 4358 2394 Ich fahre oben auf paar Tage nach München.
