4978 4056
595 368 939 544 1.1.11 11
1024 604 1781 805 59 Wien, 29.12.1905.
453 765 931 861 Lieber Freund,
465 869 2027 984 die Zeit vergeht, u. ich hör nichts über Somoff. Es
470 973 2053 1099 scheint also, dass diese Hoffnung aufzugeben ist, u.
478 1101 2089 1201 so bitt ich Sie nur, möglichst ohne Verzögerung nach
476 1211 2093 1332 der andern Seite (Christoph?) Auftrag zu geben. Sie
476 1315 2165 1462 begreifen gewiss, dass mir daran liegt, über diese Dirge
482 1447 1630 1570 mögl ichst bald Klarheit zu bekommen.
478 1577 2034 1689 Ebenso dringend scheinen mir die Besetzungsfragen
478 1687 2059 1830 nach ihrer Lösung zu drängen. Katharina wollen wir
478 1808 2085 1925 noch ein paar Tage in Schwebe lassen, aber wie steht
495 1932 1141 2051 es mit der Oberstin?
489 2057 2189 2161 Ist es aus irgend einem Grund nicht möglich, alle diese
489 2157 2076 2286 Dinge möglichst bald zur günstigen Entscheidung zu
495 2293 2163 2399 bringen, so würde ich Ihnen vorschlagen, den Ruf lieber
489 2401 1547 2527 aufs nächste Jahr zu verschieben.
761 2527 1944 2650 Herzlichste Grüsse und gutes Neujahr.
1364 2716 1517 2843 A.S.
3517 701 3763 837 57 60
3827 765 4348 892 Wien, 23.1.1906.
3034 971 3502 1067 Lieber Freund,
3039 1094 4688 1228 nach allem, was ich lese, bin ich dafür dass die Orloff-
3047 1205 4690 1343 die Katharina spielt. Ich finde die Worte in den Kri-
3054 1326 4666 1458 tiken über sie, die mir für die Katharina die wesent-
3030 1460 4622 1572 lichsten scheinen: jung, schwebend,heiss:- nach der
3064 1581 4690 1700 Hedwig (Sie wissen wie gut sie mir gefiel) konnt ich
3047 1687 4700 1832 nicht ahnen, dass ihr auch das heisse, schwebende zu Ge-
3041 1817 4730 1917 bote steht. Kommt noch dazu, dass sie jetzt den grossen
3045 1930 4677 2034 Erfolg gehabt hat;- sie hat also in dieser der Pippa
3041 2027 4696 2148 wie mir scheint nicht unverwandten Rolle schon im Au-
3041 2174 4709 2291 genblick des Auftretens gewannen. Frau Kraus kenn ich
3030 2304 4707 2412 nicht; nach Ihrem heutigen Brief scheint sie mir nicht
3034 2406 4707 2539 jung genug - und der sentimentale Ton, den Sie mir an-
3030 2535 4739 2610 preisen, ist für die Katharina der, den ich am wenigsten
3041 2658 4694 2743 haben möchte. Kurzum, von hier aus gesehen: Frau Kraus
3030 2775 4582 2873 unsicher, Frl.Orloff absolut sicher. Ich denke, das
3024 2875 4713 3043 Stück ist weiberlicherseits mit Frl.Schiff eben belas-
