5047 4153
2153 458 2407 584 : : —
3393 447 3610 587 : 1:
4347 475 4551 600 1 1:1
1193 415 1708 636 Votre â Monsieur,
2652 666 2838 851 Anno
1113 786 1283 894 286
3412 801 3576 922 287
3709 776 4272 952 Berlin, 1.4.1911.
1283 840 1760 988 Wien, 3.2.1911.
3354 982 3820 1096 Lieber Freund,
494 999 2196 1128 Lieber Freund, Ihre Stunde sei „meine Stund“: demnach
2920 1072 4596 1225 Lessings weites Land ist nun in Ihren Händen, das mei-
520 1102 1725 1214 1½, - wenn es nicht etwas später wird.
2935 1188 4549 1339 nige bleibt Ihnen noch eine Weile erspart. Ich habe
1214 1212 1498 1349 Ihrigst
2948 1298 4656 1433 eine recht unruhige Zeit hinter mir, die Campagne gegen
1444 1326 1594 1463 O.B.
2948 1435 4547 1554 die Lustbarkeitssteuer, von der Sie, wie ich annehme,
2963 1556 4530 1693 gelesen haben; da sie glücklich zu enden scheint -
2957 1663 4508 1829 underufen, unberufen - so ruft es nun auch in mir:
2976 1764 4532 1915 Auf, flieh hinaus ins weite Land; und ich denke an
2978 1893 4641 2035 einiges, Gries oder auch italienische seen. Sagen Sie
2987 1992 4671 2190 mir bitte Ihse nunigen Pläne und ob wir uns etwa tref-
2980 2108 4669 2256 fen könnten. Ich hoffe auch gegen den 10. abreisen zu
3000 2215 4680 2383 können; aber Rêviera ist mir ein bischen weit, und aus-
3008 2342 4534 2508 serdem liebe ich sie nicht ( Sie aber desto mehr)
3015 2475 4536 2639 und ausserdem ist es dafür wohl auch schon etwas
3023 2598 4508 2746 spät. Mit herzlichen gut en Grüssen für Sie Alle
4038 2654 4345 2744 Ihr O.B.
3025 2744 4598 2918 Wien hab ich so ziemlich aufgegeben, denke mich mit
3043 2826 4665 2978 „G.u.H“,das bis jetzt glänzendst ging, im Lande red-
3030 2860 4759 3038 lich zu nähren. Ich reise also nicht mit den „Kindern";
3032 3017 3303 3101 und Sie?
