5038 4058
1240 786 1824 928 Berlin, 4.2.1906.
889 994 1341 1135 Lieber Freund,
415 1060 2092 1256 falls Sie mich heute zu sprechen in der Lage sind, sei
448 1157 2140 1387 folgendes gemeldet: ich muss jetzt in eine Versammlung
441 1275 2142 1493 gegen die Billetsteuer,werde um 2i bei Jonas essen, die
459 1447 2061 1616 Sie freundlichst und herzliehst hiermit gleichfalls
463 1539 2116 1736 laden, bin von 6 ab zu Haus disponibel und erwarte ev.
457 1703 1440 1846 dort Sie oder eine Mittheilung.
817 1844 1223 1965 Viele Gr端sse
1216 1932 1662 2059 Ihres eiligen
1618 2004 1780 2138 O.B.
3806 777 4386 946 Berlin, 18.2.1906.
3413 790 3571 931 196
3499 1014 3962 1161 Lieber Freund,
3018 1126 4757 1295 ich stehe zwischen 6 und 11 Uhr zur Verf端gung und bitte
3018 1253 4783 1411 mich wis sen zu lassen, wann ich Sie erwarten oder treffen
3018 1400 3200 1547 soll.
3229 1493 4381 1631 Telephonisch heis se ich: Amt 2,1501.
3538 1613 4487 1749 Herzliche Gr端sse f端r Sie Beide
3716 1749 3922 1872 Ihres
3901 1850 4063 1956 O.B.
