4907 4007
918 388 1080 549 11 -
1606 662 1955 815 (13.8.04.)
309 815 1934 965 deshalb, weil damit ein von Ihnen vor wenigen Wochen
317 954 1959 1070 nicht ohne Sympathie aufgenommener Vorschlag meiner-
326 1083 2054 1198 seits- die Wiederaufnahme des ganzen Lebendige Stunden-
319 1188 2030 1316 Cyclus in Repertoire- abgelehnt erschiene. Der Puppen-
334 1327 2039 1441 spieler steht Ihnen zu dem gedachten Zwecke lieber zur
334 1464 692 1576 Vorfügung.-
334 1537 2015 1676 Natürlich wäre es auch mir lieb, wenn mein neues Stück
332 1676 2032 1784 im lessingtheater schon vor dem eventuellen Reinhardt-
352 1811 2060 1912 Abend resp. vor dessen Ankündigung eingereicht, angenom-
358 1929 2019 2032 men und angezeigt werden könnte,und wie das Ding bis-
345 2015 1996 2146 her läuft, scheint es zu diesem Anlass zurecht kommen
345 2159 1899 2272 zu können; ich habe heute die erste Niederschrift
364 2285 2043 2392 (zum Theil höchst skizzenhaft) des 2.Aktes abgeschlos-
364 2377 2002 2493 sen, denke den dritten in gleicher Weise im Laufe der
352 2517 1981 2611 nächsten Woche zu vollenden, dann diktiere ich, nehme
358 2626 1983 2753 mir das Zeug auf eine kleine Reise mit und werde da
364 2738 2015 2873 jedenfalls zur Klarheit kommen,ob und wann es fertig
358 2881 2052 3003 werden kann. Die Wolken ziehen noch immer drüber, aber
4011 650 4363 840 (13.8.04.)
2738 825 4425 980 es sind zarte Dämmer, nicht Gewitterwolken- es gibt so
2746 950 4463 1080 viele derbe Lustspiele, warum soll es nicht auch ein
2750 1083 3194 1216 herbes geben.
2753 1198 4337 1316 In Hinsicht auf den E.W. haben mich E.V. zum Theil
2759 1282 4412 1443 missverstanden; ich dachte nicht an eine Aenderung der
2770 1438 4348 1548 Schlussszene des 1.Aktes, sondern an eine Aenderung
2759 1550 4348 1670 der Anfangsszene- so zwar, dass schon zu Beginn des
2768 1664 4444 1790 ersten Aktes das Verhältnis zwischen Sala und Johanna
2768 1794 4455 1908 ein erklärtes wäre- aber das hätte mir vor der Premie-
2768 1917 4448 2049 re einfallen müssen. Mit dem 4.Akt ist u.bleibt es ei-
2776 2034 4429 2148 ne schwere Sache. Johanna ist nun einmal was sie ist
2780 2135 4491 2305 und gegen Figuren, die -dem Autor gegonüber wenigstens -
2789 2268 4478 2380 sich ihres Lebens brüsten, ist später schwer etwas aus-
2783 2386 4450 2508 zurichten. Immerhin- es ist vielleicht wichtiger, dass
2793 2527 4425 2628 ein Stück lebendig als dass eine Figur daraus eigen-
2793 2665 3286 2748 sinnig bleibt.-
2789 2757 4461 2847 Die Grüsse aus Agnetendorf erwidere ich herzlich; das
2806 2888 4438 2991 Hauptmann nun endlich in die ersehnte Ordnung kommt,
