5038 4058
1310 779 1888 971 Berlin, 20.2.1906.
936 779 1109 923 197
958 995 1124 1129 L.F.
442 1118 2203 1304 Die Striche, die ich zu Ehren der blauen Kürassire blau
457 1223 2209 1418 bezeichnet habe, stehen auf dem hinteren Deckel, gleich-
466 1387 1052 1538 falls blau, notirt.
1772 1483 2115 1597 eigentlich
1032 1481 1426 1630 Viele Grüsse
1516 1603 2139 1735 sen sollte. Zumal wenn
1544 1700 2144 1835 Menschen gemeinsam
1299 1732 1479 1859 O.B.
1089 1816 2233 1975 gezogen wird; die nächste Vorstellung
1280 1942 2098 2087 M. gelangt. Zum Vergleich
1306 2056 2102 2183 miffer her, die „Pippa“ und
542 2054 755 2214 tue 10
1074 2163 2222 2314 konnabend ergaben, nach der Première na-
1372 2295 2168 2441 das "Zwischenspiel" ergab
536 2312 849 2446 Urlich: 38
1260 2413 2135 2557 was nicht hinderte, dass die
529 2446 884 2572 der ersten So
1323 2535 2098 2669 wies (beides ohne Verein,
3756 820 4305 989 Berlin, 7.4.1906.
3345 1013 3804 1138 Lieber Freund,
2968 1109 4710 1256 Sie haben offenbar übersehen, dass der 10.März ein Som-
2971 1247 4714 1365 abend,d.h. ein anormaler Tag war; die vorhergehende Auf-
2984 1367 4681 1468 führung präsentirte sich aber,mit 1100 $M., so wenig er-
2984 1470 4668 1584 freulich, dass das Verschwinden des Stückes eigentlich
2982 1582 4668 1711 keiner weiteren Erklärung bedürfen sollte. Zumal wenn
3001 1711 4642 1829 die fallende Sucht, die Stücke mit Menschen gemeinsam
2995 1848 4756 1956 haben, in Rücksicht gezogen wird; die nächste Vorstellung
2988 1964 4598 2069 wäre totsicher unter 1000 M. gelangt. Zum Vergleich
3008 2058 4616 2183 setze ich Ihnen noch die Ziffer her, die „Pippa“ und
3008 2181 4738 2325 „Stein“am ersten Sonnabend ergaben, nach der Premiere na-
3012 2308 4666 2406 türlich: 3800 und 3400. Und das „Zwischenspiel“ ergab
3006 2430 4640 2562 am ersten Sonnabend 1869, was nicht hinderte, dass die
3006 2540 4725 2678 nächste Vorstellung 841 aufwies (beides ohne Verein, wie
3001 2678 4084 2804 auch die Pippa- und Stein-Ziffer).
3220 2778 4745 2892 Hoffentlich genügen Ihnen nun diese ästhetischen
3008 2870 4462 2962 Gründe, und die Befremdung weicht der Einsicht.
3430 2927 3977 3030 Herzlich grüssend
