5041 4088
1308 789 1464 925 270.
1147 831 2261 1011 Karlsbad, Villa Charlotte, 12. 6. 1910.
745 941 1202 1099 Lieber Freund,
455 1039 2208 1211 das weite Land findet mich in Ihrem engeren Land. Schon
453 1184 2193 1347 längst hätte ich Ihnen Beiden für Ihre Schweizer Grüsse
455 1310 2165 1446 danken sollen, und ich bin froh, dass die gute Botschaft
453 1417 2215 1558 von der mir zugedachten Sendung es mich wenigstens jetzt
446 1532 2092 1683 tun lässt.- Wir haben bis Ende Mai in B. gemimt, dann
439 1655 2145 1787 eine Woche in Hamburg, mit schmetterndem Erfolge, Ibsen.
446 1782 2112 1927 (Wie mag es M.R. in Wien ergangen sein, wirklich, nicht
433 1892 2134 2028 zeitungsmässig angesehen?) Jetzt hab ich eine Kurwoche
433 2013 2195 2169 schon hinter mir, und 2-3 weitere vor mir. Es ist möglich.
422 2143 2189 2307 dass ich dann auf den Semmering gehe, und gewiss, so hoffe
422 2241 2178 2426 ich, dass ich Sie dann sehe.- Was macht das Aerztestück?-
422 2375 2105 2485 Ich bin, so eifrig wie's die Kur erlaubt, an Kleist-Stu-
404 2492 2092 2613 dien, für eine neue Auflage der Biographie, die ich vor
391 2586 1053 2731 27! Jahren schrieb.
1057 2716 1345 2850 Herzlich
382 2925 2110 3026 Wenn Sie diesen Wassermann sehen, bitte ich ihn sehr zu
380 2975 2074 3096 grüssen, ich freue mich seiner Vorsätze, nach Seis aber
382 3033 1081 3164 komme ich schwerlich.
3606 795 4613 947 27 Karlsbad, 21.6.1910.
3454 930 3927 1086 Lieber Freund,
3024 1050 4725 1195 Ihr Stück hab ich mit grosser Freude gelesen und danke
3037 1180 4661 1312 Ihnen sehr, dass Sie es uns überlassen wollen. Es er-
3030 1305 4650 1437 scheint mir nicht nur dichterisch als ein Höhepunkt
3017 1411 4718 1551 in Ihrem Schaffen (etwa dem „Einsamen Weg“ nahe), nicht
3024 1507 4760 1674 nur ausgezeichnet in der Charakteristik - den Friedrich
3011 1650 4725 1791 empfinde ich als eine Ihrer besten Gestalten - sondern
3015 1756 4722 1879 auch durchaus neuartig im Stil, den ich, wenn Sie nichts
3011 1859 4650 2024 dagegen haben, als pointillistisch ansprechen möchte.
3017 1954 4718 2143 Wie weit sich der auf der Bühne behauptet, ist freilich
3017 2132 4678 2257 ein Problem; aber eines, an dessen Lösung ich mich mit
2997 2237 3694 2362 Eifer betätigen will.
3000 2356 4637 2488 Hofreiter-Monnard,Genia-Triesch, Otto-Stieler, Natter-
3000 2459 4766 2615 Reicher einverstanden. Lehmann-Meinhold auch, wenn es mit
3000 2595 4667 2725 den zeitlichen Dispositionen zusammengeht; man könnte
3004 2707 4685 2848 auch an die Lossen denken. Aigner-Sauer ja, wenn er ge-
3000 2826 4674 2967 sund genug wird; fortgegangen ist er leider,leider in
3000 2953 4692 3087 recht übler Verfassung. Weiteres können wir bald münd-
2989 3011 4722 3184 lich besprechen, denn es ist höchste Wahrscheinlichkeit,
