5007 4024
1669 771 1958 877 27.1.06.
890 742 1044 894 194
267 879 2029 1064 gut gespielt hat und, im Costüm famos aussehend, einen er-
286 978 2026 1154 freulichen Leutnant hinstellen wird.- Walser hat die De-
280 1086 2020 1277 korationsskizzen jetzt geliefert, wir haben morgen Confe-
800 1238 1134 1326 Inpekomen
286 1214 2044 1394 renz mit ihm und Inspektonan. Als Bilder machen sich die
284 1333 2044 1540 Sachen reizend, und hoffentlich gelingt es, mögl ichst viel
304 1443 1984 1632 davon auf die Scene zu zwingen. - Frl.O., um noch auf
304 1566 2051 1762 ein Wort Ihres Briefes einzugehen, ist als Pippa durchaus
308 1716 2002 1859 nicht, heiss," das ist wohl Hr.Fritz Engel, dem Sie dies
311 1837 1980 1982 unzutreffende Wort verdanken? Frau Kraus mag ungefähr
308 1929 2035 2108 26 sein, also so jung,wie die jüngsten Burgtheaterdamen;
322 2033 2002 2209 sie hat bei uns Rautendelein ge spielt. Das Sentimentale
326 2161 1991 2337 wollen wir ihr ja auch abgewöhnen,darin sind wir ganz
335 2348 978 2478 einig, lieber Freund.
555 2388 1967 2526 Eben kam noch Ihr Telegramm wegen der Striche
335 2520 2026 2661 herübergewandert. Das Stück ist wohl nicht lang - aber
350 2621 1987 2782 der 1.Akt! Es kann übrigens eine Länge auch in einer
344 2751 2044 2918 Kürze liegen, sozusagen. „Pippa“ war von Haus aus nicht
346 2850 2062 3022 lang, und doch hat Hauptn so viel gestrichen resp. strei-
3487 780 3641 901 194
4337 828 4627 960 27.1.06.
2912 958 4665 1101 chen lassen, dass es jetzt nur 2 Stunden spielt! Ich will
2925 1084 4678 1220 gewiss nicht jeden einzelnen, vorgeschlagenen Strich ver-
2923 1185 4533 1352 teidigen, aber manche schienen mir gut! Nun, darüber
2943 1324 4597 1460 werden wir uns schon einigen; natürlich bleibt alles,
2925 1443 4590 1586 was Sie beibehalten wollen, „offen“. - Bitte schreiben
2936 1529 4612 1709 Sie mir  recht rasch, damit ich die Rollen austheilen
2934 1716 3128 1821 kann.
3354 1817 3641 1916 Herzlich
3762 1907 3949 2035 O.B.
2936 2033 4705 2141 P.S. P.3.hat sich für die Premiere in Aussicht gestellt.
2949 2156 4623 2266 Vertraulich. Ich ver handle wegen eines Gastspiels mit
2956 2273 3361 2405 an der Wien.
