5010 4057
1028 723 1187 843 207
996 795 1915 930 Noordwijk aan Zee, 21.7.1906.
882 985 1331 1126 Lieber Freund,
388 1081 2048 1242 ich erfahre natürlich sehr gern, dass Sie so productiv
388 1218 2059 1368 sind. Zwar habe ich das über den Einakter Gesagte, und
403 1329 1994 1492 wie er sich zu einem Cyclus verhält, bis heute nicht
386 1464 2076 1604 entziffern können (das gründl iche Studium bedingte die
399 1590 2059 1721 späte Antwort), freue mich aber um so mehr über den Be-
388 1697 2089 1830 ginn des A-Stück es, das wir vielleicht in Zukunft, im In-
392 1815 2052 1952 teresse der xxxx Discretion, das B-Stück nennen
392 1919 2013 2070 können, oder das A-B-C-Stück - da es gewiss ein A-ß-C
373 2072 2046 2183 neuester Dramatik und vornehmster Poesie werden wird -
375 2174 2076 2266 jedenfalls schläft es in meinem verschwiegensten Busen-
392 2272 2013 2386 theil eben so tief, wie es in ihrer phantasie wachsen
375 2392 954 2512 und gedeihen möge!
597 2477 1963 2641 Aber für Ihre Intuition, die mich mit Marien-
364 2649 2035 2741 Lyst fangen will, fürchte ich, vieltheurer Meister: ich
381 2754 2004 2856 sitze hier recht fest, und 24 Stunden Fahrt sind kein
364 2872 2028 2948 leerer Wahn. So denke ich denn bis zum 1. August dazu-
381 2970 2089 3135 bleiben, und dann will ich etwas ziemlich Verrücktes ma-
3530 734 3713 872 207
4275 739 4573 919 21.7.06.
2880 889 4543 1037 chen, nämlich mich auf etwa 8 Tage nach Berlin setzen
2893 1035 4571 1161 und einen Jbsen-Artikel schreiben, der zwar hier schon
2893 1157 4510 1281 lebhaft gegen meinen Schädel hämmert, aber sich doch
2893 1268 4591 1394 sträubt, in Holland zur Welt zu kommen. Dies vollbracht
2880 1388 4503 1516 habend, werd ich wohl noch mal ausfliegen; aber dann
2880 1497 4630 1628 sind Sie ja schon am Aufbruch, und ich dirigire mich ver-
2880 1606 4249 1752 mutlich helgolandwärtspder ins schläsische.
3089 1728 4567 1867 Die ersten Bände des Bülow kenne ich gar nicht,
2869 1841 4534 1989 ich glaube, bei Nr.3 hab ich begonnen. - Fr.Jonas und
2880 1970 4617 2102 ihre Kinder sind jetzt hier und wir alle grüssen Sie al-
2869 2070 3981 2246 le herzlich und freundschaftlichst.
3789 2270 3939 2388 O.B.
