5049 4088
1670 744 1925 885 9.4.08.
941 830 1106 941 230
404 911 2100 1129 auf; und was Marie anlangt, so kann sie ja im 3.AKt al-
421 1046 2032 1228 les sagen - siehe oben! Mein Aktschluss bliebe also
419 1149 2079 1320 S.97 oben: „totenblass und ruhig“, über diesen stummen
443 1292 1600 1444 Moment liess ich den Vorhang sinken.-
723 1386 2032 1538 Ein Zusammentreffen im Mai wäre schön und
441 1504 2109 1698 nicht gerade ganz underkbar. Sagen Sie mir bitte, wenn
453 1643 1807 1790 die Zeit erfüllet ist,Ihre genaueren Pläne.
768 1743 2177 1895 Alles Gute für Sie Beide und den Herrn Heini-
1330 2006 1484 2132 O.B.
496 2100 2216 2308 Ueber den Gang der „Lehendigen St." sind Sie inzwischen
500 2211 2083 2434 informiert und wissen also, dass Goldm.'s Nachricht
520 2310 2216 2552 auf der Höhe seiner aesthetischen Einsicht ist. Gleich
520 2487 2184 2652 nach Ostern will ich die Stücke aber nochmals geben.
530 2654 1221 2776 Was machen 6-7 neuen?
3822 843 4395 952 Bori in, 22.4.1908.
3454 1050 3933 1144 Lieber Freund,
3058 1134 4724 1268 heute scheint endlich die Sonne mal wieder, (zur Feier
3078 1264 4718 1377 der Wiederaufnahme der Leb.Stunden) und sie wird hof-
3071 1373 4712 1499 fentlich auch nach Währing dringen und bei Frau Olga
3084 1516 4748 1628 und Ihnen die Schnupfengeisterchen vertreiben. Schön
3084 1628 4701 1730 wär's,wenn wir uns im Mai treffen könnten,da um Mün-
3084 1730 4697 1839 chen hermm; ich denke daran, von unseren Prager Gast-
3095 1848 4761 1957 tagen weg, am 8.Mai nach M.zu fahren, dahin, wo Sie sind,
3099 1978 4611 2105 in Bayern oder Salzkammergut; und dann Mitte Mai
3101 2092 4699 2220 zu der Eröffnung des Münchner „Künstlertheaters“ zu
3101 2216 4667 2346 gehen - „alles dies Project“, wie der Dichter sagt.
3411 2314 4699 2421 Bitte sagen Sie mir, wie Ihr Fahrplan sich
3114 2427 4675 2569 weiter entwickelt. Und nehmen Sie herzliche Grüsse
3657 2571 3837 2658 Ihres
3848 2609 4006 2733 O.B.
