5037 4040
1392 821 1956 954 Berlin, 27.9.1905.
777 947 1254 1093 Lieber Freund,
381 1095 2091 1206 besten Dank für den „Ruf des Lebens“; ich habe erst den
369 1212 2024 1319 3. Akt und dann das Ganze noch einmal gelesen und mich
383 1319 2157 1423 in den stilleren Gang des Neuen nicht ohne einen gewisen
383 1443 2002 1551 Ruck und Zwang gefunden. Sie fragten mich s.Zt., wie
381 1538 2133 1679 ich mir den 3.Akt dächte,und ich antworte nun: beengter,
400 1642 2024 1797 mehr aktiv was die Marie anlangt, dem Stil des 1. und
383 1759 2002 1885 besonders des 2.Aktes in der Hast und dem Drang des
394 1923 2051 2049 Vortrages näher. Ist man erst über dies Bedenken weg,
400 2036 2071 2124 so wird man die Schönheiten und Weinheiten auch dieser
392 2157 2086 2248 Scenen dankbar empfinden, unter denen die (mehr episodi-
409 2259 2031 2363 sche) der Katharina die frappanteste und zwingendste
394 2396 2097 2480 ist. Jedenfalls trifft der Vorwurf des Novellistischen
400 2478 1686 2615 den Sie sich machten, hier am ehesten zu.-
597 2589 2024 2735 Sp weit der Freund, das urteilende Individuum,
400 2708 2173 2843 das Sie angerufen haben; der zur Ruhe verwiesene Direkt er
400 2845 1254 2974 schweigt, -bis auf Weiteres.
4279 790 4549 931 27.9.05.
3131 905 4682 1035 Die Darstellung der Schicksale des Zwischenspiels
2934 1013 4604 1159 beim Nachbar wirkt sehr überzeugend; dieses Verhalten
2934 1117 4635 1263 nennt man dort eben „ablehnen“. Die Mitteilung, der ich
2945 1263 4646 1383 noch nachgegangen bin, stammt von einem Wohlinformierten
2943 1376 4657 1516 jenes Kreises, und war jedenfalls echt - in jedem Sinne.
3153 1482 4717 1608 Hoffentlich haben Sie von der Fülle Ihrer thatra-
2945 1597 4538 1735 lischen Erlebnisse sich noch ein bischen gelüftet -
2958 1710 4697 1872 doch nicht so gründlich, dass Sie nicht ev. Lust hätten,
2951 1834 4682 1962 es nach dem historischen 12.Oktober mit mir nochmals zu
2969 1938 4562 2084 tun? Ich würde gern noch ein paar schöne Herbstage
2965 2082 4640 2193 verspazieren. Auf Wiedersehen,wünsche ich,in 14 Tagen.
3589 2190 3850 2314 Herzlich
3929 2274 4111 2429 O.B.
3036 2412 3193 2513 G.H.F.
2989 2405 4673 2637 Was ist aus der Scene an der Donau geworden, die den 2.
2985 2609 3761 2752 Akt beschliessen sollte?
