5049 4088
1108 353 1466 510 1.    J 7.
1163 778 1347 905 229
1620 821 2189 975 Berlin, 27.3.1908.
1026 952 1497 1112 Lieber Freund,
594 1089 2259 1252 zwei Zeilen in Eile, nebst schönem Dank für Ihren lie-
601 1212 1734 1339 ben, ausführlichen und ulkigen Brief.
901 1341 2157 1470 Ich kann, wie es scheint, nur das Raimund-
584 1457 2280 1593 Theater für dieses Jahr bekommen. Würden Sie da sagen:
584 1590 2229 1700 lieber nein? Oder rathen Sie mir, wie Harden und Hut -
590 1696 2149 1821 ten, es zu wagen? Und würden Sie den „Ruf“, wenn Sie
571 1815 2267 1961 ihn überhaupt gegen wollten, auch nach Mariahilf geben?
565 1918 1734 2062 Bitte telegraphiren Sie mir 10 Worte.
1170 2049 1525 2178 Herzlichst
1622 2217 1789 2301 O.B.
3466 757 3657 895 230
3906 789 4461 901 Berlin, 9.4.1908.
3479 973 3953 1087 Lieber Freund,
2995 1068 4558 1220 ich danke vielmals für das ausführliche Telegramm
3001 1212 4670 1343 und den „Ruf“. Meine Neigung zum Raimund blieb gemäs-
3018 1324 4621 1461 sigt; und jetzt schreibt mir auch der Herbergsvater
3012 1442 4683 1578 der „blauen Maus“, das Thierlein stelle sich so munter
3010 1559 4581 1703 an, dass er es im Mai in Wien weiter hüpfen lassen
3012 1681 4712 1798 will; ich muss also wohl unsere diesjährige Gastspiel-
3024 1798 4712 1914 idse endgiltig einsargen. Ueber den „Ruf“ will ich da-
3024 1904 4594 2026 her nur so viel sagen: wenn sie den neuen Schluss
3041 2045 4615 2157 des II.Aktes im dritten erzählen liessen, würde der
3035 2132 4731 2291 sonst gar nichts Stofflich-neue (von der Marien-Seite)
3054 2229 4712 2422 enthaltende Anfang nur gewinnen; während in der Leute-
3046 2352 4702 2534 nantsstube, nach dem Knall und Fall der Obersten-Fami-
3052 2479 4623 2675 lie, ein schnelles Ende mir nach wie vor wünschens-
3048 2625 4744 2775 wert erscheint: für ein langes Gespräch ist angesichts
3058 2739 4748 2853 der Leiche kein Raum, die neue Wandung in der Psycholo-
3065 2840 4700 2982 gie des Leutenants, so fein sie an sich ist, wiegt für
3052 2969 4676 3096 mich den Nachtheil des verzögerten Schlusses nicht
