4996 4371
1533 986 1869 1117 (27.1.06.)
452 1115 2069 1224 Kürze ist, wurde es für nötig gehalten, eine für den
457 1207 2049 1344 Obersten sehr charakteristische und wahrhaft nicht
465 1359 2073 1490 langweilige Stelle auf Seite 78 zu eleminieren. Ich
448 1475 2097 1576 gebe ihr hiemit das Leben wieder. In gleicher Weise,
459 1574 2144 1698 glaube ich mich berechtigt, auf Seite 86 und 87, die so-
459 1704 2101 1848 wohl für die Stimmung des Aktes, als für sie Idee des
459 1831 2024 1974 Stückes unentbehrlichen und nebstbei sehr schönen
457 1938 2139 2047 Stellen wieder aufzumachen. In der Scene zwischen Max
459 2064 2167 2163 und Irene konnte ich einige Striche gelten lassen. Kei-
459 2146 2150 2283 neswegs aber, den letzten auf Seite 93.klingt ihr heu-
459 2298 2107 2429 te aus allen Ecken hervor“. - Im 3.Akt möchte ich den
452 2416 2092 2532 Strich auf Seite 102 in der bekannten Schwebe lassen.
450 2504 2084 2658 Mit manchen andern bin ich ohne tiefere Ueberzeugung
446 2650 2161 2785 einverstanden.- Der Strich Seite 127-128 ist mir total
448 2804 2167 2881 unbegreiflich gewesen. Und ebenso wehre ich mich gegen
442 2911 2019 3010 die Zerstörung des Rhythmus im Ausbruch der Marie,
435 3008 2054 3145 Seite 129-130, Und nun zum Schluss. So sehr ich die
435 3160 2127 3241 Erwägungen zu ahnen vermag, die den verehrten Vandalen
3595 626 3782 722 Helsingin
4077 965 4410 1070 (27.1.06.)
2896 1053 4560 1218 (sollte es nur einer gewesen sein?) veranlasst haben,
2913 1224 4515 1361 den Bühnentod der Katharina zu eleminieren, so wenig
2896 1316 4553 1443 kann ich auf diese Scene verzichten, deren Inhalt als
2903 1402 4566 1541 Bild, Ausklang und ganz einfach in ihrer dramatischen
2913 1552 4478 1670 Dazugehörigkeit gleich unentbehrlich ist. Wird die
2920 1681 4500 1805 Rolle der Katharina von einer guten Schauspielerin
2926 1779 4568 1944 dargestellt,- und es wäre mir peinlich, diese Eventua-
2920 1886 4588 2060 lität von vornherein ausschliessen zu sollen - so ist
2931 2013 4313 2133 diese Scene ihrer Wirkung vollkommen sicher.
2928 2146 4603 2266 Entschuldigen Sie, lieber Freund, wenn etwas von meinem
2931 2287 4532 2425 Aerger, den ich über die massacröse Behandlung einer
2931 2375 4551 2540 mir sympathischen Dichtung empfunden habe, in diesen
2931 2491 4618 2635 Brief übergegangen sein sollte. Lassen Sie mich recht
2941 2624 4628 2763 bald Weiteres wissen und seien Sie herzlich gegrüsst.
3629 2862 3779 2973 A.S.
