5008 4136
1029 775 1727 937 Berlin, 9. April 1902.
584 992 1332 1108 Lieber Herr Schnitzler!
573 1049 1984 1238 Wegen Ihrer „literatur“ hat die „Freie Volks-
217 1179 1949 1343 bühne" heute bei mir angefragt; ich habe mich aber mit
230 1315 1883 1484 einer Erlaubnis zur Aufführung dieses Stückes leider
250 1414 1936 1602 oder vielmehr glücklicherweise nicht einverstanden er-
233 1534 1989 1721 klären können, da es ja bei uns auf dem spielplan bleibt.
250 1657 1923 1817 Ihre Anregung wegen „Freiwild“ für Wien werde ich mir
244 1769 1978 1958 überlegen; „Lebendige Stunden“ sind der Zensur bereits
259 1932 1253 2074 seit längerer Zeit eingereicht.
847 2017 1471 2136 Herzlichst grüssend
1594 2199 1758 2335 O.B.
3442 757 3593 869 105
3764 801 4458 909 Berlin, 21. April 1902.
2834 889 3685 1034 Herrn Dr.Arthur Schnitzler
3545 1029 4276 1152 Wien IX. Frankgasse 1.
3227 1152 4072 1251 Sehr geehrter Herr Doktor!
3216 1295 4561 1357 Aus den Zeitungen werden Sie wohl schon er-
2838 1409 4552 1484 sehen haben, wie schön die Wiederaufnahme von „Liebelei"
2840 1517 4574 1596 und „Kakadu"am Sonnabend verlaufen ist und ich kann Ih-
2821 1637 4449 1732 nen bestätigen, dass die wirkung warm und stark war.
2840 1749 4541 1844 „Freiwild" will ich gern im Auge behalten, wenn ich die
2816 1890 4577 1982 Aufführung auch nicht fest versprechen kann. Jedenfalls
2816 1991 4561 2083 bitte ich, mir die Aenderungen zu schicken, von denen Sie
2816 2129 4577 2221 geschrieben haben, und zwar bel digst, in mehreren Exempla-
2810 2241 4559 2327 ren, da unser Gastspiel, nach neuester Vereinbarung, schon
2810 2311 4533 2419 am 6.Mai beginnt. Remigio-Bassermann, Lionardo-Kayssler,
2803 2410 4506 2544 Gärtner und Dr.Tann-Meinhardt, sonst alles unverändert,
2810 2511 3547 2660 auch die Werthschätzung
3549 2630 4368 2785 Ihres herzlich grüssenden
4124 2823 4300 2919 O.B.
