5025 4122
1292 390 1748 592 Votre très-même.
1061 736 2090 883 88 Berlin, 16.Dezember 1901.
751 878 1595 1031 Herrn Dr.Arthur Schnitzler
1479 966 2028 1109 Wien IX.Frankg.1.
913 1022 1530 1167 Lieber Herr Doctor!
502 1149 2157 1296 Es thut mir recht leid, dass ich auf Ihren Wunsch we-
502 1261 2163 1399 gen der Besetzung des Rademacher nicht mehr eingehen
512 1393 2241 1528 kann, da Herr Reinhardt die Rolle bereits erhalten hat.
502 1515 2150 1629 Ich glaubte freilich darin mit Ihnen conform zu han-
502 1629 2150 1804 deln,da diese Besetzung Ihr erster Vorschlag war, auf
502 1744 2140 1866 den ich nur zurückgegriffen habe. Rittner halte ich,
502 1855 2150 1993 unbeschadet Ihrer angeführten Gründe, auch jetzt noch
506 1985 2144 2090 für nicht geeignet und die jetzige Besetzung für die
502 2092 2168 2219 zweckmässigste. Striche haben wir bisher nicht vorge-
489 2234 2140 2338 nommen. Sie selbst hatten ja auch s.Zt. meine Gründe
489 2335 2043 2465 gegen die Besetzung des R. mit Rittner gebilligt!
495 2473 1018 2589 Wann kommen Sie?
1020 2525 1584 2669 Herzlich grüssend
1629 2633 1799 2772 O.B.
3470 766 4260 902 89 Berlin, 17.12.1901.
3285 893 4034 1031 Lieber Herr Schnitzler,
2927 977 4568 1143 ich komme heute nochmals zu Ihnen mit einem offenen
2921 1106 4624 1231 und nachdrücklichen Wort über die „Frau mit dem Dolch“.
2921 1233 4636 1378 Das Stück ist jetzt so weit probiert, um einen Eindruck
2927 1350 4630 1457 zu gewähren, und dieser ist bei uns allen ein so ungün-
2927 1477 4578 1586 stiger, dass ich es für meine Pflicht halte, Ihnen die
2912 1589 4555 1718 Zurückziehung des Stückes zu empfehlen! Während ich
2927 1709 4596 1834 mich zu den „letzten Masken" (in denen Reinhardt den
2932 1836 4516 1954 Rademacher übrigens sehr gut angelegt hat) auf der
2934 1948 4613 2073 Bühne mehr und mehr bekehrt habe, bin ich, und wir alle,
2945 2081 4606 2187 an der Möglichkeit, die Frau m.d.D. auch nur vor einer
2945 2178 4606 2303 argen Ablehnung zu bewahren (an Erfolg denkt Niemand)
2936 2303 4654 2417 immer mehr verzweifelt. Hierbei spielen die technischen
2925 2413 4553 2577 Fragen gar keine Rolle, dies ist alles geordnet, eine
2945 2523 4634 2678 ganze Bildergallerie ist vorbereitet etc. Aber das Pa-
2938 2658 4639 2785 radoxe und für mein Gefühl - Sie verzeihen - Verschro-
2938 2775 4589 2902 bene der Idee macht mir immer mehr Bedenken, um nicht
2949 2884 4609 3041 zu sagen sangen; und bei manchen einzelnen Wendungen
