5060 4105
984 717 1139 840 100
1337 822 1916 948 Berlin, 25.2.1902.
4194 824 4470 939 25.2.02.
2886 907 4690 1029 Ich kann unter diesen Umständen Sie freilich nicht direkt
898 910 1653 1047 Lieber Herr Schnitzler,
2904 1047 4580 1148 bitten, das Schillertheater abzuweisen, aber ich möchte
836 1033 2143 1186 ich hat te die eherne Absicht, Liebelei und
2916 1166 4582 1267 Ihnen doch zu bedenken geben, dass Ihnen dieses, das ja
523 1152 2076 1294 Kakadu im März zu bringen, nach den für den 1.Märrz
2911 1251 4546 1397 von dem älteren Repertoir ausschliesslich lebt, nicht
535 1274 2201 1395 vorbereiteten preyerschen Einaktern; nun hat mir aber
2904 1368 4569 1498 fortläuft, dass Sie es leicht auf einen späteren Zeit-
523 1390 2210 1523 das tückische Glatteis die ehrsame Pällnik zu Fall
2916 1485 4609 1640 punkt, zu dem sie sich melden würden,vertrösten können,
512 1507 2192 1640 gebracht, dadurch schwoll nicht nur deren Fuss, sondern
2909 1597 4540 1754 und dass wir dann das Weitere etwa in Wien mündlich
523 1626 2195 1745 auch das Maass der Hindernisse, mit denen ein armer Di-
2913 1732 4185 1871 besprechen können.- Doch wie sie wollen!
519 1757 2179 1876 rector ("alle sind sie Ochsen", sagte Anzengruber) zu
2927 1876 4569 1972 Wir werden in wien bis Ende Mai sicher bleiben; geht
530 1855 2201 1990 kämpfen hat: Premiere muss verschoben werden, die
2927 1983 4468 2102 es gut, hab ich Prolongationsrecht bid Mitte Juni.
528 1979 2040 2102 Triesch auf Urlaub.also die verlorene Zeit nicht
2922 2085 4589 2206 Mit Bassermann-Clemens werden wir also fertig werken,
517 2096 2213 2224 ausnutzbar für Liebelei, nachdrängende Autoren (Hirsch-
1849 2206 2107 2289 Sai son-
2929 2219 4535 2327 für den Lionardo leuchtet er mir absolut nicht ein,
512 2224 2111 2350 feld,Reeling) wei sen jammernd auf das nå ende (Ende,
2934 2318 4632 2448 Dass Hahn nicht spielt, hab ich Ihnen ja wiederholt ge-
519 2332 2118 2464 resp. Wiener Gastspiel - kurz und gut, oder vielmehr
2940 2448 4167 2585 sagt; wahrscheinlich Kasula. Reyerten
512 2453 2168 2574 schlecht, Ihre Anfrage kommt gerade in dem Augenblick,
2931 2561 4612 2675 Uebrigens entbinde ich Sie jetzt von der so trefflich
512 2579 2129 2691 wo ich mir selbst nicht zu helfen weiss - „und steh
2927 2673 4578 2808 geübten Schweigepflicht betr. des Gastspiels. Leider
501 2682 2219 2815 beschämt, wenn ich bekannen muss“: heuer wird es mit den
2947 2808 4661 2920 habe ich mich im Anfangstage geirrt, er ist erst am len-
501 2815 2165 2940 beiden schönen Stücken fürcht ich nichts mehr werden
2945 2916 4686 3053 demain Ihres 40ten, am 16.Mai. Das mit dem gegenseitigen
501 2918 1260 3077 können. Force maꝛjeure!
