4994 4105
737 781 1593 942 65 Berlin, 17.März 1900.
619 932 1451 1074 Herrn Dr. Arthur Schnitzler
1425 1000 1969 1123 Wien IX.prankg.1.
645 1123 1496 1244 Sehr geehrter Herr Doctor!
399 1248 2109 1339 Wir haben uns wegen der Aufführungseri aubnis von „Frei-
412 1356 2046 1475 wild" für das Wiener Gastspiel an die Agentur Entsch
416 1466 2094 1578 gewandt, diese verweist uns aber direct an Sie,weil Sie
423 1602 2025 1697 sich Wien vorbehalten hätten. Herr Dr.Brahm ersucht
412 1723 2076 1826 Sie also freundlichst, ihm die Erlaubnis zur Aufführung
416 1822 2152 1964 des Stückes zuertheilen, sowie auch des „grünen Kakadu“
414 1947 2085 2059 da er event. auch dieses in den spielplan aufzunehmen
423 2068 2094 2171 gedenkt. Zugleich bittet er nochmals um Ihre gefällige
410 2189 2076 2301 Zustimmung zu der Ihnen bereits mitgetheilten Absicht
412 2299 2040 2424 hier in Berlin den Paracelsus von den anderen Einak-
414 2404 2100 2542 tern getrennt und zwar in Verbindung mit Dreyers „Win-
436 2523 1606 2667 terschlaf" zur Aufführung zu bringen.
811 2652 1371 2754 Hoch achtungsvoll
720 2773 1604 2894 Deutsches Theater z.Berlin
1322 2892 1857 3045 Dr.Moriz Ehrlich.
3674 794 4278 936 Berlin, 2.Mai 1900.
3187 923 4030 1067 Herrn Dr. Arthur Schnitzler
3627 1005 4179 1134 Wien IX.Frankg.1.
3258 1119 4077 1266 Sehr geehrter Herr Doctor!
2932 1212 4619 1356 Sie theilten mir vor einiger Zeit den Wunsch mit, dass
2954 1337 4571 1488 eine längere Stelle im zweiten Akt von Freiwild ein-
2948 1481 4614 1587 gelegt werden möchte. Wir hab en nun auf der Arrangier
2952 1587 4636 1729 probe diese Einlage versucht, erhielten jedoch den Ein-
2954 1699 4606 1854 druck, dass sie unzweckmässig sei. Alle hat ten die Em-
2948 1807 4612 1969 pfindung, dass der Gang der Scene dadurch gestört wer-
2965 1956 4528 2079 de und Darsteller wie Regisseur kamen in der Bitte
2965 2068 4619 2189 überein, die neue Stelle nicht aufzunehmen, sondern bei
2965 2169 4619 2320 der ursprünglichen Fassung zu verbleiben. So gern ich
2958 2305 4504 2439 Ihrem wunsch entsprochen hätte, muss ich Sie unter
2965 2402 4554 2542 diesen Umständen doch freundlichst bitten, davon Ab-
2958 2527 4625 2650 standnehmen zu wollen, und werde die Scene in der Form
2956 2639 4606 2777 weiter probieren lassen, in der sie früher bei uns ge-
2965 2773 3558 2904 spielt worden ist.
3275 2885 3795 2976 Hoch achtungsvoll
3275 2917 4112 3040 Deutsches Theater z.Berlin
4082 2995 4233 3090 O.B.
2958 3064 4071 3196 Viele Grüsse, auf gutes Wiedersehen.
