5065 4121
1263 790 1885 926 Berlin, 24.10.1901.
906 932 1644 1042 Lieber Herr Schnitzler,
517 1027 2154 1173 wie ich schon früher schrieb, möchte ich die Einakter
517 1140 2103 1309 nach dem „rothen Hahn“ bringen, dessen Première für
532 1276 2156 1420 den 16.-23.November in Aussicht steht. Ob es danach
525 1410 2187 1526 räthlich ist, noch vor Weihnachten die Stücke zu brin-
525 1519 2165 1657 gen, lässt sich vorläufig nicht sagen; als Termin, der
541 1617 2158 1766 contractlich festzusetzen wäre, nenne ich Ihnen also
536 1788 897 1889 den Januar.
543 1847 2156 1983 Rittner für Rademacher nicht zu empfehlen, Zu kräf-
549 1981 2053 2119 tig, zu wenig nichtigkeitsbewusst (so zu sagen).
547 2127 2130 2233 Ich glaube, dass ich nun gegen den 5.November nach
556 2239 921 2362 Wien komme.
799 2340 1364 2460 Herzlich grüssend
1486 2432 1657 2567 O.B.
580 2546 2250 2701 Die Reihenfolge,die Sie angeben, wird wohl die richtig
582 2716 773 2843 sein.
3887 814 4450 928 Berlin, 1.11.1901.
3441 924 4183 1048 Lieber Herr Schnitzler,
3110 1046 4804 1136 als ich Ihnen neulich über die Terminfrage schrieb, ha-
3106 1182 4695 1259 be ich leider übersehen, dass Frl. Triesch von Mitte
3106 1300 4719 1381 Januar bis Mitte Februar Urlaub hat; als ich wieder
3106 1423 4719 1501 darauf aufmerksam wurde, habe ich gleich mit ihr we-
3106 1537 4796 1622 gen einer Verschiebung gesprochen. Sie ist ihrerseits
3106 1657 4837 1738 dazu gern bereit, da sie die beiden Rollen sehr interes-
3110 1786 4730 1856 sieren - nur ist sie schon Gastspielverpflichtungen
3106 1847 4806 1972 eingegangen, und es lässt sich im Augenblick noch nicht
3108 1972 4806 2095 sagen, ob ihre Bemühungen,die Contracte zu lösen,Erfolg
3106 2077 4666 2191 haben werden. Hoffen wir inzwischen das Beste und
3117 2193 4761 2320 lassen Sie uns den Vertragsschluss vertagen, bis sich
3106 2303 4774 2436 diese Angelegenheit geklärt hat! Dass mir mein Verse-
3117 2419 4761 2559 hen sehr peinlich ist, brauche ich wohl nicht erst zu
3117 2543 4798 2670 sagen; diese Gastspielsachen sind ein Nagel zu meinem
3106 2710 4763 2808 Sarg, ein ewiger Quell des Verdrusses.-Ich werde
3106 2775 4863 2911 nach Wien wohl nächsten Mittwoch oder Donnerstag fahren
3117 2900 4636 3014 und ca 6 Tage bleiben.- Mit herzlichem Gruss Ihr
4485 2948 4636 3093 O.B.
