2572 4105
2034 429 2301 546 täretä.
1230 425 1611 557 Palkokasvit:
1373 801 2142 937 Berlin, 16. Februar 1895.
474 1014 1324 1124 Herrn Dr. Arthur Schnitzler
1417 1033 1683 1152 Wien IX.
1383 1122 1813 1230 Frankgasse 1.
892 1235 1726 1341 Sehr geehrter Herr Doktor!
493 1345 2078 1473 Mit bestem Dank für Ihre freundliche Antwort sende
491 1447 2091 1587 ich Ihnen beifolgend gleich den ausgefertigten Ver-
508 1570 2123 1698 trag über „Liebelei“. Die Aufführungsfrist habe ich
502 1689 2165 1823 darin nicht nach Ihrem Wunsch genauer bezeichnen kön-
502 1825 2176 1944 nen, weil es mir unmöglich ist, für die künftige Saison
506 1942 2191 2055 jetzt schon die allgemeinen Dispositionen und die Rei-
508 2061 2212 2161 henfolge der Verpflichtungen festzustellen. Doch werde
514 2189 2136 2284 ich gerne darauf bedacht sein, Ihr Stück so früh, als
514 2291 2178 2403 irgend thunlich herauszubringen.Haben Sie die Freund-
518 2414 2212 2522 lichkeit, den Kontrakt, mit Ihrer Unterschrift versehen,
523 2524 2150 2633 zurückzusenden, damit er hier zugleich mit dem Gegen-
514 2669 2142 2765 kontrakt gestempelt werden kann, dann wird Ihnen der
518 2796 1783 2896 letztere unverzüglich zugestellt werden.
735 2907 1704 3024 Hochachtungsvoll und ergebenst
1388 3005 1760 3134 Otto Brahm.
