2526 4103
1006 775 1144 955 47.
1248 828 1953 940 Berlin, 31. Jänner 1899.
696 995 1496 1129 Lieber Dokoor Schnitzler!
450 1121 2156 1214 Es versteht sich von selbst, dass ich mit grösstem Ver-
450 1259 2137 1331 gnügen bereit wäre, Ihre drei Stücke noch in der gegen-
450 1384 2074 1454 wärtigen Spielzeit zu geben,wenn eine Aussicht dazu
454 1448 2142 1560 vorhanden ist. Nach Allem, was ich von sachkundiger Sei-
454 1588 2099 1692 te höre, ist bei dem langsamen Gang der Sache am Ober-
450 1726 2114 1796 verwaltungsgericht eine Entscheidung kaum vor dem Som-
448 1840 2103 1927 mer zu erwarten. Eine Beschleunigung anzustreben, wäre
456 1970 2048 2076 vergeblich. Ein Hinweis auf die Burgtheater-Annahme
448 2055 2080 2182 würde den gemessenen Schritt der Rechtsfindung nicht
456 2193 2095 2292 im Geringsten beinflussen. Es bleibt uns also leider
439 2318 2025 2428 nichts übrig, als warten.Den „Kakadu“ in München im
450 2424 2040 2545 März geben zu lassen, kann ich Ihnen nicht zurathen.
448 2528 2112 2636 Der Vorstand der freien Bühne ist mit mir darin einig.
448 2657 2127 2749 dass wir es für durchaus richtig halten, die erste Auf-
435 2772 1507 2893 führung in Berlin zu veranstalten.
633 2884 1518 3005 Viele herzliche Grüsse Ihres
1522 2948 1666 3061 O.B.
