5065 4121
1512 404 1960 570 Vonnänigsten würden.
1454 813 2072 949 Berlin, 19.10.1901.
998 929 1732 1039 Lieber Herr Schnitzler,
609 1050 2323 1198 erlauben Sie mir heute kurz zu sein, Sie wollen ja bal-
626 1168 2239 1299 dige Antwort und mir liegt viel Arbeit auf. Den Ur-
628 1295 2272 1418 sprung der Notiz in der „Fr.Pr“. kenne ich nicht, ich
628 1418 2317 1545 stehe ihr natürlich ganz fern. Durch Ihr zweites Tele-
609 1532 2222 1618 gramm ist ja der Haupttheil Ihres Briefes überholt,
609 1650 2300 1730 und wir sind nun einig, die vier von Ihnen gewünschten
613 1751 2323 1852 und gewählten Stücke aufzuführen. Was Sie mir über die
628 1882 2252 1988 „Masken“ sagen, über den Sinn der Hauptscene, habe ich
602 1996 2246 2080 mir ungefähr auch gesagt, ich als Leser, als Brahm, wie
602 2115 2188 2209 Sie schreiben; aber für das Theater haben Sie m.A.
602 2244 2278 2336 hier nicht genug gethan, insbesondere dem Schauspieler
602 2358 2289 2437 es in keiner Weise erleichtert, die Innenvorgänge abzu-
602 2478 2229 2545 spiegeln. Wenn Bassermann den Weihgast spielt,womit
602 2588 2317 2691 ich ganz einverstanden bin, so halte ich doch Sauer, des-
585 2702 2282 2801 sen physische Kraft jetzt wieder erfreulich gewachsen
592 2835 2209 2952 ist, für den besten Rademacher, für einen bessern, als
4356 813 4707 968 19.10.01.
3145 955 3507 1076 Reinhardt.
3141 1054 4754 1192 Es ist sehr möglich, dass ich etwa Dienstag den 29.
3141 1179 4868 1314 nach Wien komme, sonst hören Sie brieflich mit Nächstem
3141 1306 3590 1424 mehr von mir.
3474 1411 4049 1558 Herzlich grüssend
4130 1626 4328 1764 O.B.
