2490 4103
1643 765 1900 871 10.9.98.
429 816 2000 950 vorsichtigen Abwägung. Herrn Sauers Spielweise und
427 926 2119 1065 Erscheinung würde ihr etwas Feines,Bedächtiges, Aristo-
427 1067 2129 1203 kratisches geben,was einerseits mit ihrem eigentlichen
421 1179 2112 1307 Wesen nicht übereinstimmen,andererseits auch das Unan-
427 1300 2114 1417 genehme ihres Eindrucks nur verschärfen wurde. Es wür-
429 1405 2085 1547 de als vorbedachte Bosheit erscheinen, was nur engher-
421 1538 2093 1647 zige Gefühlsrohheit sein soll. Es wäre dann auch kaum
423 1647 2121 1768 wahrscheinlich, dass eine Natur wie Franziska überhaupt
421 1757 2012 1887 daran denken konnte, sich mit einem solchen Mann zu
427 1872 2072 1998 verloben. Das Alles würde gemildert, wenn sein Aeusse-
416 1985 2057 2121 res wie sei n Benehmen eine etwas plumpe Korrekt/heit
421 2116 2044 2244 zeigte, was auch zu den Voraussetzungen seines Vorle-
412 2240 2100 2348 bens ganz gut stimmt. Ich halte es deshalb für richti-
406 2329 2038 2456 ger, diese Rolle Herrn Nissen zu geben und bitte Sie,
410 2478 2034 2565 mir möglichst umhegend zu sagen,ob Sie damit einver-
410 2595 829 2733 standen sind.
720 2701 2010 2822 Frau Lehmann ist nun so weit hergestellt,
400 2809 2110 2964 dass sie am 15.hier eintreffen will. Die Arrangierpro-
