5041 4152
774 434 1647 613 1 1 1/2 1/4 „ 4 „ „ —
1395 976 1932 1094 Berlin,1.7.1904.
774 1137 1231 1261 Lieber Freund,
310 1259 2020 1397 ich grüsse Sie herzlich aus dem neuen Hause, in das ich
322 1365 2024 1516 heute eingezogen bin und in dem auch Sie sich zu Hause
322 1503 740 1622 fühlen mögen!
326 1588 2031 1728 Weshalb verstummte Ihr liederreicher Mund? Ich schrieb
315 1753 2075 1838 Ihnen vom Weissen Hirsch eine Karte, wo ich mir eine gute
310 1875 2088 1948 Portion Frische dir diese, an Arbeit mehr als an Anregung
315 1980 2121 2095 reiche, Uebersiedelungszeit geholt habe. Nun denke ich noch
326 2091 2100 2219 eine Woche zur Intallation hier zu verbrauchen, und dann
315 2219 2082 2302 nach Agnetendorf zu H. zu fahren, dem es besser, aber noch
326 2327 2093 2438 lange nicht gut geht. Lassen Sie bald von sich und Ihren
315 2442 744 2575 Plänen hören.
845 2546 1142 2674 Herzlich
1231 2723 1411 2851 O.B.
4404 443 4751 625 Votre amiassadeur dans les
3770 999 4714 1119 Helgeland, Quisisana, 13.7.1904.
3334 1114 3782 1227 Lieber Freund,
2826 1252 4487 1337 es hat mir leid getan, von Ihrem Unwohlsein zu hören -
2842 1360 4581 1509 das ist wohl eine stilistische Entgleisung, ein Wippchen,
2851 1482 4636 1597 aber ich hab hier keinen Stil, nicht mal einen naturalisti-
2835 1597 4641 1739 schen - und ich hoffe, dass Sie nun die Neidlingsfarbe, die
2837 1730 4629 1838 gar nicht zu Ihnen passt, abgelegt haben, und in herrlicher
2856 1820 4618 1967 Gesundheitsbräune strahlen und prahlen. Wenn nicht - kom-
2851 1964 4570 2100 men Sie hieher, Sie werden paff sein über so viel Schön-
2849 2061 4639 2226 heit (nicht der Menschen). Ich bin bis Anfang August hier,
2856 2194 3931 2334 dann Agnetendorf, 18. August Berlin.
2849 2300 4584 2445 Die Taormina-Komödie wird an Bedeutung gewinnen, wünsche
2851 2408 4669 2575 ich, wenn Sie sie vornehmen - bald, nicht wahr? Es ist doch
2863 2541 4705 2631 immerhin anzuerkennen, dass Sie ein solches Ding hinge schmis¬
2863 2654 4611 2780 sen haben - vorausgesetzt, dass nicht 1-2 Personen darin
3805 2720 4016 2791 möchte
2863 2759 4696 2858 sterben? - Den „Einsamen Weg" xxx ich gern wieder aufneh-
2867 2899 4629 3003 men, wenn möglich mit Reicher als Julian, im Lauf der Sai-
2874 3019 4659 3104 son; Wenn Sie sich dazu bringen könnten, für Johanna im 4.
2863 3115 4703 3244 Akt ein ganz klein wenig noch zu tun, würden Sie meine Lust
