4906 4167
1551 936 1868 1092 (23.5.97.)
398 1059 2050 1212 sich mir meistens meine Stoffe, und die Leute, die ich
1247 1142 1444 1216 nicht
383 1175 2131 1337 zu schildern versuche, scheinen die Kraft zu haben, gegen
396 1306 2096 1428 das Schicksal aufzukommen. Man muss entweder von einer
398 1418 1973 1573 wunderbaren Heiterkeit erfüllt sein oder von einer
398 1560 2082 1665 überlegenen Melancholie oder von einem edeln und gros-
411 1652 2080 1805 sen Hass gegen alles Gesindel, einem Hass, der nicht zu-
392 1785 2082 1923 gleich die Einsamkeit fürchtet,- um eine wirkliche Ko-
405 1897 2074 2048 mödie schreiben zu können. Ich aber bin vorläufig ein
411 2019 1999 2139 Hypochonder, zu egoistisch, um das wahre Trauerspiel,
411 2135 2089 2288 zu leicht verstimmbar, um das wahre Lustspiel hervorzu-
402 2268 2006 2389 bringen - sagen Sie's nicht weiter und beachten Sie
405 2395 2039 2511 das etwas unverschämte „vorläufig“. - Ich hoffe sehr,
405 2511 1982 2625 Hirschfeld, von dem ich schon lange nichts höre, bei
405 2625 2078 2752 meiner Ankunft in Wien noch anzutreffen; es war davon
405 2715 2111 2879 die Rede, dass er radfahren lernen und mit mir ins Rie-
420 2859 2144 3001 sengebirge fahren sollte. Nach dem Bicycle und nach dem
411 2968 1838 3117 Arbeiten habe ich eine aufrichtige Sehnsucht.
4047 855 4377 976 (23.5.97.)
2925 945 4557 1105 Von der hiesigen Schauspielkunst hab ich grosse Ein-
2925 1094 4633 1203 drücke begonnen; sehr mässige von der dramatischen. Man
2942 1181 4644 1334 spielt Feuilletons und Leitartikel - entzückende Feuil-
2931 1317 4578 1450 letons und geistreiche Leitartikel; aber diese Dinge
2942 1404 4629 1584 versuchen kaum Stücke zu sein. „Namen nennen“ ruft man
2936 1571 4511 1684 im Parlament gelegentlich solcher Angriffe. Bitte,
2938 1671 4694 1807 hier sind sie, die Feilletons waren Donnay's „Douloureuse
2938 1802 4611 1932 Guiche's „Suob", Hernants „Carriere“, die Leitartikel
2942 1918 4515 2048 waren Hervieu's Tenailles und Loi de l'homme. Ganz
2938 2043 4572 2172 charakteristisch ist es, dass beinahe alle Akte aller
2938 2152 4609 2288 dieser Stücke in Zimmern spielen - und dass diese Zim-
2938 2258 4526 2406 mer den Blick nicht einmal auf die Strasse, sondern
2942 2380 4581 2505 meist auf den eignen Garten haben. Es weht nicht die
2942 2500 4581 2660 Luft der Welt, kaum die der Stadt um die Menschen, die
2942 2621 4627 2758 da auftreten; sie athmen alle nur Parfums ein und aus,
2938 2741 4587 2905 Und wenn sie abgehn, versinken sie in den Abgrund; es
2942 2863 4609 3058 führt kein Weg ins Leben durch die Thüren und Gärten.
