2500 4106
1747 774 1989 900 1.2.98.
473 870 2158 992 weisen auf den Buben (S.147). Am meisten stillstehend
477 1003 2167 1121 und einer belebenden Retouche bedürftig er scheint mir
479 1086 2186 1230 die Scene Betty-Emma S.160 ff., wo das Gespräch uferlos
479 1202 2192 1365 wird. Und sehr nützlich für die Bühne wäre es, wenn die
490 1343 2154 1467 Weichheit oder Bestimbarkeit der Betty gleich im An-
483 1435 2184 1591 fang klar würde, sonst fürchte ich, muss sich das Publi-
483 1585 2186 1694 kum über den Charakter täuschen,wie ich es getan habe,
490 1677 2158 1837 und der Schluss, ihr Fallenlassen der Toni, enttäuscht.
485 1839 2154 1942 Die Emma (Emma und Betty könnten sich als Contractfi-
492 1927 2162 2064 guren gleich zuerst exponieren) erschien mir in Ihrer
492 2053 2182 2158 Erzählung auch kräftiger, und ihre Scene mit Ferdinand
492 2186 2203 2291 sollte ausgiebiger sein! diese beiden Gestalten vertra-
498 2273 2214 2415 gen m.A. noch eine Durchsicht, die einige charakteristi-
496 2389 2209 2513 sche oder Glanz-Lichter aufsetzt. Nur müssten Sie sich
496 2494 2171 2654 hüten, dabei ins dialectisch-theoretische zu gerathen,
500 2654 2137 2753 was Ihnen z.B. bei Ferdinand S.182 ("Ich denke,nach-
500 2733 2083 2881 dem..*) und Emma S.192 („Gönnen Sie ihr doch...“)
511 2860 2137 3009 geschehen ist; es wird für Sie ja kinderleicht sein,
498 2975 2066 3135 durch ein paar Zufallswendungen a la: Schaun Sie
