5029 4151
1539 432 1799 565 3,1,###
937 894 1474 1016 Drei Telegramme.
1147 1055 1968 1184 308 Berlin, 31.1.1912.
537 1231 2153 1334 Sehr guter Erfolg bei Publikum und Presse für Miz i
548 1356 1592 1474 und ihre Darsteller.Erde weniger.
1001 1476 1534 1616 Herzlich Brahm.
1650 1571 1970 1704 6.2.1912.
537 1702 2164 1829 Möchte Mizzi mit drei Anatolstücken geben, zu andern
554 1805 2187 1915 Unternehmungen jetzt schlecht Zeit, auch geht Triesch
537 1927 2136 2074 10.bis 30. März Urlaub. Komme wenn möglich Wiederho-
537 2043 1175 2177 lung Wurstl ansehen.
1025 2164 1523 2312 Herzlich Brahm.
1676 2278 1998 2409 8.2.1912.
535 2409 2093 2503 Vorschläge aus mitgeteilten Gründen, zu denen noch
537 2525 2194 2654 Störungen durch Erkrankung kamen, gegenwärtig xxxx un-
537 2643 2194 2750 ausführbar. Wenn sie also meiner Anregung nicht zuzu-
537 2757 2106 2856 stimmen vermögen, müsste Mizzi eventuell bis später
531 2875 1253 2959 zurückgestellt werden.
1019 2982 1547 3096 Grüssend Brahm.
3945 425 4414 565 Värztettyjärjä.
3537 834 3730 978 orsin
3840 838 4396 954 Berlin, 9.2.1912.
3483 1038 3952 1173 Lieber Freund,
2961 1115 4607 1283 Sie draten ein grosses Wort gelassen. „Zehnmal“ mehr
2976 1240 4631 1371 soll Ihr Vorschlag wert sein, als meiner - niente pol-
2976 1403 4609 1519 lutione? sagt Lautenburg,bei italienischen Einkäufen
2993 1476 4611 1624 (geht da nichts ab?) - Aber die Literatur, die ich ja
2987 1592 4635 1725 auch liebe, wenn sie in Aufführungszeichen einherkommt
2978 1745 4568 1850 lässt sich wirklich jetzt nicht machen; Monnard, der
2980 1872 4560 1977 den Clemens geben müsste, lernen, probiren, liegt mit
2985 1958 4646 2101 Fieber im Bett; und der Triesch habe ich, um eine ewig
2980 2065 4678 2220 schon schwebende Bitte zu erfüllen, erlaubt, die Christi-
2978 2205 4676 2340 ne des Strindberg in die Königgrätzer Str. zu bringen,
2985 2351 4635 2450 so dass ich sie auch jetzt nicht mit Proben heranzie-
2980 2458 4620 2566 hen kann. (Ihr Zustand ist immer so schwankend über-
2985 2578 4545 2682 dies, dass man sie als rohes Ei estimieren muss.) -
2980 2664 4658 2798 Dazu kommt, dass - nicht ich allein, sondern verschiede-
2980 2817 4590 2931 ne Thebaner intra et extra muros des Loss.-Th. ent-
3000 2875 4725 3053 schieden glauben, dass die Marke „Anatol“ der Combination
