4923 4023
1517 722 1882 906 (27.7.05.)
359 875 1196 1037 und in welcher Besetzung?-
344 972 2043 1141 Seien Sie herzlich gegrüsst u. grüssen Sie auch Ihren
344 1094 1990 1270 Bruder vielmals. Von meiner Frau gleichfalls besten
363 1316 579 1407 Gruss.
824 1346 972 1487 Ihr
978 1439 1170 1589 A.S.
3369 710 4354 896 43   Reichenau, 28.7.1905.
2803 877 3272 1020 Lieber Freund,
3019 955 4388 1126 ich lege hier einen Brief meines russischen
2818 1098 4428 1242 Uebers etzers bei. Sie ersehen daraus, um was es sich
2812 1221 4394 1371 handelt. Bitte sagen Sie mir, wenn es Ihnen möglich
2816 1356 4415 1483 ist - immer die Annahme der Komödie vorausgesetzt -
2818 1451 4468 1591 wann Sie mich eventuell auff ühren würden. Der Kornis-
2827 1586 4419 1715 sarschewska bin ich einigermassen zu Rücksicht ver-
2827 1701 4459 1846 pflichtet, weil ich schon für das ungeschriebene Stück
2829 1838 3754 1963 eine Garantie erhalten hatte.
2835 1927 4498 2058 Für heute nur dies in gile. Den Brief zurück erbeten.
2848 2066 3705 2193 Morgen fahre ich nach Wien.
3448 2180 3805 2303 Herzlichst
3889 2391 4064 2495 A.S.
