5029 4151
1057 744 1227 862 305
1301 820 1867 951 Berlin, 8.1.1912.
415 987 2036 1131 Lieber Freund, ich komme Mittwoch Früh auf den S., wo
430 1117 2115 1244 ich Sie Beide bald zu sehen hoffe. Mittagsstation bei
447 1246 1589 1386 Ihnen für die Rückfahrt projektiert.
951 1371 1451 1485 Eilig treulich
1485 1614 1655 1706 O.B.
3632 731 4165 881 307 No No. 206
3990 835 4396 989 B.24.1.1912.
3089 994 4640 1119 Lieber Freund, auch mir ist das Problem des lä. Mai
3087 1134 4708 1210 noch im Traum erschienen, und ich war beim „Zwischen-
3089 1231 4761 1333 spiel“ erwacht, das auch nach Ihren Zeilen mir als das
3093 1345 4742 1475 Beste erscheint. Ueber Bassermanns Sala-Schatten ist,
3089 1466 4712 1587 füroht ich, nicht zu springen, sonst wäre freilich der
3076 1591 4714 1684 Einsame Weg vorzuziehen. Nun, wir können ja die Frage
3074 1708 4634 1803 noch hin und her wiegen; jedenfalls begegnen sich
3089 1809 4464 1909 unsere würsche in dem Rufe: hoch der 15.Mai!
3076 1941 4632 2051 Was heis st denn, mein Allerwertester,“auf baldiges
3074 2062 4759 2146 Wiedersehen“? Alle meine Pulse schlagen bei dem Gedan-
3076 2191 4640 2267 ken, dass Sie sagen wollten? Wiedersehen bei Mizzi!
3066 2295 4767 2398 Wollten sie es sagen? Oder wollten Sie es nicht sagen,
3076 2403 3593 2538 aber kommen Sie?
3566 2500 4574 2661 In diesem Sinne grüsst herzlich
4295 2750 4462 2890 O.B.
