2496 4104
1211 753 1341 857 64
1211 842 1766 958 Berlin,11.3.1900.
846 937 1580 1084 Lieber Herr Schnitzler,
570 1060 2189 1185 Sie müssen mich für ich weiss nicht was halten, dass
574 1189 2310 1315 ich auf Ihre Sendung des „Schleiers“ so stumm geblieben
572 1310 2293 1459 bin. Es ist mir aber eine Weile gar nicht gut gegangen,
576 1423 2176 1548 so dass ich auf einer Reise nach Süddeutschland mir
572 1520 2189 1645 Ruh erreiten musste (nämlich Nachtruh); und als ich
581 1654 2260 1768 dann nach ca. 14 Tagen zurückkam, hatte sich so viel Ar-
585 1772 2271 1917 bei gehäuft, dass die ruhigen Stunden, die für Ihr stück
574 1882 2152 2003 nöthig waren, nicht kommen wollten und wolle. Nun
574 1999 2204 2120 habe ich end ich einen Sonntag erwischt und schreibe
585 2148 2195 2269 Ihnen mit rothem Kopf und müden Augen, noch lesetrun-
585 2241 1837 2366 ken, um Mitternacht diesen Schreibebrief.
574 2360 2249 2493 Die Aenderungen, die Sie an dem Werk vorgenommen haben
594 2461 2133 2569 und die starken kürzungen finde ich alle sehr gut
594 2575 2234 2705 und sie rauben dem Eindruck nichts; besonders dem 2.,
587 2685 2271 2832 4. und 5.Akt sind sie zu gute gekommen nach meiner Er-
585 2800 2217 2936 innerung und alles ist dem Bühnenmöglichen nun näher
589 2910 2273 3061 gekommen. Gefesselt hat mich das Stück auch bei erneu-
