<?xml version="1.0" encoding="UTF-8" standalone="yes"?>
<PcGts xmlns="http://schema.primaresearch.org/PAGE/gts/pagecontent/2013-07-15" xmlns:xsi="http://www.w3.org/2001/XMLSchema-instance" xsi:schemaLocation="http://schema.primaresearch.org/PAGE/gts/pagecontent/2013-07-15 http://schema.primaresearch.org/PAGE/gts/pagecontent/2013-07-15/pagecontent.xsd">
    <Metadata>
        <Creator>prov=READ-COOP:name=TrHtr:version=2.1.0:model_id=51170:date=26_07_2023_01:55</Creator>
        <Created>2023-05-02T07:44:37.797+02:00</Created>
        <LastChange>2023-07-26T01:55:28.098+02:00</LastChange>
        <TranskribusMetadata docId="1416706" pageId="54950617" pageNr="84" tsid="130870234" status="IN_PROGRESS" userId="64420" imgUrl="https://files.transkribus.eu/Get?id=IMWLQEUNYQCEMOJSDJKQMENF&amp;fileType=view" xmlUrl="https://files.transkribus.eu/Get?id=EFZGUVNKKEFZIDTITYALPICO" imageId="44454343"/>
    </Metadata>
    <Page imageFilename="1416706_0084.jpg" imageWidth="2526" imageHeight="4103">
        <ReadingOrder>
            <OrderedGroup id="ro_1711829282187" caption="Regions reading order">
                <RegionRefIndexed index="0" regionRef="tr_1"/>
                <RegionRefIndexed index="1" regionRef="tr_2"/>
            </OrderedGroup>
        </ReadingOrder>
        <TextRegion id="tr_1" custom="readingOrder {index:0;}">
            <Coords points="453,756 2138,756 2138,1977 453,1977"/>
            <TextLine id="tr_1_tl_1" custom="readingOrder {index:0;}">
                <Coords points="975,852 987,852 996,858 1040,820 1070,826 1076,820 1091,822 1089,759 1066,754 1059,761 1047,754 1028,756 1009,750 1000,754 968,752"/>
                <Baseline points="985,806 1030,812 1075,812 1098,815"/>
                <TextEquiv>
                    <Unicode>46</Unicode>
                </TextEquiv>
            </TextLine>
            <TextLine id="tr_1_tl_2" custom="readingOrder {index:1;}">
                <Coords points="1028,953 1220,977 1263,949 1422,981 1489,953 1720,970 1795,943 1795,824 1773,818 1610,852 1568,826 1392,828 1307,860 1028,824"/>
                <Baseline points="1039,898 1083,898 1128,901 1173,901 1218,901 1263,901 1307,901 1352,901 1397,898 1442,898 1487,898 1531,898 1576,898 1621,901 1666,898 1711,898 1755,898 1800,898"/>
                <TextEquiv>
                    <Unicode>Berlin, 22. Dezember 1898.</Unicode>
                </TextEquiv>
            </TextLine>
            <TextLine id="tr_1_tl_3" custom="readingOrder {index:2;}">
                <Coords points="725,1083 911,1102 1127,1070 1216,1095 1449,1087 1449,975 1269,956 1242,977 1144,956 1110,983 1078,960 1004,981 941,956 725,975"/>
                <Baseline points="737,1021 782,1021 827,1018 871,1018 916,1018 961,1018 1006,1018 1051,1018 1095,1018 1140,1018 1185,1018 1230,1018 1275,1018 1319,1018 1364,1018 1409,1018 1454,1018"/>
                <TextEquiv>
                    <Unicode>Lieber Herr Schnitzler,</Unicode>
                </TextEquiv>
            </TextLine>
            <TextLine id="tr_1_tl_4" custom="readingOrder {index:3;}">
                <Coords points="447,1210 1990,1206 2115,1193 2115,1085 447,1095"/>
                <Baseline points="459,1137 462,1137 507,1137 552,1137 597,1137 642,1137 686,1137 731,1137 776,1137 821,1137 865,1137 910,1137 955,1140 1000,1137 1045,1137 1089,1137 1134,1137 1179,1137 1224,1137 1269,1137 1313,1134 1358,1134 1403,1137 1448,1134 1493,1134 1537,1134 1582,1137 1627,1137 1672,1137 1717,1137 1761,1137 1806,1137 1851,1137 1896,1134 1941,1134 1985,1131 2030,1131 2075,1128 2120,1131"/>
                <TextEquiv>
                    <Unicode>so besonders dumm kann ich den Vorschlag, die „Gefähr-</Unicode>
                </TextEquiv>
            </TextLine>
            <TextLine id="tr_1_tl_5" custom="readingOrder {index:4;}">
                <Coords points="451,1263 879,1259 1153,1331 2066,1303 2066,1214 1960,1184 451,1216"/>
                <Baseline points="462,1254 504,1254 549,1254 594,1251 639,1254 683,1254 728,1254 773,1254 818,1254 863,1254 907,1254 952,1254 997,1254 1042,1254 1086,1254 1131,1254 1176,1254 1221,1254 1266,1254 1310,1254 1355,1254 1400,1254 1445,1254 1490,1251 1534,1251 1579,1251 1624,1251 1669,1251 1714,1251 1758,1254 1803,1251 1848,1254 1893,1251 1938,1251 1982,1248 2027,1248 2072,1245"/>
                <TextEquiv>
                    <Unicode>tin" betr., deshalb nicht finden, weil ich ihn selbst</Unicode>
                </TextEquiv>
            </TextLine>
            <TextLine id="tr_1_tl_6" custom="readingOrder {index:5;}">
                <Coords points="453,1432 1920,1437 2036,1420 2036,1318 453,1339"/>
                <Baseline points="465,1373 474,1373 519,1373 564,1376 609,1376 653,1373 698,1373 743,1373 788,1376 833,1376 877,1373 922,1373 967,1373 1012,1373 1057,1373 1101,1373 1146,1373 1191,1373 1236,1373 1281,1373 1325,1373 1370,1370 1415,1370 1460,1370 1505,1370 1549,1370 1594,1370 1639,1373 1684,1373 1728,1373 1773,1373 1818,1370 1863,1370 1908,1370 1952,1370 1997,1367 2042,1367"/>
                <TextEquiv>
                    <Unicode>gemacht hatte; allerdings hatte ich Fulda geschrie-</Unicode>
                </TextEquiv>
            </TextLine>
            <TextLine id="tr_1_tl_7" custom="readingOrder {index:6;}">
                <Coords points="445,1551 2127,1547 2127,1443 445,1426"/>
                <Baseline points="456,1490 474,1490 519,1490 564,1493 609,1490 653,1490 698,1493 743,1490 788,1490 833,1493 877,1490 922,1490 967,1490 1012,1490 1057,1490 1101,1490 1146,1490 1191,1490 1236,1487 1281,1490 1325,1490 1370,1487 1415,1490 1460,1487 1505,1487 1549,1487 1594,1490 1639,1490 1684,1487 1728,1490 1773,1487 1818,1490 1863,1490 1908,1493 1952,1490 1997,1490 2042,1490 2087,1487 2132,1484"/>
                <TextEquiv>
                    <Unicode>ben, nur, wenn er nichts für den besondern Zweck passen-</Unicode>
                </TextEquiv>
            </TextLine>
            <TextLine id="tr_1_tl_8" custom="readingOrder {index:7;}">
                <Coords points="445,1689 1089,1653 1269,1695 1460,1651 1742,1691 1934,1640 2091,1678 2119,1545 445,1570"/>
                <Baseline points="456,1606 501,1609 546,1606 591,1606 636,1609 680,1609 725,1609 770,1609 815,1609 860,1609 904,1609 949,1606 994,1609 1039,1606 1083,1609 1128,1609 1173,1606 1218,1606 1263,1606 1307,1606 1352,1606 1397,1606 1442,1606 1487,1606 1531,1606 1576,1606 1621,1606 1666,1606 1711,1606 1755,1603 1800,1606 1845,1606 1890,1609 1935,1606 1979,1606 2024,1606 2069,1606 2114,1606 2123,1609"/>
                <TextEquiv>
                    <Unicode>deres finde, möge er dieses in Betracht ziehen. Da Sie</Unicode>
                </TextEquiv>
            </TextLine>
            <TextLine id="tr_1_tl_9" custom="readingOrder {index:8;}">
                <Coords points="445,1731 648,1735 710,1795 1714,1761 1981,1799 2134,1754 2134,1674 2070,1667 445,1689"/>
                <Baseline points="456,1726 501,1728 546,1728 591,1728 636,1728 680,1726 725,1726 770,1728 815,1728 860,1728 904,1726 949,1728 994,1728 1039,1728 1083,1726 1128,1728 1173,1728 1218,1726 1263,1726 1307,1726 1352,1728 1397,1726 1442,1728 1487,1726 1531,1726 1576,1726 1621,1726 1666,1726 1711,1726 1755,1726 1800,1726 1845,1726 1890,1726 1935,1726 1979,1726 2024,1728 2069,1726 2114,1726 2138,1728"/>
                <TextEquiv>
                    <Unicode>inzwischen schon Nein gesagt haben, ist es zwecklos Ih-</Unicode>
                </TextEquiv>
            </TextLine>
            <TextLine id="tr_1_tl_10" custom="readingOrder {index:9;}">
                <Coords points="445,1845 703,1854 788,1920 2117,1920 2117,1797 445,1801"/>
                <Baseline points="456,1845 462,1842 507,1845 552,1845 597,1845 642,1845 686,1845 731,1845 776,1845 821,1845 865,1845 910,1845 955,1845 1000,1845 1045,1845 1089,1845 1134,1845 1179,1845 1224,1845 1269,1845 1313,1845 1358,1845 1403,1845 1448,1845 1493,1845 1537,1845 1582,1845 1627,1845 1672,1845 1717,1842 1761,1845 1806,1845 1851,1845 1896,1845 1941,1842 1985,1842 2030,1842 2075,1842 2120,1842"/>
                <TextEquiv>
                    <Unicode>nen zu erklären, was mich zu einem bedingten Ja kommen</Unicode>
                </TextEquiv>
            </TextLine>
            <TextLine id="tr_1_tl_11" custom="readingOrder {index:10;}">
                <Coords points="441,2049 1557,2002 1864,2040 1996,2021 1996,1909 441,1926"/>
                <Baseline points="453,1961 498,1964 543,1964 588,1964 633,1967 677,1967 722,1967 767,1964 812,1967 857,1967 901,1964 946,1964 991,1964 1036,1964 1080,1964 1125,1961 1170,1964 1215,1964 1260,1961 1304,1961 1349,1961 1394,1961 1439,1964 1484,1961 1528,1961 1573,1964 1618,1961 1663,1961 1708,1964 1752,1964 1797,1961 1842,1961 1887,1961 1932,1961 1976,1964 2000,1961"/>
                <TextEquiv>
                    <Unicode>liess. Fü r „Thor und Tod" war ich auch in Wien</Unicode>
                </TextEquiv>
            </TextLine>
        </TextRegion>
        <TextRegion id="tr_2" custom="readingOrder {index:1;}">
            <Coords points="435,2028 2144,2028 2144,3034 435,3034"/>
            <TextLine id="tr_2_tl_1" custom="readingOrder {index:0;}">
                <Coords points="432,2129 2066,2144 2115,2138 2115,2028 432,2051"/>
                <Baseline points="444,2081 489,2081 534,2081 579,2081 624,2084 668,2081 713,2081 758,2084 803,2081 848,2081 892,2081 937,2081 982,2081 1027,2081 1072,2078 1116,2081 1161,2081 1206,2081 1251,2081 1295,2081 1340,2081 1385,2081 1430,2081 1475,2081 1519,2081 1564,2078 1609,2081 1654,2078 1699,2078 1743,2078 1788,2078 1833,2081 1878,2078 1923,2078 1967,2081 2012,2078 2057,2078 2102,2081 2117,2081"/>
                <TextEquiv>
                    <Unicode>nicht, ich war höchstens nicht dagegen. Fulda aber ist</Unicode>
                </TextEquiv>
            </TextLine>
            <TextLine id="tr_2_tl_2" custom="readingOrder {index:1;}">
                <Coords points="439,2273 1106,2237 1180,2282 2062,2276 2138,2252 2138,2148 439,2157"/>
                <Baseline points="450,2200 495,2200 540,2200 585,2200 630,2200 674,2203 719,2200 764,2200 809,2200 854,2200 898,2200 943,2200 988,2200 1033,2197 1078,2197 1122,2197 1167,2197 1212,2197 1257,2197 1301,2197 1346,2197 1391,2197 1436,2197 1481,2200 1525,2197 1570,2197 1615,2197 1660,2197 1705,2197 1749,2197 1794,2197 1839,2197 1884,2197 1929,2197 1973,2200 2018,2197 2063,2197 2108,2194 2144,2200"/>
                <TextEquiv>
                    <Unicode>dagegen, und er hat zu entscheiden, nicht ich, er ist der</Unicode>
                </TextEquiv>
            </TextLine>
            <TextLine id="tr_2_tl_3" custom="readingOrder {index:2;}">
                <Coords points="432,2390 1025,2396 1398,2367 1477,2316 2100,2331 2053,2269 1833,2256 432,2273"/>
                <Baseline points="444,2311 489,2314 534,2314 579,2314 624,2314 668,2314 713,2317 758,2314 803,2314 848,2317 892,2314 937,2317 982,2317 1027,2317 1072,2317 1116,2317 1161,2317 1206,2317 1251,2317 1295,2314 1340,2314 1385,2314 1430,2314 1475,2314 1519,2314 1564,2314 1609,2314 1654,2314 1699,2314 1743,2314 1788,2314 1833,2314 1878,2311 1923,2311 1967,2311 2012,2311 2057,2311 2102,2314 2105,2314"/>
                <TextEquiv>
                    <Unicode>Prädident der Fr.B. Ich lege Wert darauf, das zu beto-</Unicode>
                </TextEquiv>
            </TextLine>
            <TextLine id="tr_2_tl_4" custom="readingOrder {index:3;}">
                <Coords points="430,2456 744,2430 994,2504 1282,2506 1653,2432 1992,2473 2091,2437 2015,2371 430,2392"/>
                <Baseline points="441,2430 486,2430 531,2433 576,2433 621,2433 665,2430 710,2430 755,2430 800,2430 845,2430 889,2433 934,2430 979,2433 1024,2433 1069,2430 1113,2433 1158,2433 1203,2430 1248,2430 1293,2430 1337,2433 1382,2433 1427,2430 1472,2430 1516,2430 1561,2430 1606,2430 1651,2433 1696,2430 1740,2430 1785,2433 1830,2430 1875,2427 1920,2430 1964,2430 2009,2433 2054,2430 2096,2433"/>
                <TextEquiv>
                    <Unicode>nen,grade weil ich selbst, als ich noch der Vorsitzen-</Unicode>
                </TextEquiv>
            </TextLine>
            <TextLine id="tr_2_tl_5" custom="readingOrder {index:4;}">
                <Coords points="439,2574 1324,2549 1506,2602 2134,2553 2017,2468 1710,2513 439,2504"/>
                <Baseline points="450,2544 495,2547 540,2547 585,2547 630,2547 674,2547 719,2547 764,2547 809,2547 854,2547 898,2547 943,2547 988,2547 1033,2547 1078,2547 1122,2547 1167,2547 1212,2550 1257,2547 1301,2547 1346,2547 1391,2547 1436,2547 1481,2547 1525,2547 1570,2550 1615,2550 1660,2547 1705,2547 1749,2547 1794,2547 1839,2547 1884,2547 1929,2550 1973,2550 2018,2550 2063,2547 2108,2547 2138,2547"/>
                <TextEquiv>
                    <Unicode>de des Vereines war, eine, durch Cultur gemilderte, Auto-</Unicode>
                </TextEquiv>
            </TextLine>
            <TextLine id="tr_2_tl_6" custom="readingOrder {index:5;}">
                <Coords points="432,2672 1335,2665 1638,2718 1771,2668 2047,2674 2047,2621 1975,2608 432,2621"/>
                <Baseline points="444,2663 489,2663 534,2663 579,2663 624,2666 668,2666 713,2663 758,2666 803,2663 848,2663 892,2663 937,2663 982,2663 1027,2666 1072,2666 1116,2666 1161,2666 1206,2663 1251,2663 1295,2663 1340,2663 1385,2663 1430,2663 1475,2666 1519,2666 1564,2666 1609,2666 1654,2666 1699,2666 1743,2666 1788,2666 1833,2666 1878,2666 1923,2669 1967,2666 2012,2663 2051,2666"/>
                <TextEquiv>
                    <Unicode>kratie des Präsidenten stets verlangte,und weil die</Unicode>
                </TextEquiv>
            </TextLine>
            <TextLine id="tr_2_tl_7" custom="readingOrder {index:6;}">
                <Coords points="432,2809 2129,2790 2129,2740 2045,2725 432,2737"/>
                <Baseline points="444,2786 489,2786 534,2783 579,2783 624,2783 668,2783 713,2783 758,2786 803,2783 848,2783 892,2786 937,2783 982,2783 1027,2786 1072,2786 1116,2786 1161,2786 1206,2786 1251,2783 1295,2783 1340,2786 1385,2783 1430,2783 1475,2783 1519,2786 1564,2786 1609,2786 1654,2786 1699,2783 1743,2783 1788,2783 1833,2786 1878,2786 1923,2786 1967,2786 2012,2789 2057,2786 2102,2783 2135,2786"/>
                <TextEquiv>
                    <Unicode>Interessen der Fr.B. und des Dtsch.Theaters wohl viel-</Unicode>
                </TextEquiv>
            </TextLine>
            <TextLine id="tr_2_tl_8" custom="readingOrder {index:7;}">
                <Coords points="432,2915 2093,2930 2093,2858 2017,2839 432,2848"/>
                <Baseline points="444,2899 489,2902 534,2902 579,2902 624,2902 668,2902 713,2902 758,2902 803,2902 848,2902 892,2902 937,2902 982,2902 1027,2902 1072,2905 1116,2902 1161,2902 1206,2902 1251,2902 1295,2902 1340,2902 1385,2902 1430,2902 1475,2902 1519,2902 1564,2902 1609,2902 1654,2902 1699,2902 1743,2902 1788,2902 1833,2902 1878,2902 1923,2902 1967,2902 2012,2902 2057,2902 2099,2905"/>
                <TextEquiv>
                    <Unicode>fach parallel laufen, aber doch auch sich kreuzen kön-</Unicode>
                </TextEquiv>
            </TextLine>
            <TextLine id="tr_2_tl_9" custom="readingOrder {index:8;}">
                <Coords points="424,3040 775,3074 860,3023 1803,3030 2002,3076 2117,3040 2076,2964 424,2977"/>
                <Baseline points="435,3022 480,3022 525,3022 570,3024 615,3024 659,3024 704,3022 749,3022 794,3022 839,3022 883,3022 928,3022 973,3019 1018,3022 1063,3022 1107,3022 1152,3019 1197,3019 1242,3019 1287,3019 1331,3019 1376,3019 1421,3022 1466,3022 1511,3024 1555,3022 1600,3022 1645,3024 1690,3022 1734,3022 1779,3022 1824,3022 1869,3022 1914,3024 1958,3022 2003,3024 2048,3022 2093,3024 2120,3024"/>
                <TextEquiv>
                    <Unicode>nen. „Ich hab hier nur 'ne Meinung, und kein Amt!“ Ich</Unicode>
                </TextEquiv>
            </TextLine>
        </TextRegion>
    </Page>
</PcGts>
