4900 4008
1660 726 2146 914 (undatiert) 982
458 958 2142 1046 Eiessen, hat mich überrascht, angenehm, wenn Sie wollen -
458 1013 2182 1166 uld unangenehm, auch wenn Sie nicht wollen. Ich war näm-
465 1197 2177 1287 lich darauf gefasst, dass die Einnahmen nach der mir be-
465 1322 2048 1410 kannten 3.Vorstellung immer tiefer gesunken wären;
456 1419 2063 1559 wunderte mich also die Steigerung von der 3.zud 4.,
465 1539 2070 1642 die kleine Steigerung von der 5.zur 6. zu sehn - so
482 1671 2078 1776 dass die Einnahmen der 6. sogar um eine Kleinigkeit
469 1772 2083 1947 dieder 3. übertraf. Ich hatte nun den Eindruck, dass
471 1910 2138 2015 Sie vielleicht schon nach der 4. Vorstellung das Die
471 2019 2173 2107 wenigstens um eine Nuance besser für die nächste Woche
489 2149 2100 2234 hätten ansetzen können, (z.B.für einen Sonntag); und
489 2265 2166 2359 hatte noch lebhafter den Eindruck, dass kein zwingender
471 2368 2155 2486 Grund vorlag, das Stück nach der 6.Vorstellung einfach
471 2491 2232 2589 fallen zu lassen. Ich hoffe nicht misverstanden zum wer-
493 2622 2173 2706 den. Ich bin nicht der Ansicht, dass man ein schwaches
489 2723 2057 2855 oder ein schwachgehendes - oder ein Schwaches und
500 2863 2182 2949 schwachgehendes Stück forzieren soll und weiss das ge-
4166 693 4617 886 (undatiert) 98.
2916 855 4631 1000 bieterische des Kassenapparates zu schätzen; aber Sie
2940 987 4613 1116 wis sen hingegen,wie werthvoll es für mich in Hinsicht
2940 1105 4650 1232 auf die kleineren Bühnen und in Hinsicht auf die Wiene
2927 1221 4574 1359 Stimmung gewesen wäre, wenn Sie das Stück in den zwei
2927 1346 4580 1473 nächsten Wochen noch je einmal angesetzt hätten;wenn
2947 1478 4514 1598 Sie wenigstens eine Sonntag-Nachmittagsvorstellung
2940 1581 4519 1710 damit gemacht hätten. (Gewisse feindselige Blätter
2940 1708 4635 1822 haben hier natürlich sofort gebracht, dass das Stück in
2940 1820 4532 1940 Berlin nach 3maliger Aufführung vom Repertoire ver-
2940 1940 4617 2063 schwunden ist). Ich finde also, dass Sie, trotz der Kas-
2940 2057 4556 2188 senausweise,ja vid leicht gerade nach den Kassenaus-
2940 2179 4624 2317 weisen eine neuerliche Ansetzung des stückes wohl hät-
2940 2311 4604 2418 ten riskieren dürfen. Damit will ich keine allgemeine
2947 2421 4574 2545 Regel aufstellen, wozu ich keinesfalls berechtigt wä-
2947 2530 4503 2668 re - aber in einem Fall, wo es sich nicht um einen
2927 2664 4541 2802 xbeliebigen Direktor und um einen xbeliebigem Autor
2947 2789 4534 2940 handelt, sondern um den Direktor Otto Brahm und den
