4908 4008
1192 373 1716 528 Votre très jusqu'au mieux.
983 660 1796 791 28 Wien, 16.2.1902.
412 875 2081 1000 Lieber Herr Brahm, ich schweige wie ein Ehrengrab über
423 998 2113 1123 Ihren Abschluss mit dem Carltheater und nehme Ihre Ab-
414 1126 2042 1255 sicht, am 15.Mai mit den Leb.St. zu beginnen, als ein
416 1229 2124 1315 Angebinde zu meinem an diesem Tag fälligen vierzigsten
423 1356 2087 1488 So wie ich Ihnen zu Ihrem 40. in Berlin die Liebelei
416 1475 2057 1600 verehrt habe. Ich hoffe wir beschenken einander noch
403 1593 813 1678 manches Mal.
412 1703 2066 1841 Natürlich hab ich Bassermann geschrieben. Vielleicht
416 1822 2033 1943 hat er den Brief nicht lesen können. Fragen Sie ihn
405 1945 2100 2072 doch. Und wie verhält es sich nun mit Hahn? Diese bei-
412 2081 2016 2206 den Dinge erscheinen mir für Wien äusserst wichtig:
412 2193 2107 2316 kein Hahn und ein bestimmter Bassermann. Und überlegen
412 2309 2113 2439 Sie nochmals: Bassermann Lionardo.- Sie wie sen, dch bin
392 2428 878 2547 nicht so dumm! -
392 2551 2072 2667 Wie lange werden Sie in Wien voraussichtlich spielen?
392 2674 2064 2769 Ferner: Haben Sie meinen Brief über Schönherrs „Sonn-
399 2782 2081 2917 wendtag“ erhalten? Ich finde Sie könnten das Stück vor-
3124 388 3435 522 -1:11
3603 412 3812 528 1.
4043 753 4388 852 (16.2.02.)
2788 858 4487 1007 züglich besetzen und würden einige Ehre aufheben. Ich
2807 985 4440 1147 weiss nicht, ob Ihnen der Autor (den ich nicht kenne)
2801 1136 4509 1253 das Stück eingereicht hat; aber ich kann mir nicht den-
2803 1236 4455 1348 ken, dass er es einer andern Berl. Bühne gegeben hat.
2810 1371 4463 1471 -Es thut mir natürlich sehr leid, dass ich nun wieder
2816 1481 4485 1604 nicht zu meinen Kakadu komme (umso leider, als ich mit
2827 1613 4494 1708 dem Volkstheater nich von neuem anbandeln kann,- mit
2825 1716 4463 1837 denjenigen meiner Stücke, die ich an meisten schätze,
2831 1857 4515 1960 hab ich kein Glück. Hoffentlich kommen Sie wenigstens
2829 1969 3325 2098 in Berlin dazu.
2835 2066 4500 2191 Denken Sie ich kann mich nicht zu dem Entschluss auf-
2827 2210 4526 2346 raffen, das Sudermannsche Stück anzusehn. Sie entschul-
2838 2327 4571 2434 digen doch. Auch dass ich mich über die neueste Schlen-
2851 2441 4483 2557 therei - in Sachen Hirschfeld - nicht wunder,werden
2857 2559 4565 2691 Sie entschuldigen. Auf diese Mühle brauchts kein neues
2857 2680 4573 2803 Wasser. Dieses Charakterbild schwankt für mich bereits
2848 2792 3819 2950 seit geraumer Zeit nicht mehr.
