4924 3994
1597 308 1778 499 11 " "
860 667 1033 783 16
1087 732 1508 843 Wien, 21.2.98.
554 865 1177 976 Lieber Herr Doktor,
237 949 1943 1087 seit acht Tagen bin ich wieder in Wien; dass wir nichts
233 1056 1960 1202 von einander gewusst haben, ist schade; ich wäre gerade-
244 1197 1914 1346 so gern nach München gegangen,wie nach Salzburg - man
242 1328 1829 1470 sollte sich doch immer gegenseitig kurze Bulletins
255 1433 1954 1586 schicken.- Mein Telegr. haben Sie bekommen, wie ich aus
255 1554 1872 1676 Ihrem Brief ersehe- und ich Ihren Brief, wie Sie aus
255 1668 1949 1801 diesem Brief ersehen werden. Was die Verschiebung des
266 1798 1847 1965 Vermächtnisses auf die nächste Saison anbelangt, so
279 1927 1869 2045 halte ich diesen meinen ergebenen Wunsch aufrecht,-
268 2022 1994 2189 selbst für den Fall dass die Reisenhofer weniger ziehen
293 2162 1927 2282 sollte - denn es wird jedenfalls zu spät - und zwei-
295 2271 2002 2397 tens, wie ich mir auch bereits zu telegraphieren erlaub-
302 2377 1916 2508 te, möchte ich wenn irgend möglich die Premiere hier
302 2512 1812 2650 und bei Ihnen annähernd zu gleicher Zeit haben.-
308 2606 1978 2765 Noch etwas wichtiges: ist die Lehmann in der nächsten
302 2741 1960 2898 Saison sicher noch bei Ihnen? Das wäre mir natürlich
310 2861 1925 2987 von unschätzbarem Werth. Von der Schneider als Toni
3076 262 3311 475 N:o 11.
3956 796 4335 940 (21.2.98).
2743 936 4528 1107 kann absolut keine Rede sein; wie ich bereits von Saltb.
2756 1115 3182 1222 aus schrieb. -
2750 1197 4479 1328 Vorläufig habe ich die Szene Ferdinand Ferdinand Emma
2761 1313 4473 1455 geändert, sie aber seitdem noch nicht angeschaut,besser
2781 1426 4419 1552 als früher wird sie wohl sein; mit der Betty ist mir
2763 1566 4419 1683 noch nichts geglückt; Ihr Bedenken gegen diese Figur
2781 1703 3346 1783 höchst gegründet.
2787 1790 4329 1905 Herr Tessing hat einige Fragen an mich gerichtet,
2787 1903 4397 2018 schlecht abgeschriebene Stellen betreffend, die ich
2787 2038 4417 2127 heute nicht beantworten kann, da mir die betreffende
2792 2133 4473 2251 Mscrpt. nicht zur Hand sind. Ich glaube, Act 2 ist die
2796 2277 4462 2402 Stelle gemeint: „Blick zur Decke“. - In der Einführung
2805 2395 4473 2501 von Hugo bin ich mit Herrn Lessings Anordnung einver-
2798 2508 4417 2657 standen; am besten wird Hugo auf einem Pferdekotzen
2812 2663 3331 2754 hereingetragen.-
2798 2752 4479 2856 Ich schreibe wieder allerlei; vielleicht auch was, das
2805 2865 4477 2994 nicht nur den „Menschen" sondern auch den Direktor in-
