5039 4040
1279 868 1851 981 Berlin, 27.6.1905.
788 1070 1265 1172 Lieber Freund,
329 1192 2062 1272 aus Ihrem Brief habe ich gern erfahren, dass Sie mit Ih-
333 1299 2069 1403 rer Komödie so gut wie fertig sind; anderes erfahre ich
333 1427 2067 1543 weniger gern. Dass wir uns wieder nicht treffen können,
333 1554 2118 1638 ist mir leid (die Aussicht auf Salzburg ist wohl von bei-
349 1625 2125 1765 den Seiten unbestimmt), und dass Sie von den zwei Stücken
351 1763 2076 1863 mit denen Sie die Saison verschönen wollen,mir nur ei-
351 1885 2133 2007 nes anvertrauen wollen, bedauere ich umso mehr, als Sie mir
344 2000 2087 2125 bei meiner Anwesenheit in Wien zu Ostern das Gegentheil
346 2133 2089 2238 bestimmt versprachen. Sie sagten damals,vollkommen spon-
364 2233 2067 2358 tan und ganz deutlich, dass Sie (ein doppelt geöffnetes
346 2360 2067 2480 Haus) zwei Stücke zugleich mir überreichen wollten, und
346 2435 2102 2595 ich quittierte dies dankend, und wahr sehr gerührt. Wenn
351 2555 2034 2693 Sie nun, ich weiss nicht unter welchen Eindrucken,Ihre
351 2682 2051 2822 Absicht, so deutlich sie auch ausgesprochen war,
351 2833 2016 2944 gänzlich geändert haben, so kann es nicht meine Sache
351 2913 2076 3084 sein, in Ihre Entschliessungen eingreifen zu wollen; nur
357 3030 2127 3199 möchte ich Ihnen zu erwägen geben,ob Sie nicht,bei noch-
3408 821 3572 970 167
4271 813 4555 963 27.6.05.
2850 924 4629 1050 maliger Ueberlegung,finden, dass Sie mir ein gewisses Vor-
2855 1079 4567 1172 recht einräumen sollten, dahin gehend, dass Sie auch mir
2873 1201 4555 1283 eine Stimme bei der Entscheidung der Frage lassen,wel-
2873 1259 4555 1405 ches der beiden Stücke für unser Theater geeignet sei,
2866 1425 4587 1521 und dass Sie mir also einen Einblick in beide gewähren,
2859 1514 4591 1661 bevor Sie etwas abmachen; meiner völligen Diskretion in
2868 1618 4591 1769 diesem Falle (wie in andern) brauche ich Sie nicht erst
2866 1756 4611 1894 zu versichern. Aber auch das gebe ich Ihnen noch zu erwä-
2870 1880 4471 2011 gen, dass, je schneller Sie mir die Komödie zusenden,
2868 1971 4604 2105 desto besser der Platz an der Sonne sein könnte, den ich
2868 2131 4578 2233 Ihnen ausmittle; denn naturgemäss kann ich nur mit den
2868 2269 4587 2342 habenden, nicht mit den habensollenden Stücken rechnen,-
2873 2369 4584 2471 und wer zuerst kommt,malt zuersi. Sollten Sie dann auf
2868 2489 4622 2586 meinen Vorschlag eingehen, und mich später auch das zwei-
2879 2595 4613 2724 te Stück lesen lassen,und sollten wir beide finden, dass
2873 2726 4622 2828 dieses das „Geeignetere“ sei, nun, so könnte man ja immer
2886 2839 4651 2928 noch das Spielchen spieben : Verwachselt, verwechselt das
2879 2935 4458 3059 Bäumchen - und Sie behielten Ihren guten Platz.- -
