5036 4153
1057 428 1343 579 1 „ „
1014 843 1190 960 143
1569 868 1864 1010 29.9.03.
261 1021 1972 1113 ich als teater possidens des alleinigen Wiener Auffüh-
259 1122 2046 1235 rungsrechtes ruhig sein könnte - trau der Deubel den ver-
277 1228 1348 1379 einigten Herren Weisse und Wagner!
273 1339 1947 1478 Das schöne Herbstwetter, das ich mit getheilter Freude
279 1460 1862 1600 geniesse,wird Ihnen die Reize der Spöttelgasse nun
273 1593 1909 1706 ganz offenbaren; thut Ihnen aber das Herz nicht weh,
273 1695 1593 1837 jetzt so weit ab vom Schlenther zu wohnen?
892 1819 1303 1947 Viele Grüsse
1264 1986 1467 2064 Ihres
1418 2096 1582 2182 O.B.
3674 895 4260 1010 Berlin, 8.11.1903.
3162 1046 3903 1197 Lieber Herr Schnitzler,
2718 1147 4404 1334 nachdem ich Ihr Stück gelesen hatte, empfand ich ein
2729 1289 4460 1433 starkes Verlangen, es zum zweiten Mal zu lesen, einzelne
2732 1393 4544 1557 Scenen las ich auch zum dritten Mal - und nun glaube ich,
2750 1512 4375 1684 das richtige Verständnis und die rüchtige Schätzung
2738 1632 4537 1801 für das Ganze erst gewonnen zu haben, das mir dichterisch
2754 1767 4478 1902 werthvoll und neuartig erscheint, ohne das s ich von sei-
2743 1877 4494 2028 ner Wirkung, ja von seiner Verständlichkeit für die Büh-
2750 2040 4517 2195 ne ganz überzeugt wäre. Nun das werden wir ja ausprobie-
2761 2152 4489 2308 ren; und wir werden auch mündlich, voraussichtlich bald,
2765 2279 4505 2416 vielerlei darüber oder können: ich denke unter dem Vor-
2768 2375 4535 2477 wande des neuen Fulda nach Wien zu kommen. Für heute nur
2774 2508 4393 2596 so viel, dass mir der ganze Fall Johanna allzu knapp
2768 2621 4415 2707 entwickelt scheint - wenn man da überhaupt von „ent-
2774 2741 4537 2835 wickeln“ reden kann; als Leser kann ich mir so ziemlich
2779 2842 4528 2952 zusammensuchen,was in xxx vorgeht - aber der Zuschauer,
2783 2959 4510 3083 wird vor einem völligen Rätsel stehen, fürchte ich. Ich
2777 3049 4483 3198 kann mir denken, dass Sie zu viel aus den früheren
