4879 4024
899 826 1086 980 186
1229 833 1839 980 Berl in, 29.10.1905.
304 987 2075 1121 Lieber Freund, Sie dichten ebenso promt wie kurz; schlie-
315 1119 1998 1242 sen wir also die Aera der Zwischenspiele zum Zwisschen-
315 1227 2020 1366 spiel hiemit ab, auch wenn nicht alle meine Blüthenträu-
313 1357 1881 1480 me reiften,und verlassen wir uns auf die immanente
304 1498 2000 1575 Kraft (oder den Magnetismus) der Dinge, die sich in der
304 1592 1280 1733 Burg so wunderherklich bewährt.
518 1711 2000 1852 Die Notiz über den „Ruf“ vermag ich Ihnen so we
304 1850 1954 1945 nig zu erklären, wie Sie mir. Ich habe weder direkten
304 1965 2031 2075 noch indirekten Theil daran. In Wien war ich nur 2 Stun-
315 2099 1958 2185 den, sprach Niemanden als den Zahlkollner im Imperial.
304 2198 1998 2304 Wenn Sie Gelegenheit finden, die Herren im Volks Theater
304 2337 1916 2425 aufzuklären, thun Sie's doch bitte. Von den Wiednern
315 2449 2031 2539 habe ich gar nichts gehört; es herrschte mit einem Wort
304 2553 2024 2650 die absoluteste Stille im Walde, wenn diese Entenzüchter
304 2654 2048 2782 nicht wären.- Mir erscheint es nämlich richtiger, vorläu-
311 2780 2059 2903 fig noch gar nichts zu tun, und die Entscheidung der Fra-
304 2923 1965 3055 ge, ob ich 1906 oder lieber 1907 nach Wien gehen soll,
3407 769 3559 918 186
4119 866 4453 982 29.10.05.
2799 985 4539 1092 noch offen zu lassen. Wenn ich gehe, hoffe ich unse-
2817 1081 4550 1236 rer Abrede gemäss, zunächst auf den Einsamen Weg, mit den
2808 1196 4114 1337 bewussten kleinen, erleuchtenden Lichtern.
3037 1313 4469 1451 Morgen arrangementen wir und desarrangieren wir
2810 1443 3471 1581 Amadeus und Cäcilie.
3438 1551 3802 1705 Herzlichst
3861 1760 4026 1907 O.B.
3306 2000 4059 2152 Dank für die Verewigung
3238 2227 3815 2365 Frau kommt doch zu
