2526 4103
1362 406 1525 522 1,1
1065 769 1203 878 50
1383 799 1946 938 Berlin, 30.3.1899.
771 960 1499 1100 Lieber Herr Schnitzler,
432 1089 2158 1205 ich theile Ihnen hiemit die Besetzung Ihrer Stücke mit,
436 1192 1989 1323 obgleich in den furchtbar traurigen Tagen, die Sie
440 1308 2059 1465 jetzt verleben,Ihr Interesse nicht sehr darnach fra-
430 1439 2032 1568 gen wird; die Aufführung werde ich versuchen, am 22.
430 1555 2094 1673 April herauszubringen. In „Paracelsus" soll Kainz den
425 1679 2036 1789 P.spielen,Nissen den Cyprian, Dumont die Justine; im
1576 1772 1765 1853 Henri,
438 1782 2017 1905 „Kakadu“ Fischer den Wirth, Kainz den xxx Dumont -
376 1907 2055 2029 Seveline, Reisenhofer-Leosadie, Sauer-Rollin, Winterstein-
423 2017 2006 2175 den Herzog; in der „Gefährtin“ Sauer den Professor,
412 2141 2066 2266 Sarrow die Olga(dreimal Dumont wäre zu viel und auch
412 2268 2102 2379 für die Schnelligkeit des Herausbringens hemmend) Win-
421 2412 2130 2495 terstein den Alfred. Mit mir vereinigt sich Tessing in
410 2521 2070 2626 der Bitte, doch die falschen Taschendiebe herauszulas-
414 2644 2034 2738 sen! (Auch Hofmannsthal ist dieser Meinung und wird
412 2760 2102 2850 sie Ihnen mündlich wiederholen). Es ist nicht mögl ich,
410 2882 2032 2989 sie mit ersten Schauspielern zu besetzen, und kleine
399 2976 2087 3099 interessieren an diesem Punkt nicht mehr, sie steigern
