5037 4151
1338 814 1897 938 Berlin, 24.4.1912.
972 979 1426 1105 Lieber Freund,
522 1092 2105 1242 ans Burgtheater haben wir wegen „Zw.“ geschrieben.
540 1242 2148 1351 Monnard ist Patent leider, weshalb ich die hiesigen
510 1345 2231 1473 Zwischenspiele aufgeben musste; bis 15.Mai aber hoffen
531 1486 2180 1570 wir, ihn gesund zu kriegen.- Ihre Sorge um mein Porte-
522 1608 2212 1698 monnaie (ich habe übrigens gar keins) in Sachen Kramer
531 1724 2154 1846 rührt mich tief; Sie haben mich aber missverstanden,
510 1837 2088 1934 der begleitende Neffe bleibt bestehen.- Wollen Sie
510 1944 2178 2049 die „Kinder" noch ein mal geniessen, so sind Sie Beide
501 2068 2203 2176 freundlichst in meine Loge geladen, ebenso für die „Rat-
512 2186 2107 2287 ten" ; lassen Sie mir darüber noch ein Wort zugehen,
503 2289 2071 2398 bitte.- Sehr neugierig bin ich, was Sie uns für den
501 2407 1719 2537 Winter bereiten? Auf gutes Wiedersehen.
4008 424 4372 561 Votre très-hier.
3291 420 3968 597 1. Uudenmaan läänisten 1.
3672 792 4173 914 Igls, 20.6.1912.
2985 936 4632 1122 Lieber Freund, so poetisch wie mein untenstehender Ka-
2985 1060 4567 1246 merad bin ich nicht, grüsse Sie alle aber herzlich!
2991 1182 4614 1355 Es gefällt mir sehr gut hier, und ich denke den Juli
3008 1332 4201 1471 durchzuhalten. Später etwa Gossensass.
3899 1501 4062 1593 O.B.
3028 1687 4111 1833 Unter Verschwiegenheit des Siegels
3051 1824 3871 1951 Ich bin auch hier in Jgls,
3041 1895 3884 2034 Und five grade den O’clock
3051 2034 3385 2167 Viel Grüss
3422 2073 4011 2218 Ludwig Rosenstock.
