4900 4008
4173 333 4837 499 Votre très bien de nouveau, que je ne
3381 371 3996 568 Vonkamt werden konnte zu kurken.
1580 367 2137 539 1 „ „ —: —: „
2182 365 2466 528 Mikkelinen
3542 752 3696 859 18a
3983 803 4354 931 26./.6.98.
1615 794 1926 935 (3.6.98.)
3345 938 3994 1072 Lieber Doctor Brahm,
441 951 2058 1092 Stadt hinuntergeschaut, sind in den falschen Lagunen
2947 1070 4625 1166 ich bin jetzt mit einer ziemlich heftigen Umarbeitung
434 1067 2083 1224 herumgefahren - und haben zum Schluss den auch nicht
2951 1170 4614 1307 des Vermächtnis beschäftigt - habe Ihrem Secretär ge-
434 1186 2144 1331 ganz wolkenlosen und nicht ganz echten Peter Altenberg
2965 1302 4634 1407 schrieben, er möge mir das Buch schicken, damit ich die
447 1320 2168 1421 mit zwei seiner Getreuen in einen Venezianer Restaurant
2951 1428 4591 1513 Veränderungen hier eintragen kann. Vom 2.u.3. Akt an
447 1452 2150 1573 aufgefunden. Ich denke,Kerr trifft Sie noch in Venedig
2969 1535 4629 1640 werde Sie nahezu alle Rollen neu schreiben lassen mit-
465 1560 1902 1671 (im wirklichen) er wollte heut dahin abreisen.
2951 1674 4652 1761 sen; ich habe einige Hauptszenen ganz neu geschrieben,
459 1674 2063 1792 Georg Hirschfeld hat uns nun auch wieder verlassen
2958 1770 4598 1875 beinah alle durchgefeilt - war über einige besondere
452 1777 2148 1911 ob die Agnes Jordan hier am Burgtheater geblieben ist,
2965 1897 4654 1991 Abscheulichkeiten tief erschrocken, hoffe jetzt anstän-
465 1931 2170 2029 steht noch nicht fest. Es ist überhaupt unglaublich, wie
2965 2007 4670 2119 diges gedichtet zu haben. Die Toni ist aus dem patheti¬
468 2054 1020 2179 wenig fest steht.
2965 2132 4650 2244 schen ins menschliche übersetzt; die Betty von vornhe-
468 2135 2182 2255 -Lassen Sie mich im Laufe des Sommers gelegentlich wis-
2965 2244 4558 2374 rein anders angelegt; der Vor-Schluss des 2. Aktes
468 2271 2271 2403 sen, wo Sie sitzen und sinnen - meinethalben auf Ansichts-
2969 2372 4650 2493 grad gerichtet. Nicht so wie ich möchte ist noch immer
477 2374 2191 2524 karten, wenn Ihr Animo nicht zu bedeutenderer Aussprachs
2965 2506 4647 2589 die Szene im 2. Akt (Emma, Toni) - und das Mittelstück
470 2533 698 2645 reicht
738 2582 2103 2710 Leben sie wohl, unterhalten sie sich gut und
2965 2642 4509 2752 des dritten, wo ich aber noch weiter kommen kann.-
470 2716 1378 2862 seien Sie herzlich gegrüsst.
2965 2734 4744 2833 Schlenther kennt die Aenderungen noch nicht; hoffentlich
2969 2855 4589 2996 kann ich sie ihm noch vor seiner Abreise übergeben.
1255 2938 1407 3036 A.S.
