2524 4104
1851 397 1954 504 1
824 382 984 500 i e e
1522 850 2082 967 Berlin, 22.2.1896
564 1080 2216 1166 Haben Sie herzlichen Dank, lieber Herr Doktor, für Ihr
568 1211 2178 1311 Buch und Bild; leider kann ich Ihnen mein Conterfei
562 1341 2214 1424 nicht senden, da es „ausverkauft" ist; sobald ich mal
570 1450 2086 1548 wieder zum Sitzen komme, holo ich die Schuld ein.
557 1569 2252 1652 Auf die Lectüre von „Sterben“ freue ich mich; die neu
557 1685 2265 1776 Novelle in der Fr. Bühne habe ich schon gelesen und ei-
555 1804 1947 1898 ne wachsende Kraft und Kunst darin gefunden.
568 1919 2124 2011 „Liebelei" macht uns fortgesetzt viel Freude; qua
562 2045 2274 2129 Casse hat es allerdings etwas nachgelassen, so dass ich
562 2161 2167 2244 eine stimulierende Notiz über Urlaubszeiten der Fr.
562 2302 2141 2372 Sorma versandt habe. Doch bleibt Fr.S. nur kürzere
557 2395 2075 2500 Zeit fort, und ich bin gewiss, dass wir das Stück
555 2524 2203 2607 gegebenen Falls mit Beihilfe der bewussten „Vereine“
549 2626 1296 2739 noch oft hab en werden.
547 2756 2220 2852 Hier erinnert sich alles Ihrer gerne und erwidert Ih-
549 2867 1796 2972 re freundlichen Gesinnungen aufs Beste.
