4822 4025
603 820 845 917 Brahm.
605 868 1949 1009 der Idee nähertreten statt der Komödie
658 998 2045 1111 für die bei Reinhardt in der Sorma eine
614 1049 2009 1225 glänzende Darstellerin zu finden war)das
616 1187 2019 1297 Drama Ihrem Theater zuzuwenden. Dass ich
622 1278 2032 1412 nur ein Stück Ihnen und das andere Rein -
626 1363 1945 1525 hardt zu geben gesonnen wäre, hatte ich
622 1510 1979 1618 Ihnen zum Ueberdruss wiederholt.Nun kam
627 1606 1947 1722 noch Ihr Brief, der mir und Andern Ihre
622 1665 2092 1828 Vorliebe für Stück II dadurch zu betätigen
633 1801 2109 1932 schien, dass Sie mir für dieses eine Tantie-
633 1871 2105 2036 me garantierten. Sie behaupten nun (natür¬
633 1998 2153 2134 lich in besten Glauben),dass diese Garantie
639 2121 2139 2225 sich auf bei de Stücke zusammen bezogen hät-
673 2192 2128 2349 te. Dass ich allen Grund hat meiner Nei-
646 2315 2075 2444 nun zu sein, ersehen Sie am besten aus der
652 2380 2087 2538 stelle Ihres Briefes,die ich wörtlich her-
644 2495 2075 2629 setze: „Vielleicht wenn ich Ihnen für das
652 2623 2015 2735 zweite Stück eine gute Position dadurch
646 2680 2113 2848 sichere, dass ich Ihnen die Tantiene garan-
663 2837 2087 2939 tiere. Ich erlube mir also Ihnen,falls Sie
652 2905 2122 3069 diesem Gedanken nähertreten wollen,und mir
3884 361 4075 533 1 1/2
2990 813 3219 905 Brahm.
3009 926 4468 1043 das Stück bis Neujahr über eben, Mark 3000
2986 1013 4443 1117 als Anzahlung auf Tantiemen,die bei Errei-
2984 1102 4379 1276 ohung des Stückes fällig würden,zu offe-
2986 1221 3264 1327 rieren“,
3298 1280 4404 1423 Kein Wort davon, dass ich für das
2967 1397 4423 1559 zweite Stück nur dann die Garantie bekäme,
2964 1508 4385 1624 wenn ich Ihnen auch das erste überliesse.
3277 1612 4396 1737 Darüber, dass ich nun alles Recht
2967 1709 4396 1875 hatte die Komödie an Reinhardt zu senden,
2975 1816 4451 1973 ist kaum ein Wort zu verlieren.Was konnte
2954 1922 4421 2037 Sie denn mit einem Mal zu der Ansicht ver-
2952 2024 4330 2122 anlassen, dass Sie beide Stücke bekommen
2964 2124 4421 2243 sollten, nachdem ich ununterbrochen erklärt
2945 2223 4438 2344 hatte,dass eines I—nen, das andere dem Rein-
2952 2325 4379 2429 hardt gehörte.Ermessen Sie nun meine Vor-
2945 2432 4319 2552 wunderung über Ihren Brief vom 4.d. und
2937 2536 4421 2654 über diesen seltsamen Ton des Briefes. Als
2950 2644 4455 2746 hätten Sie sich durch die Augrichtigkeit, mit
2956 2742 4440 2850 der ich Ihnen über die Stücke berichtete,
2926 2839 4372 2945 Rechte erworben und als hätte ich irgend-
2933 2941 4409 3073 welche formelle oder moralische Verpflich-
