5075 4025
1248 781 1833 964 Berlin, 14.12.1905.
824 971 1302 1125 Lieber Freund,
572 993 766 1132 am 2w1
371 1094 2009 1232 danke schön für Ihre Anfrage; auch ich glaube nicht,
371 1239 2114 1337 dass das „Märchen" auf meinem nächsten oder übernächst en
375 1326 2081 1491 Wege mir begegnenen würde. Es scheint mir besonders in
382 1431 2052 1581 der Sprache so, sagen wir historisch geworden, dass ich
375 1572 2003 1726 auf seine Wiederauferstehung nicht zu hoffen wage, bei
375 1706 1982 1840 uns. Ob bei Raphael? Sie haben mich nicht um meinen
357 1813 1362 1967 Rath geffagt, also schweige ich.
574 1891 1969 2043 Somoff hat noch nicht geantwortet; „offenbar
357 2063 1976 2188 ließer das Buch, schrieb mir Cassirer kürzlich auf
357 2192 2011 2291 meine Nachfrage. Ich werde nun verlangen, dass er eine
355 2270 2029 2407 Entscheidung herbeiführt! - Kürzlich stellte sich bei
364 2411 2081 2527 mir eine Frau Kraus-Hofmann ein, die mich etwas Kathari-
346 2541 2137 2641 nisch anmuthete, ich liess sie letzten Sonntag das Rauten
346 2643 2018 2759 delein spielen und fand mich in der Meinung, sie könne
346 2768 2054 2871 die sein, die wir brauchen, ziemlich bestärkt. Ich werde
353 2893 2125 3021 sie die Rolle studieren lassen und dann weiter berichten.
4159 873 4478 953 14.12.05.
3079 971 4548 1134 Vom Zwischenspiel ist leider nichts gutes per
2878 1094 4592 1246 Casse zu melden. Das Logenpublikum findet Vergütigen da-
2864 1235 4586 1384 ran und kommt, das andere bleibt aus. Nix zu wollen, lei-
2867 1360 4603 1491 der,leider. Den endgiltigen „Ruf“ schicken Sie mir wohl
2867 1478 4612 1603 baldmögl ichst. Mit Hauptmanns Pippa denken wir zwischen
2882 1592 4630 1737 19.u.27 Januar herauszukommen, dann erscheinen Sie gleich
2864 1715 4608 1835 als Nächster.- „Kommen Sie nach Wien“ soll wohl heis sen
2878 1831 4269 1945 zum Gastspiel? Herr, ich weiss es nicht.
3099 1862 4601 2063 Herzliche Grüsse für Sie, Frau Olga und den jüng-
2884 2034 3574 2190 sten Herrn Schnitzler
3530 2168 3842 2306 von Ihrem
