5019 4136
1562 410 1832 564 Votre très-hacque:
1306 449 1509 601 " "    "
1205 751 1846 949 Karlsbad, 24.7.1902.
755 960 1498 1108 Lieber Herr Schnitzler,
405 1084 2059 1218 anbei mein Alibi; jetzt lassen Sie aber mit der Ant-
423 1209 2108 1333 wort auf sich warten, auf meinen Brief wegen Monna Van-
416 1324 2048 1429 na-Beatrice! Ich habe inzwischen die „Rolle“ des Fi-
434 1416 2103 1551 lippo nochmals durchstudiert und finde, dass zur Noth
427 1551 2106 1683 Somm. sie wohl spielen könnte, obgleich der Wesenskorn
429 1687 2037 1804 des Filippo,wie er S. 92 definiert ist, seiner Natur
429 1810 1170 1907 unbedingt entgegen ist,
744 1890 2070 1991 Dem Herrn Trebitsch habe ich ja wiederholt
440 2031 2077 2130 in Wien gesagt, dass er mir die Stücke schicken kann.
432 2141 2031 2231 Er wird aber etwas Geduld haben müssen, da ich noch
440 2244 2136 2361 mancherlei mehr oder weniger schöne Reste -aufzuarbei -
440 2374 2139 2465 ten" habe. Bis Montag incl. bin ich noch hier, dann ge-
440 2487 2211 2592 he ich in eine, annoch unbestimmte, Wasserprantschanstalt.
758 2614 1308 2736 Herzlich grüssend
1438 2720 1601 2810 O.B.
3566 414 3729 568 11
3764 731 4498 859 Hainstein bei Eisenach,
3777 828 4312 914 Köllners Kurhaus
3771 892 4101 982 30.7.1902.
2923 947 4627 1123 Lieber Herr Schnitzler,weshalb so kurz, weshalb so pau-
2934 1099 4610 1247 senreich? Ich denke Monna V. im Oktober oder November
2943 1211 4621 1355 zu geben, genau weiss ich's noch nicht; auch wegen des
2943 1319 4654 1482 Termins, zu dem ich Schönherr bringe, bin ich noch nicht
2947 1524 3299 1608 im Reinen.
3271 1557 4597 1687 Ich bin seit gestern Mittag hier, der erste
2951 1687 4630 1835 Eindruck ist ein sehr angenehmer, man ist in einem gu-
2958 1797 4577 1947 ten soliden Haus, der Blick auf die Wartburg und die
2971 1927 4634 2068 Mannigfaltigkeit der Wälder ist schön. Die Wasserpan-
2971 2055 4299 2176 tomime allerdings etwas primitiv, scheints.
3599 2163 4156 2293 Herzlich grüssend
