5039 4040
1762 901 2050 1019 21.7.05.
4188 924 4491 1015 21.7.05.
378 992 2002 1157 sicht auf einen Amadeus-Winterstein oder dergl. das
2793 1055 4530 1185 Haben Sie Amadeus-Bassermann nicht erwogen? Er wäre der
369 1132 2106 1277 Zünglein an der Wage schwankt; und es erscheint mir da-
2811 1155 4471 1282 Mann, die „Komödie" mit mehr Lichtern zu erhellen. Al-
381 1271 2104 1393 rum in der Tat, als das Beste, noch das andere Werk abzu-
2809 1259 4082 1416 bert: Sauer oder Reicher, in diesem Fall.
381 1368 2088 1486 warten, um das Pro und Contra, mit Ihnen vereint, abwägen
369 1488 2104 1631 zu können. - Wenn wirklich der Stil des Reinhardt-Thea-
381 1624 2104 1762 ters, wie Sie schreiben, jener Arbeit mehr entgegenkommt,
376 1746 1993 1864 als der unsrige, so würde es gegebenen Falles unsere
369 1851 2061 1966 Aufgabe sein,- wie jedem eigenartigen Werk gegenüber -
387 1982 2156 2106 unsern „Stil“ so „entgegenkommend" zu modificiren,wie die
369 2082 2068 2195 Sache es verlangt; einiges Vertrauen in die Verwirkli-
376 2193 2054 2331 chung dieser Absicht glaubt das Brahm-Theater von dem
369 2322 2043 2439 Dichter des „Einsamen Weges“ erwarten zu dürfen.- Wie
376 2428 2152 2530 weit sind Sie inzwischen in der Arbeit gekommen und darf
369 2550 2054 2659 ich das Stück bald schon erwarten? - Wir bleiben, mein
358 2657 2025 2797 Bruder und ich, bis Mitte August hier, wo es uns recht
376 2781 2195 2929 wohl gefällt. Hoffentlich geht es auch Ihrem Dreibund gut;
358 2890 1447 3040 nehmen Sie die herzlichsten Grüsse
960 2992 1132 3137 Ihres
1153 2988 1327 3180 O.B.
