5025 4039
1576 877 1865 995 27.8.05.
291 949 2001 1072 tiemen, die bei Einreichung des Stückes fällig wurde, zu
286 1079 2058 1195 offeriren. - Mögen Sie aus diesem Vorschlag ersehen, dass
286 1177 2049 1299 ich unser beiderseitiges Interesse darin finde,Sie nicht
288 1288 2049 1429 aus dem Hause gehen zu sehen, und dass ich bestimmt glau-
286 1433 2046 1538 be, auch der Marien-Tragödie diejenige Theaterform gewin-
291 1540 2021 1660 nen zu können, die dies seltsam-fesselnde Werk verdient.
536 1651 2074 1797 Auf alle Fälle, ob Sie nun annehmen oder ablehnen,
286 1772 2026 1912 bitte ich mein Angebot als unmenschlich discretes anzu-
298 1906 1574 2017 sehen,gegen jedermann (auch gegen Hugo).
543 1990 2030 2149 Schlenther hat mir in Marienbad gesagt, ganz aus
298 2137 2003 2244 sich heraus, er sei grade im Begriff gewesen,Fischer zu
304 2242 2019 2360 ersuchen, bei Ihnen die Einsendung Ihres Neuesten zu er-
304 2380 2065 2492 wirken. Ob ich diese Mission übernehmen wolle? Ich sagte
304 2469 1974 2616 ihm, daß Sie an zwei Stücken arbeiten, dass aber beide
304 2596 2080 2728 noch nicht ganz spruchreif seien und das s ich Ihnen näch-
309 2755 2024 2884 stens von seinem Wunsche Mittheilung machen würde. Was
304 2871 886 2982 hiermit geschieht.
536 2955 2128 3114 Betreffs Ihrer älteren Stücke bin ich insbesondere
4027 845 4302 970 27.8.05.
2800 915 4529 1043 einer Aufnahme des Einsamen Wegs sehr geneigt, erinnere
2814 1024 4613 1161 Sie aber an Ihre Absicht, Einiges zu ändern. Mein Eifer zu
2814 1165 4511 1299 diesem Werk und etwa den Leb. St. wird wachsen, wenn ich
2819 1313 4558 1417 erst weiss, dass auch Ihre neue Produktion mir zufällt.-
2823 1415 4529 1524 Und nun wollen Sie etwas noch Lustigeres als die „Komö-
2819 1529 4524 1626 die" machen? Mann, wenn das nur denkbar ist; versprechen
2825 1665 4540 1740 Sie nicht zu viel! Und schreiben Sie auch einen schönen
2819 1753 4547 1867 Roman, damit man mal wieder an was Epischem seine Freude
2825 1890 4579 1981 haben kann. (Ich lese jetzt nur Briefe, z.B.Bülow-Briefe,
2819 1999 4617 2130 letzter Band; erschütternd, kehlzuschnürend oft.-  Hauptmann
3704 2078 3861 2142 will,
2832 2117 4506 2242 ist mit den Jungfern fertig, mit ihnen nächstens
2819 2251 4602 2330 nach Berlin reisen. Wiener Gastspiel Frühjahr geplant, im
2814 2351 4533 2439 Herbst heisst es:alle Mann auf die Schanzen.-Was mein
2837 2462 4663 2560 Unwohlsein war, weiss ich selber nicht, die Diagnose schwank-
2830 2619 4529 2735 te zwischen Herz, Dickdarm und Neurose. Schöne Auswahl,
2832 2721 3005 2807 gelt!
3016 2771 3573 2903 Herzlich grüssend
3689 2882 3841 2987 O.B.
2816 2975 3693 3105 „Adagio" versteh ich nicht.
