5041 4088
1067 784 1256 933 265
1862 913 2116 1065 7.2.10.
459 1022 2085 1194 am 5.Febr. bei der Arrangirprobe vom Ruf des Lebens
466 1152 2230 1316 so anschnauzten (2.Aktschluss) und dann in jener schönen
459 1252 2145 1390 Zeit, als ich noch Dichterkinder mordete.- Doch um vom
472 1379 2236 1537 Anlauf unseres Witzes in einen mehr gesetzten Ton zu fal-
472 1506 2170 1617 len,- dem Ernst des Gegenstandes gemäss: wenn es Ihnen
470 1608 2092 1762 Recht ist, wär es glaub ich wirklich gut, den „Anatol“
459 1717 2176 1891 bis unmittelbar nach Ostern zu lassen, also letzte März-
466 1851 2176 2025 tage. Bis dahin wird ja das „Konzert" auf menschlichere
448 1967 2112 2123 Dimensionen herabgelangt sein, und wir vermeiden dann
459 2092 2152 2214 auch, die nicht günstige Charwoche,in der obendrein die
439 2207 2205 2352 hohe Polizei dem „Anatol" Schwierigkeiten machen könnte.
441 2330 2154 2490 Ausser dem Hirschfeld will ich nichts mehr bringen, bis
437 2461 2216 2608 zum „A.“; ich fürchte der arme Georg wird einen schweren
441 2555 2056 2715 Stand haben neben Bahr und Hardt (der auch noch gut
441 2680 2109 2838 geht). Den Shaw hab ich auf nächste Spielzeit gelegt,
430 2791 2216 2965 auch Hauptmann liess sich mitsammt den „Ratten“ vertagen,
434 2943 2098 3047 die übrigens jetzt: „Der Storch beim Maskenverleiher“
437 3027 2145 3183 heissen sollen. (Sein Ernst; meiner allerdings nicht).
4255 728 4533 898 7.2.10.
3506 791 3666 962 265
2853 878 4537 1109 Nun werden Sie behaupten, es müsse mir sehr gut gehen,
2869 1054 4515 1241 dieweil ich so von Gelde und Humor strotze? Da sehen
2887 1123 4580 1325 Sie, wie leicht die Aerzte sich irren? ich bin nämlich
2896 1238 4651 1459 erst vom Krankenlager aufgekrochen, das ich wegen Ischias
2902 1363 4553 1573 aufgeschlagen hatte; Sie können es auch hexenschuss
2909 1490 4606 1684 nennen, darum tut es nicht minder weh.- Und Sie und die
2902 1613 4678 1824 lieben Leute alle, Mutter und Kinder? Was macht das Vogel-
2909 1766 4493 1936 gezwitscher,und die andern Dinge, die man unter der
2916 1869 4598 2036 Spitzmarke „Uebelstände" zusammenfassen könnte? Wobei
2916 1960 4591 2152 mir der brave, aber rätselhafte Hugo einfällt,
2927 2087 4647 2259 der schon lange hier sein soll, mir aber kein Lebenszei-
2940 2236 4540 2377 chen gab; so ist er um seine Heim(s)reise besorgt.-
2956 2288 4678 2499 Und dies wiederum führt in organischer Verknüpfung auf
2958 2457 4600 2613 die Reise zum Semmering,die Sie mir vorschlagen? ich
2949 2566 4718 2755 kann aber nicht nachschlagen, erstens weil ich kein Lexi-
2963 2637 4727 2856 kon habe, (und das ist mein Stolz) und dann, weil auch der
2987 2784 4729 2971 jüdische Pastor nicht zweimal im Jahr auf dem Wasserlei-
2974 2858 4718 3036 tungsweg predigt.- In diesem Sinne grüsste Sie herzlich
3816 2947 4087 3041 Ihr O.B.
