5039 4040
890 844 1042 976 166
1283 894 1872 1009 Weisser Hirsch bei
1314 991 1907 1083 Dresden,11.6.1905.
292 1110 2055 1270 Lieber Freund, als ich die einliegende Notiz las, habe ich
286 1268 2011 1367 natürlich gleich an Sie gedacht: war es doch der Traum
286 1369 2037 1490 Ihrer Jugendjahre, der da in Erfüllung ging, nur dass lei-
310 1472 1976 1644 der kein Stück von Ihnen auf dem Spielplan stand. Ich
286 1609 2030 1743 habe an die sem denkwürdigen Ahend, zur Feier des Einzugs
286 1743 2048 1868 der hohen Braut, meinem bewährten Patriotismus durch eine
286 1857 2026 1987 Aufführung der „Wehr“ Ausdruck geliehen, und es geht die
299 1956 1945 2083 Sage, dass an die hundert Personen damals im Lessing-
292 2072 2055 2217 Theater - die auf der Bühne und an den Logenthüren nicht
286 2204 1668 2338 gerechnet - versammelt gewesen sein sollen.
292 2323 2044 2422 Ich bin seit 14 Tagen hier,und wohl noch zu eben so vie-
292 2448 1973 2589 len verurteilt; dann will ich zu Hauptmann fahren und
299 2571 2026 2683 Mitte Juli nach Südtirol gelangen. Fulda lookt nach dem
286 2685 1954 2828 Karersee, und da werd ich wohl auch meinen Anfang neh-
286 2826 1932 2934 men. Wie sind Ihre Pläne? Es wäre doch fein,wenn wir
286 2931 1976 3044 nach so vielen Jahren des Kokettirens mit gemeinsamen
292 3030 1949 3173 Sommerfahrplänen wirklich einmal auf einem Fleck uns
4254 826 4544 971 11.6.05.
2857 1031 3305 1121 versammelten.
2868 1138 4544 1215 Was macht die Dramatik? Fischer, der auch hier war und
2881 1235 4635 1347 Ihr Verleger sich nennt,behauptete, Sie hätt en ihm von ei-
2879 1365 4597 1466 ner fertigen Bühhenarbeit geschrieben - ich bestritt es
2885 1475 4628 1578 in dem Bewusstsein, dass ich das doch auch wissen müsste?
3448 1611 3986 1688 Herzlich grüssend
2903 1940 4630 2052 (Inliegender Zeitungsausschnitt:) Unter der Festfreudig-
2892 2004 4613 2105 keit der Berliner hatte begreiflicherweise die Theater-
2896 2070 4628 2160 freudigkeit erheblich gelitten. So musste, wie wir erfah-
2892 2118 4595 2228 ren, das „Zentral-Theater“, in dem ein Ensemblegastspiel
2892 2198 4474 2281 des „Berliner Theaters“ sta tfinden sollte,gestern
2909 2241 4650 2378 Abend geschlossen bleiben, da sich kein einziger Besucher
2899 2327 3465 2474 eingestellt hatte.
