4905 4008
1574 673 1920 803 (2.11.03.)
255 778 2082 946 4 beigebracht. Für heute sage ich nur Dank für die lie-
423 915 1663 1074 ben Grüsse, die mir Bahr überbracht hat.
435 1021 2020 1142 In Hinsicht auf die Rose Bernt kenn ich mich nicht
428 1144 2157 1272 aus, da ich nur die Wiener Telegramme von Hey- bis GoEd-
428 1274 2054 1392 mann gelesen habe. Und dazwischen liegt Lesser.. Im
432 1385 2173 1524 übrigen hab ich eben das Buch aufgeschnitten; und daraus
428 1504 2054 1638 werd ich wohl...mit Vernachlässigung Schiff's - das
441 1640 1147 1761 wesentliche erfahren.-
780 1759 1688 1891 Seien Sie herzlich gegrüsst.
1365 1959 1522 2093 A.S.
4197 303 4475 505 du mois de
3733 612 4100 710 10.11.1903.
3660 648 4357 799 XVIII.Spöttelgasse 7.
2837 801 4527 919 Lieber Herr Brahm, gestern Abend sind wir vom Semmerig
2844 921 4454 1017 zurückgekommen, und da hab ich Ihren Brief gefunden,
2851 1028 4550 1153 mit dem ich mich sehr gefreut habe. Unserer mündlichen
2853 1144 4532 1267 Unterhaltung über den E.W. sehe ich mit Vergnügen ent-
2837 1276 4482 1385 gegen, will aber schon heute auf einige Ihrer Aeusse-
2851 1404 4504 1497 rungen eingehen. Das gute, was Sie mir sagen, habe ich
2855 1529 4439 1624 diesmal mit besonderer Genugthuung aufgenommen, und
2851 1631 4577 1736 Ihre Einwendungen werde ich zum grössern Theile berück-
2860 1738 4557 1884 sichtigen. Die Knappheit, deren ich beflissen war, dürfte
2851 1852 4564 1979 meiner Empfindung nach einer Bühnenwirkung mehr zustat-
2862 1988 4477 2109 ten kommen, als Sie anzunehmen scheinen; aber in der
2862 2120 4534 2204 Erklärung des Verhältnisses Johanna - Sala dürft ich
2866 2245 4514 2332 wirklich allzu bündig gewesen sein. Am Ende des 1.Ak-
2862 2327 4527 2466 tes möcht ich nicht gem deutlicher werden; doch denke
2866 2480 4482 2575 ich, dass im 3.Akt in der Szene zwischen Johanna und
2864 2566 4548 2687 ihrem Bruder noch einiges einzufügen sein wird, was die
2851 2689 4591 2803 Neigung der Johanna erläutern könnte. Auch die Scene im
2862 2823 4548 2946 2. Akt Julian - - rene - Felix hab ich mit Absicht kurz
