2512 4102
1461 378 1862 583 1 4/4 4/7 4
1566 831 1827 928 21.9.96.
391 904 1994 1001 dend; und gleichfalls wichtig - wenn auch um einige
393 975 2125 1148 grade weniger - hielte ich es, wenn die eigentliche
391 1137 2037 1230 Knallerei (bei dem harten Worte bleibe, ich verzeihen
393 1223 2065 1355 Sie) hinter die Bühne käme, gleichviel ob nun der eine
395 1340 2009 1478 den andern, oder der andere den einen abknallt. (Für
393 1467 1983 1603 die knallende Anna bin ich natürlich absolut nicht)
395 1564 1998 1707 Auch dieses sei Ihnen nochmals ans Herz gelegt. Bei
397 1687 2112 1845 glücklicher Ausführung würde ich das Knallen hinter der
391 1804 2099 1948 Bühne nicht als „Auch-Effekt" empfinden,wie Sie meinen,
406 1950 1877 2063 sondern als ein natürlichstes Moment der Fabel.
703 2052 1946 2173 Frau Sorma soll Ihrem Wunsch gemäss das
397 2170 2006 2278 Buch, das eben noch abgeschrieben wird, nächster Tage
406 2246 2088 2393 erhalten; auch auf die Censur schicke ich es baldigst,
397 2384 2076 2539 für alle Fälle. Spielt Fr.Sorma nicht, dann nehmen wir
399 2501 2093 2641 am besten Frl. Trenner, die ich Ihnen schon s.Zt. nann-
406 2624 2037 2764 te und die sich zudem in „Ohne Liebe“ auf das Aller-
406 2729 1961 2891 glücklichste bei Kritik und Publikum als moderne
408 2872 2022 2988 Schauspielerin eingelührt hat. Das wäre nun freilich
406 2973 2067 3176 keine „Naive“; aber kann denn Schneider um Gotteswil-
