5037 4151
1020 423 1712 584 Mikkelinen, Juhannusvasto
1512 850 1831 966 9.2.1912.
429 949 2124 1063 die Sie wünschen, vorzuziehen sei. „Anatol" ist ein be-
429 1061 2113 1218 kannter,grosser gefolg gewesen, „literatur“ und die an-
427 1177 2027 1320 deren „Stunden"-Stücke das letzte Mal (1908) nicht;
433 1276 2130 1421 „A." ist auch bei den „Vereinen“ nicht gewesen, die ich
414 1406 1964 1563 ev. jetzt heranziehen kann; und in der „literatur“
414 1514 1997 1656 hätte Monnard gegen den famosen Cle des Bassermann
403 1656 1962 1768 zu kämpfen (im Anatol nur gegen sich selber). Ich
403 1751 2111 1876 werde, aus allen diesen Gründen, die Sie hoffentlich mil-
397 1878 1945 2027 der stimmen, nun Mizzi an einigen Abenden, zunächst
399 2003 2051 2133 Samstag den 13.und Sonntag den 18., mit Weihnachtsein-
397 2124 2064 2238 käufe, Abschiedssouper,Hochzeitsmorgen zusammen geben -
397 2230 2040 2355 wobei ich aber nicht annehme, dass dieser Abend „zehn-
380 2344 2089 2488 mal" mehr Menschen herbeiziehen wird, als Ihr Vorschlag
380 2469 2111 2583 Es ist ein Versuch, nichts weiter.- Die bisherigen sechs
388 2585 1958 2704 Vorstellungen geben einen Durchschnitt von knappen
373 2700 2036 2848 2500, also mittelgut.- Dass „Mizzi" den 1.Abend voran-
373 2825 2057 2954 ging, war durch Reicher zunächst veranlasst, der lebhaft
375 2930 2016 3064 erklärte, anders könne er seine ungarisch-tirolischen
4065 884 4401 985 9.2.1912.
2874 998 4535 1117 Verpflichtungen nicht abliefern; bei den wiederholun-
2887 1115 4524 1257 gen sei es ihm einerlei. Vom 3.Abend an hab ich dann
2887 1233 4578 1369 umgestellt. Der „Mizzi“ hat’s jedenfalls nicht gescha-
2898 1352 4474 1473 det; der „Erde“ vielleicht. - Beinahe wär ich heut
2898 1453 4520 1604 zu den „Marionetten“ noch gefahren, doch ich habe im
2904 1600 4459 1714 Theater ein Gastspiel, und so musst ich sagen: auf
2898 1764 3086 1846 bald!
3390 1844 3825 1936 Herzlich Ihr
3797 1951 3957 2094 O.B.
