5036 4153
833 430 1636 602 Von tämätigen wälzellä, että i
1268 741 1445 929 294
1713 807 2034 925 1.9.1911.
514 931 1467 1032 eine herrliche Hall erschauen.
507 1041 2137 1169 Wie geht es Ihrer Mutter, Ihnen allen? Sind Sie noch
514 1169 2113 1291 im Gebiete posenstocks, den man nennen kann, wie man
501 1287 2223 1413 Lust hat? Oder sind Sie in Aussee bei den Mitstreitern?
585 1424 2137 1495 Eine Notiz, die ich in Bergers Programm las, D.w.L.
488 1520 2124 1664 komme in der ersten Oktoberwoche, hat wohl nichts zu
495 1647 807 1764 bedeuten?
818 1758 1522 1874 Mit herzlichen Grussen
1289 1893 1439 1979 Ihr
1413 2002 1576 2111 O.B.
3398 430 3623 606 1.°
3672 405 3854 565 1,1
3848 812 4372 929 Berlin, 7.9.1911.
3377 940 3867 1049 Lieber Freund,
2946 1030 4537 1180 mit der herzlichsten Teilnahme erfahre ich von der
2972 1137 4636 1295 ernsten Erkrankung Ihrer Mutter und begleite Sie alle
2970 1259 4597 1407 in der schweren Not dieser Zeiten mit meinen besten,
2981 1439 3593 1542 innigsten Wünschen.
3169 1488 4666 1685 Ihre Amendirung meiner Vorschläge wird genau-
2989 1623 4599 1771 estens berücksichtigt, bei den Reparaturen S.105 und
2996 1749 4617 1880 besonders S.172 allerdings nicht mit dramaturgischer
2993 1882 4593 2008 Ueberzeugtheit. Dass Ihnen die Besetzung recht ist,
2996 1985 4548 2135 ist mir sehr lieb.- Ihr Gönner Jabobsohn (der von
3004 2101 4642 2244 der Opertette, ich glaube,ich habe ein H in ihm gefun-
3013 2229 4604 2351 den, das er nicht be ansprucht) hat also den Bernauer
3011 2315 4644 2462 für Medardus richtig „gewonnen“ - aber was hilft der
3013 2452 4614 2580 Protektor bei einem so spröden Autor? - Sie könnens
3004 2561 4670 2719 gewiss abwarten, und wenn das Theater sich entwickelt,
3026 2698 4666 2820 ihm noch immer das Stück geben. Oder wohl besser dem
3019 2811 4694 2944 Berliner Th., wo es als Zugstück zu inscenieren wäre!-
3036 2925 4734 3060 Der Gedanke, Mizzi mit Bahrs Tänzohen zusammen zu geben,
3036 2996 4417 3122 lebt embryonalisch in mir fort.-Herzlich Ihr
4415 3030 4574 3148 O.B.
