<?xml version="1.0" encoding="UTF-8" standalone="yes"?>
<PcGts xmlns="http://schema.primaresearch.org/PAGE/gts/pagecontent/2013-07-15" xmlns:xsi="http://www.w3.org/2001/XMLSchema-instance" xsi:schemaLocation="http://schema.primaresearch.org/PAGE/gts/pagecontent/2013-07-15 http://schema.primaresearch.org/PAGE/gts/pagecontent/2013-07-15/pagecontent.xsd">
    <Metadata>
        <Creator>prov=READ-COOP:name=TrHtr:version=2.1.0:model_id=51170:date=26_07_2023_02:02</Creator>
        <Created>2023-05-02T07:45:26.747+02:00</Created>
        <LastChange>2023-07-26T02:02:26.296+02:00</LastChange>
        <TranskribusMetadata docId="1416706" pageId="54951663" pageNr="320" tsid="130871458" status="IN_PROGRESS" userId="64420" imgUrl="https://files.transkribus.eu/Get?id=GTTUHUTJITYSJZXHGWRLZXPT&amp;fileType=view" xmlUrl="https://files.transkribus.eu/Get?id=XNYYDSJEYMAWYBRKHKZKGKOD" imageId="44455389"/>
    </Metadata>
    <Page imageFilename="1416706_0320.jpg" imageWidth="4871" imageHeight="4168">
        <ReadingOrder>
            <OrderedGroup id="ro_1711829464144" caption="Regions reading order">
                <RegionRefIndexed index="0" regionRef="tr_1"/>
                <RegionRefIndexed index="1" regionRef="tr_2"/>
            </OrderedGroup>
        </ReadingOrder>
        <TextRegion id="tr_1" custom="readingOrder {index:0;}">
            <Coords points="370,469 2137,469 2137,3049 370,3049"/>
            <TextLine id="tr_1_tl_1" custom="readingOrder {index:0;}">
                <Coords points="742,615 783,617 882,545 989,536 1107,562 1162,529 1214,549 1229,542 1223,435 1166,438 1135,418 1118,440 1039,435 1000,459 956,442 930,464 814,420 785,446 728,435"/>
                <Baseline points="746,519 835,525 925,531 1015,537 1104,543 1194,549 1236,555"/>
                <TextEquiv>
                    <Unicode>Votre trèsse â¢, ils että</Unicode>
                </TextEquiv>
            </TextLine>
            <TextLine id="tr_1_tl_2" custom="readingOrder {index:1;}">
                <Coords points="1529,906 1571,917 1610,910 1632,923 1676,908 1722,914 1748,903 1772,928 1816,928 1813,862 1789,866 1768,849 1739,853 1717,844 1678,858 1643,838 1612,847 1584,833 1560,853 1527,844"/>
                <Baseline points="1540,889 1630,895 1719,895 1809,901 1821,895"/>
                <TextEquiv>
                    <Unicode>30.9.96.</Unicode>
                </TextEquiv>
            </TextLine>
            <TextLine id="tr_1_tl_3" custom="readingOrder {index:2;}">
                <Coords points="573,1035 711,1024 858,1057 897,1024 1032,1015 1081,1041 1501,1046 1501,976 1376,934 1153,982 884,943 788,976 667,947 573,969"/>
                <Baseline points="585,1009 674,1015 764,1015 853,1015 943,1015 1033,1015 1122,1015 1212,1015 1301,1009 1391,1015 1480,1021 1504,1021"/>
                <TextEquiv>
                    <Unicode>Mein verehrter Herr Direktor,</Unicode>
                </TextEquiv>
            </TextLine>
            <TextLine id="tr_1_tl_4" custom="readingOrder {index:3;}">
                <Coords points="383,1164 2048,1153 2002,1028 1820,1100 1452,1100 1179,1032 383,1043"/>
                <Baseline points="394,1122 483,1128 573,1128 662,1128 752,1134 841,1128 931,1128 1021,1128 1110,1128 1200,1128 1289,1128 1379,1128 1468,1128 1558,1134 1648,1128 1737,1128 1827,1128 1916,1128 2006,1128 2054,1128"/>
                <TextEquiv>
                    <Unicode>heute will ich Ihnen die Gründe sagen, welche mich be-</Unicode>
                </TextEquiv>
            </TextLine>
            <TextLine id="tr_1_tl_5" custom="readingOrder {index:4;}">
                <Coords points="383,1267 2032,1269 2004,1214 1708,1170 1435,1225 1280,1166 1107,1223 383,1223"/>
                <Baseline points="394,1242 483,1248 573,1248 662,1253 752,1253 841,1253 931,1248 1021,1248 1110,1248 1200,1253 1289,1248 1379,1248 1468,1248 1558,1248 1648,1248 1737,1248 1827,1248 1916,1248 2006,1253 2036,1253"/>
                <TextEquiv>
                    <Unicode>stimmen, bei meinem ursprünglichen Schluss zu bleiben,</Unicode>
                </TextEquiv>
            </TextLine>
            <TextLine id="tr_1_tl_6" custom="readingOrder {index:5;}">
                <Coords points="383,1380 2043,1393 2030,1323 1713,1299 1625,1350 1278,1271 383,1288"/>
                <Baseline points="394,1361 483,1367 573,1367 662,1367 752,1367 841,1367 931,1367 1021,1367 1110,1367 1200,1367 1289,1367 1379,1367 1468,1367 1558,1367 1648,1367 1737,1367 1827,1367 1916,1367 2006,1367 2048,1367"/>
                <TextEquiv>
                    <Unicode>und zu denen sowohl Gründe der äusseren als der inne-</Unicode>
                </TextEquiv>
            </TextLine>
            <TextLine id="tr_1_tl_7" custom="readingOrder {index:6;}">
                <Coords points="376,1503 1905,1490 2006,1536 2131,1488 2087,1424 1190,1466 982,1407 376,1409"/>
                <Baseline points="388,1486 477,1486 567,1486 656,1486 746,1492 835,1492 925,1486 1015,1492 1104,1486 1194,1492 1283,1486 1373,1486 1462,1486 1552,1486 1642,1486 1731,1486 1821,1486 1910,1486 2000,1486 2089,1486 2137,1486"/>
                <TextEquiv>
                    <Unicode>ren Wahrheit gehören. Wenn ich die Sache für mich verein-</Unicode>
                </TextEquiv>
            </TextLine>
            <TextLine id="tr_1_tl_8" custom="readingOrder {index:7;}">
                <Coords points="383,1647 2043,1625 2043,1558 1855,1540 1763,1579 812,1582 630,1525 383,1536"/>
                <Baseline points="394,1600 483,1606 573,1606 662,1606 752,1606 841,1606 931,1606 1021,1606 1110,1606 1200,1606 1289,1606 1379,1606 1468,1606 1558,1606 1648,1606 1737,1606 1827,1606 1916,1606 2006,1606 2048,1606"/>
                <TextEquiv>
                    <Unicode>fachen wollte, könnte ich mich darauf berufen, dass mir</Unicode>
                </TextEquiv>
            </TextLine>
            <TextLine id="tr_1_tl_9" custom="readingOrder {index:8;}">
                <Coords points="383,1761 2021,1743 2021,1698 1881,1676 1153,1702 956,1636 383,1654"/>
                <Baseline points="394,1719 483,1725 573,1725 662,1725 752,1725 841,1731 931,1725 1021,1731 1110,1725 1200,1725 1289,1725 1379,1725 1468,1725 1558,1725 1648,1725 1737,1725 1827,1725 1916,1725 2006,1725 2024,1725"/>
                <TextEquiv>
                    <Unicode>die Hauptfabel, die Linie des Stücks schon vor Jahren</Unicode>
                </TextEquiv>
            </TextLine>
            <TextLine id="tr_1_tl_10" custom="readingOrder {index:9;}">
                <Coords points="383,1862 1982,1879 1969,1798 980,1789 873,1829 383,1761"/>
                <Baseline points="394,1839 483,1845 573,1845 662,1845 752,1845 841,1845 931,1845 1021,1845 1110,1845 1200,1845 1289,1845 1379,1845 1468,1845 1558,1845 1648,1845 1737,1845 1827,1845 1916,1845 1988,1845"/>
                <TextEquiv>
                    <Unicode>sowie sie heute da ist, eingefallen ist und das s mir</Unicode>
                </TextEquiv>
            </TextLine>
            <TextLine id="tr_1_tl_11" custom="readingOrder {index:10;}">
                <Coords points="370,1995 1947,1971 1947,1912 866,1938 370,1859"/>
                <Baseline points="382,1958 471,1964 561,1964 650,1964 740,1964 830,1964 919,1964 1009,1964 1098,1964 1188,1964 1277,1964 1367,1964 1457,1964 1546,1964 1636,1964 1725,1964 1815,1964 1904,1964 1952,1964"/>
                <TextEquiv>
                    <Unicode>nie ein anderer Abschluss in den Sinn gekommen ist</Unicode>
                </TextEquiv>
            </TextLine>
            <TextLine id="tr_1_tl_12" custom="readingOrder {index:11;}">
                <Coords points="370,2091 1982,2109 1982,2030 1840,2019 1396,2054 1317,1999 370,1997"/>
                <Baseline points="382,2078 471,2078 561,2084 650,2084 740,2078 830,2084 919,2084 1009,2084 1098,2084 1188,2078 1277,2084 1367,2078 1457,2078 1546,2078 1636,2078 1725,2078 1815,2078 1904,2078 1988,2078"/>
                <TextEquiv>
                    <Unicode>als der jetzt vorliegende.Es ist also offenbar tief</Unicode>
                </TextEquiv>
            </TextLine>
            <TextLine id="tr_1_tl_13" custom="readingOrder {index:12;}">
                <Coords points="383,2225 2061,2247 2032,2150 1138,2172 796,2111 737,2163 497,2170 383,2115"/>
                <Baseline points="394,2197 483,2197 573,2197 662,2197 752,2197 841,2197 931,2203 1021,2197 1110,2203 1200,2197 1289,2203 1379,2203 1468,2203 1558,2197 1648,2203 1737,2197 1827,2197 1916,2197 2006,2197 2066,2197"/>
                <TextEquiv>
                    <Unicode>in meinem Gefühl gewesen, dass mein Held nicht als Sie-</Unicode>
                </TextEquiv>
            </TextLine>
            <TextLine id="tr_1_tl_14" custom="readingOrder {index:13;}">
                <Coords points="363,2360 1953,2354 2030,2328 2030,2266 1068,2290 921,2222 363,2286"/>
                <Baseline points="376,2328 423,2322 513,2322 603,2322 692,2316 782,2316 871,2316 961,2316 1050,2316 1140,2316 1230,2316 1319,2316 1409,2316 1498,2322 1588,2316 1677,2322 1767,2316 1857,2316 1946,2322 2036,2316"/>
                <TextEquiv>
                    <Unicode>ger sondern als Märtyrer enden muss, wenn die Idee der</Unicode>
                </TextEquiv>
            </TextLine>
            <TextLine id="tr_1_tl_15" custom="readingOrder {index:14;}">
                <Coords points="376,2454 1890,2474 2061,2452 2061,2391 1553,2413 737,2338 470,2341 376,2393"/>
                <Baseline points="388,2430 477,2436 567,2436 656,2436 746,2436 835,2436 925,2436 1015,2436 1104,2436 1194,2436 1283,2436 1373,2442 1462,2436 1552,2442 1642,2436 1731,2442 1821,2442 1910,2442 2000,2442 2066,2436"/>
                <TextEquiv>
                    <Unicode>Fabel wirklich herauskommen soll. Aber jetzt, wo ich ge-</Unicode>
                </TextEquiv>
            </TextLine>
            <TextLine id="tr_1_tl_16" custom="readingOrder {index:15;}">
                <Coords points="370,2603 588,2562 873,2603 941,2564 2074,2586 2074,2511 1870,2465 370,2485"/>
                <Baseline points="382,2555 471,2555 561,2555 650,2561 740,2555 830,2555 919,2555 1009,2555 1098,2555 1188,2555 1277,2555 1367,2561 1457,2555 1546,2555 1636,2555 1725,2561 1815,2561 1904,2561 1994,2561 2078,2561"/>
                <TextEquiv>
                    <Unicode>drängt bin, dieses Gefühl auf seine Berechtigung hin zu</Unicode>
                </TextEquiv>
            </TextLine>
            <TextLine id="tr_1_tl_17" custom="readingOrder {index:16;}">
                <Coords points="376,2678 884,2721 2069,2699 2069,2638 1811,2583 1474,2642 1317,2597 376,2621"/>
                <Baseline points="388,2669 477,2669 567,2669 656,2675 746,2681 835,2675 925,2675 1015,2675 1104,2675 1194,2675 1283,2675 1373,2675 1462,2675 1552,2675 1642,2675 1731,2681 1821,2681 1910,2681 2000,2681 2072,2681"/>
                <TextEquiv>
                    <Unicode>untersuchen, wird mir erst klar, in wie lebendigen Moth-</Unicode>
                </TextEquiv>
            </TextLine>
            <TextLine id="tr_1_tl_18" custom="readingOrder {index:17;}">
                <Coords points="359,2800 661,2852 976,2800 2089,2815 2089,2741 1560,2708 1363,2754 359,2734"/>
                <Baseline points="370,2794 459,2794 549,2794 638,2794 728,2794 818,2794 907,2794 997,2794 1086,2794 1176,2794 1265,2794 1355,2794 1445,2794 1534,2794 1624,2794 1713,2800 1803,2800 1892,2800 1982,2800 2072,2800 2095,2800"/>
                <TextEquiv>
                    <Unicode>wendigkeiten es wurzelt.-Paul vertritt das rein mensch-</Unicode>
                </TextEquiv>
            </TextLine>
            <TextLine id="tr_1_tl_19" custom="readingOrder {index:18;}">
                <Coords points="376,2962 1129,2918 1888,2927 1973,2968 2015,2958 2015,2848 376,2855"/>
                <Baseline points="388,2914 477,2914 567,2914 656,2914 746,2914 835,2914 925,2914 1015,2914 1104,2914 1194,2914 1283,2914 1373,2914 1462,2914 1552,2914 1642,2914 1731,2919 1821,2919 1910,2919 2000,2925 2018,2925"/>
                <TextEquiv>
                    <Unicode>liche; Karinski das Vorurtheil einer verhältnismässig</Unicode>
                </TextEquiv>
            </TextLine>
            <TextLine id="tr_1_tl_20" custom="readingOrder {index:19;}">
                <Coords points="359,3060 2063,3041 2063,2979 1988,2953 359,2960"/>
                <Baseline points="370,3033 459,3033 549,3033 638,3033 728,3033 818,3033 907,3033 997,3033 1086,3033 1176,3033 1265,3033 1355,3027 1445,3033 1534,3033 1624,3033 1713,3033 1803,3039 1892,3039 1982,3039 2066,3039"/>
                <TextEquiv>
                    <Unicode>kleinen Menschenklasse; dass der Vertreter rein mensch-</Unicode>
                </TextEquiv>
            </TextLine>
        </TextRegion>
        <TextRegion id="tr_2" custom="readingOrder {index:1;}">
            <Coords points="2806,857 4520,857 4520,3031 2806,3031"/>
            <TextLine id="tr_2_tl_1" custom="readingOrder {index:0;}">
                <Coords points="4191,917 4231,919 4257,943 4281,925 4318,956 4338,938 4388,965 4423,934 4443,947 4484,921 4484,855 4443,862 4399,836 4358,849 4314,831 4303,844 4261,855 4224,842 4191,849"/>
                <Baseline points="4203,907 4293,907 4382,907 4472,913 4490,913"/>
                <TextEquiv>
                    <Unicode>30.9.96.</Unicode>
                </TextEquiv>
            </TextLine>
            <TextLine id="tr_2_tl_2" custom="readingOrder {index:1;}">
                <Coords points="2793,1124 4158,1083 4283,1129 4515,1105 4517,1054 4204,1002 4060,1048 2796,1057"/>
                <Baseline points="2806,1086 2896,1092 2985,1086 3075,1092 3164,1086 3254,1086 3343,1092 3433,1092 3523,1086 3612,1086 3702,1080 3791,1080 3881,1080 3970,1080 4060,1080 4150,1080 4239,1080 4329,1080 4418,1080 4508,1080 4520,1086"/>
                <TextEquiv>
                    <Unicode>licher Anschauungen gegenüber dem Vertreter beschränk-</Unicode>
                </TextEquiv>
            </TextLine>
            <TextLine id="tr_2_tl_3" custom="readingOrder {index:2;}">
                <Coords points="2824,1245 4484,1225 4465,1148 2927,1181 2824,1140"/>
                <Baseline points="2836,1212 2878,1212 2967,1212 3057,1206 3146,1206 3236,1206 3326,1206 3415,1206 3505,1206 3594,1206 3684,1206 3773,1206 3863,1200 3953,1206 4042,1206 4132,1206 4221,1206 4311,1206 4400,1206 4490,1200"/>
                <TextEquiv>
                    <Unicode>ter oder herrschender Anschauungen unterliegt, ist ein</Unicode>
                </TextEquiv>
            </TextLine>
            <TextLine id="tr_2_tl_4" custom="readingOrder {index:3;}">
                <Coords points="2807,1374 4478,1339 4428,1269 2807,1275"/>
                <Baseline points="2818,1325 2872,1325 2961,1325 3051,1325 3140,1325 3230,1325 3320,1325 3409,1325 3499,1325 3588,1325 3678,1325 3767,1319 3857,1319 3947,1319 4036,1325 4126,1319 4215,1319 4305,1319 4394,1319 4484,1319"/>
                <TextEquiv>
                    <Unicode>nothwendiger und darum tragischer Abschluss.An dieser</Unicode>
                </TextEquiv>
            </TextLine>
            <TextLine id="tr_2_tl_5" custom="readingOrder {index:4;}">
                <Coords points="2818,1477 4338,1470 4406,1446 4406,1389 2818,1402"/>
                <Baseline points="2830,1445 2890,1451 2979,1445 3069,1445 3158,1445 3248,1445 3337,1445 3427,1451 3517,1445 3606,1445 3696,1445 3785,1445 3875,1445 3964,1445 4054,1445 4144,1445 4233,1445 4323,1445 4412,1439"/>
                <TextEquiv>
                    <Unicode>tragischen Nothwendigkeit wird nichts dadurch geän-</Unicode>
                </TextEquiv>
            </TextLine>
            <TextLine id="tr_2_tl_6" custom="readingOrder {index:5;}">
                <Coords points="2807,1584 4340,1597 4456,1586 4458,1516 2809,1509"/>
                <Baseline points="2818,1564 2908,1564 2997,1564 3087,1564 3176,1564 3266,1564 3355,1564 3445,1564 3535,1564 3624,1564 3714,1564 3803,1564 3893,1558 3982,1558 4072,1558 4162,1558 4251,1558 4341,1558 4430,1558 4460,1564"/>
                <TextEquiv>
                    <Unicode>dert, dass in einem speziellen Falle der Vertreter der</Unicode>
                </TextEquiv>
            </TextLine>
            <TextLine id="tr_2_tl_7" custom="readingOrder {index:6;}">
                <Coords points="2818,1726 4316,1713 4456,1691 4456,1649 3303,1617 2818,1667"/>
                <Baseline points="2830,1689 2848,1689 2937,1683 3027,1683 3117,1683 3206,1683 3296,1683 3385,1683 3475,1683 3564,1677 3654,1677 3744,1683 3833,1683 3923,1683 4012,1683 4102,1683 4191,1683 4281,1683 4371,1683 4460,1677"/>
                <TextEquiv>
                    <Unicode>„reinen Menschlichkeit" durch zufällige Geschicklich-</Unicode>
                </TextEquiv>
            </TextLine>
            <TextLine id="tr_2_tl_8" custom="readingOrder {index:7;}">
                <Coords points="2818,1848 4209,1840 4445,1809 4445,1743 2818,1763"/>
                <Baseline points="2830,1803 2919,1803 3009,1803 3099,1803 3188,1803 3278,1797 3367,1803 3457,1797 3546,1797 3636,1797 3726,1797 3815,1803 3905,1803 3994,1797 4084,1797 4173,1797 4263,1797 4353,1797 4442,1803 4448,1803"/>
                <TextEquiv>
                    <Unicode>keit oder Kraft Sieger bleiben mag; der typische Fall</Unicode>
                </TextEquiv>
            </TextLine>
            <TextLine id="tr_2_tl_9" custom="readingOrder {index:8;}">
                <Coords points="2811,1951 4430,1953 4467,1859 2811,1886"/>
                <Baseline points="2824,1922 2914,1922 3003,1922 3093,1922 3182,1922 3272,1922 3361,1922 3451,1922 3541,1922 3630,1916 3720,1922 3809,1922 3899,1916 3988,1922 4078,1922 4168,1922 4257,1916 4347,1922 4436,1922 4472,1922"/>
                <TextEquiv>
                    <Unicode>bleibt, dass soziales Uebereinkommen mächtiger ist als</Unicode>
                </TextEquiv>
            </TextLine>
            <TextLine id="tr_2_tl_10" custom="readingOrder {index:9;}">
                <Coords points="2807,2082 3951,2063 4086,2104 4460,2061 4460,1980 2807,1986"/>
                <Baseline points="2818,2036 2908,2036 2997,2036 3087,2036 3176,2036 3266,2036 3355,2036 3445,2036 3535,2036 3624,2036 3714,2036 3803,2036 3893,2036 3982,2036 4072,2036 4162,2036 4251,2036 4341,2036 4430,2036 4466,2036"/>
                <TextEquiv>
                    <Unicode>Verstand und Recht. Aber in unserm Fall kommt noch da-</Unicode>
                </TextEquiv>
            </TextLine>
            <TextLine id="tr_2_tl_11" custom="readingOrder {index:10;}">
                <Coords points="2818,2229 4449,2170 4511,2163 4511,2087 2818,2104"/>
                <Baseline points="2830,2155 2919,2155 3009,2155 3099,2155 3188,2155 3278,2155 3367,2155 3457,2155 3546,2155 3636,2155 3726,2155 3815,2155 3905,2155 3994,2149 4084,2155 4173,2155 4263,2155 4353,2155 4442,2149 4514,2155"/>
                <TextEquiv>
                    <Unicode>zu, dass auch äussere Motive den Untergang Pauls herbei-</Unicode>
                </TextEquiv>
            </TextLine>
            <TextLine id="tr_2_tl_12" custom="readingOrder {index:11;}">
                <Coords points="2811,2299 4333,2321 4498,2282 4498,2231 4281,2216 2811,2231"/>
                <Baseline points="2824,2275 2914,2275 3003,2281 3093,2275 3182,2275 3272,2275 3361,2275 3451,2275 3541,2275 3630,2275 3720,2275 3809,2275 3899,2275 3988,2275 4078,2275 4168,2275 4257,2275 4347,2275 4436,2275 4502,2275"/>
                <TextEquiv>
                    <Unicode>führen.Karinski ist derjenige von beiden, der glühender</Unicode>
                </TextEquiv>
            </TextLine>
            <TextLine id="tr_2_tl_13" custom="readingOrder {index:12;}">
                <Coords points="2831,2424 4498,2422 4498,2358 4320,2330 2831,2356"/>
                <Baseline points="2842,2394 2890,2394 2979,2394 3069,2394 3158,2394 3248,2394 3337,2394 3427,2394 3517,2394 3606,2400 3696,2394 3785,2394 3875,2394 3964,2394 4054,2394 4144,2394 4233,2394 4323,2394 4412,2394 4502,2388"/>
                <TextEquiv>
                    <Unicode>hasst und gewiss auch der gewandtere und rücksichtslo-</Unicode>
                </TextEquiv>
            </TextLine>
            <TextLine id="tr_2_tl_14" custom="readingOrder {index:13;}">
                <Coords points="2807,2570 3714,2535 4071,2579 4436,2553 4438,2463 2927,2505 2809,2461"/>
                <Baseline points="2818,2531 2908,2537 2997,2531 3087,2537 3176,2531 3266,2537 3355,2531 3445,2531 3535,2537 3624,2531 3714,2531 3803,2531 3893,2531 3982,2531 4072,2531 4162,2531 4251,2531 4341,2531 4430,2531 4442,2531"/>
                <TextEquiv>
                    <Unicode>sere.Er wird sich Paul nicht zuvorkommen lassen.Paul</Unicode>
                </TextEquiv>
            </TextLine>
            <TextLine id="tr_2_tl_15" custom="readingOrder {index:14;}">
                <Coords points="2811,2682 4392,2684 4460,2669 4462,2614 4056,2568 3559,2618 2813,2586"/>
                <Baseline points="2824,2651 2914,2657 3003,2657 3093,2657 3182,2651 3272,2651 3361,2657 3451,2651 3541,2651 3630,2651 3720,2651 3809,2651 3899,2645 3988,2645 4078,2651 4168,2651 4257,2651 4347,2651 4436,2651 4466,2657"/>
                <TextEquiv>
                    <Unicode>ist kein „Trottel“, wenn er nicht früher schiesst, son-</Unicode>
                </TextEquiv>
            </TextLine>
            <TextLine id="tr_2_tl_16" custom="readingOrder {index:15;}">
                <Coords points="2811,2776 4467,2813 4467,2726 4362,2697 2811,2741"/>
                <Baseline points="2824,2770 2914,2776 3003,2770 3093,2770 3182,2776 3272,2770 3361,2776 3451,2770 3541,2770 3630,2770 3720,2770 3809,2776 3899,2770 3988,2770 4078,2770 4168,2770 4257,2770 4347,2776 4436,2782 4472,2776"/>
                <TextEquiv>
                    <Unicode>dern er ist, was in seinem Wesen ganz begründet liegt,</Unicode>
                </TextEquiv>
            </TextLine>
            <TextLine id="tr_2_tl_17" custom="readingOrder {index:16;}">
                <Coords points="2811,2918 4288,2922 4443,2901 4443,2831 2811,2861"/>
                <Baseline points="2824,2896 2836,2890 2925,2896 3015,2890 3105,2890 3194,2890 3284,2890 3373,2890 3463,2890 3552,2890 3642,2890 3732,2890 3821,2890 3911,2890 4000,2890 4090,2890 4179,2890 4269,2884 4359,2884 4448,2884"/>
                <TextEquiv>
                    <Unicode>weniger entschlossen und weniger rasch.Ohne weiteres</Unicode>
                </TextEquiv>
            </TextLine>
            <TextLine id="tr_2_tl_18" custom="readingOrder {index:17;}">
                <Coords points="2793,3038 4478,3045 4478,2947 2894,2942 2793,2992"/>
                <Baseline points="2806,3021 2872,3015 2961,3015 3051,3009 3140,3015 3230,3009 3320,3009 3409,3015 3499,3009 3588,3009 3678,3009 3767,3009 3857,3009 3947,3009 4036,3009 4126,3009 4215,3009 4305,3009 4394,3009 4484,3009"/>
                <TextEquiv>
                    <Unicode>gestehe ich Ihnen zu, dass für den Moment dem Publikum</Unicode>
                </TextEquiv>
            </TextLine>
        </TextRegion>
    </Page>
</PcGts>
