5049 4152
833 418 1135 597 ###
1432 737 1753 894 4.8.1903.
356 872 1858 1047 (Ansichtskarte: Partie im Albthal Hohenfels) *)
387 1089 2016 1174 *) Wenn Sie sowohl diesen Burgtheaterverwandten wie
411 1202 2088 1310 andere wohlconservirte Schwarzwaldtheile sehen wollen,
394 1312 1397 1447 kommen Sie nur her, lieber Hr.S.
1506 1458 1670 1541 O.B.
398 1537 1915 1668 Bin schon so lange hier, dass ich Albdrücken gern
396 1677 627 1791 hätte.
1097 1775 1554 1902 Ludwig Brahm.
3148 402 3649 595 1 1/2.
3435 754 3618 870 136
3769 776 4493 925 Berlin, 12. August 1903.
2906 896 4432 1038 Herrn Dr.Arthur Schnitzler,Wien IX.Frankgasse 1.
3238 1025 4080 1159 Sehr geehrter Herr Doktor!
3231 1176 4521 1292 Beigehend übersendet Ihnen die Direktion
2903 1299 4630 1428 den Vertrag über den „Puppenspieler“ zur gefälligen Un-
2908 1432 4569 1561 terschrift. Nach Erhalt derselben folgt sofort Gegen-
2906 1559 4633 1648 vertrag. Da das Stück schon im September zur Aufführung
2890 1679 4534 1756 kommen soll, die Polizei aber schon 4-3 Wochen vorher
2888 1806 4620 1889 die Pflichtexemplare verlangt, so haben Sie wohl die Gü-
2886 1913 4626 2014 te, uns mitzuteilen, ob wir auf deren umgehende Zusendung
2873 2033 4617 2125 rechnen können, oder ob wir sie hier schleunigst mit der
2873 2145 4635 2247 Maschine herstellen lassen sollen? Eventuell auch sämmt-
2862 2250 3736 2361 liche benötigten Exemplare?
3209 2337 3734 2433 Hochachtungsvoll
3238 2451 4117 2560 Deutsches Theater zu Berlin
3758 2586 3931 2676 i.A.
3874 2693 4388 2812 Ad.Mewes,Secre.
