<?xml version="1.0" encoding="UTF-8" standalone="yes"?>
<PcGts xmlns="http://schema.primaresearch.org/PAGE/gts/pagecontent/2013-07-15" xmlns:xsi="http://www.w3.org/2001/XMLSchema-instance" xsi:schemaLocation="http://schema.primaresearch.org/PAGE/gts/pagecontent/2013-07-15 http://schema.primaresearch.org/PAGE/gts/pagecontent/2013-07-15/pagecontent.xsd">
    <Metadata>
        <Creator>prov=READ-COOP:name=TrHtr:version=2.1.0:model_id=51170:date=26_07_2023_02:01</Creator>
        <Created>2023-05-02T07:45:13.574+02:00</Created>
        <LastChange>2023-07-26T02:01:07.088+02:00</LastChange>
        <TranskribusMetadata docId="1416706" pageId="54951427" pageNr="267" tsid="130871186" status="IN_PROGRESS" userId="64420" imgUrl="https://files.transkribus.eu/Get?id=UDHURTVKPTQRBKWTOBTKAODQ&amp;fileType=view" xmlUrl="https://files.transkribus.eu/Get?id=EFOPDGLJPOLKDTJTGCNXNSQV" imageId="44455153"/>
    </Metadata>
    <Page imageFilename="1416706_0267.jpg" imageWidth="5318" imageHeight="4088">
        <ReadingOrder>
            <OrderedGroup id="ro_1711829422549" caption="Regions reading order">
                <RegionRefIndexed index="0" regionRef="tr_1"/>
                <RegionRefIndexed index="1" regionRef="tr_2"/>
            </OrderedGroup>
        </ReadingOrder>
        <TextRegion id="tr_1" custom="readingOrder {index:0;}">
            <Coords points="627,744 2438,744 2438,3034 627,3034"/>
            <TextLine id="tr_1_tl_1" custom="readingOrder {index:0;}">
                <Coords points="1281,844 1292,844 1314,826 1345,824 1407,864 1425,852 1436,859 1456,855 1461,726 1450,726 1419,704 1323,733 1308,724 1285,724"/>
                <Baseline points="1296,800 1374,800 1464,794"/>
                <TextEquiv>
                    <Unicode> sai</Unicode>
                </TextEquiv>
            </TextLine>
            <TextLine id="tr_1_tl_2" custom="readingOrder {index:1;}">
                <Coords points="2020,875 2049,884 2080,875 2107,890 2125,875 2158,879 2171,868 2207,886 2242,866 2331,861 2331,728 2291,710 2276,719 2253,710 2207,744 2156,724 2122,739 2020,748"/>
                <Baseline points="2032,854 2121,854 2211,854 2300,854 2336,854"/>
                <TextEquiv>
                    <Unicode>16.12.09.</Unicode>
                </TextEquiv>
            </TextLine>
            <TextLine id="tr_1_tl_3" custom="readingOrder {index:2;}">
                <Coords points="613,1041 2244,1001 2249,892 999,917 615,975"/>
                <Baseline points="627,1022 639,1022 729,1022 818,1016 908,1016 998,1010 1087,1010 1177,1010 1267,1004 1356,998 1446,998 1535,992 1625,986 1715,986 1804,980 1894,980 1984,980 2073,974 2163,974 2253,974"/>
                <TextEquiv>
                    <Unicode>Zum Medardus lassen Sie mich nur kurz dieses sagen.</Unicode>
                </TextEquiv>
            </TextLine>
            <TextLine id="tr_1_tl_4" custom="readingOrder {index:3;}">
                <Coords points="624,1168 1916,1101 2198,1137 2331,1117 2333,1021 628,1066"/>
                <Baseline points="639,1135 723,1141 812,1135 902,1135 992,1129 1081,1129 1171,1123 1261,1123 1350,1117 1440,1117 1530,1111 1619,1105 1709,1105 1798,1099 1888,1099 1978,1093 2067,1093 2157,1087 2247,1087 2336,1099"/>
                <TextEquiv>
                    <Unicode>Ich habe ihn von Neuem mit grösstem Interesse gelesen;</Unicode>
                </TextEquiv>
            </TextLine>
            <TextLine id="tr_1_tl_5" custom="readingOrder {index:4;}">
                <Coords points="626,1263 2335,1239 2340,1134 2058,1103 1871,1161 628,1194"/>
                <Baseline points="639,1261 729,1255 818,1255 908,1249 998,1249 1087,1249 1177,1243 1267,1243 1356,1237 1446,1237 1535,1231 1625,1225 1715,1225 1804,1219 1894,1213 1984,1213 2073,1213 2163,1207 2253,1201 2342,1213"/>
                <TextEquiv>
                    <Unicode>die Striche schaffen in mancher Hinsicht Erleichterung</Unicode>
                </TextEquiv>
            </TextLine>
            <TextLine id="tr_1_tl_6" custom="readingOrder {index:5;}">
                <Coords points="637,1432 877,1379 2289,1359 2393,1343 2395,1254 642,1328"/>
                <Baseline points="651,1374 693,1380 782,1374 872,1368 962,1368 1051,1362 1141,1362 1231,1362 1320,1356 1410,1350 1500,1350 1589,1344 1679,1344 1769,1344 1858,1338 1948,1332 2038,1332 2127,1326 2217,1326 2306,1320 2396,1320"/>
                <TextEquiv>
                    <Unicode>(manche aber sind so grausam, dass ich mich nicht hinein-</Unicode>
                </TextEquiv>
            </TextLine>
            <TextLine id="tr_1_tl_7" custom="readingOrder {index:6;}">
                <Coords points="644,1507 2264,1465 2267,1407 646,1425"/>
                <Baseline points="657,1500 747,1494 836,1488 926,1488 1016,1488 1105,1482 1195,1476 1284,1476 1374,1470 1464,1470 1553,1464 1643,1464 1733,1458 1822,1458 1912,1452 2002,1452 2091,1446 2181,1446 2271,1440"/>
                <TextEquiv>
                    <Unicode>finden kann; an eine Aufführung aber könnte ich mich</Unicode>
                </TextEquiv>
            </TextLine>
            <TextLine id="tr_1_tl_8" custom="readingOrder {index:7;}">
                <Coords points="637,1616 844,1652 1601,1583 1900,1623 2364,1587 2367,1512 1978,1463 935,1563 753,1525 639,1576"/>
                <Baseline points="651,1613 669,1607 759,1607 848,1601 938,1601 1027,1595 1117,1595 1207,1589 1296,1589 1386,1583 1476,1583 1565,1583 1655,1577 1745,1571 1834,1571 1924,1571 2014,1565 2103,1565 2193,1565 2283,1559 2372,1559"/>
                <TextEquiv>
                    <Unicode>nicht trauen. Dazu gehört eine Drehbühne, ein sehr gros-</Unicode>
                </TextEquiv>
            </TextLine>
            <TextLine id="tr_1_tl_9" custom="readingOrder {index:8;}">
                <Coords points="655,1752 2311,1701 2367,1623 657,1667"/>
                <Baseline points="669,1727 759,1721 848,1715 938,1715 1027,1715 1117,1709 1207,1709 1296,1709 1386,1703 1476,1703 1565,1697 1655,1697 1745,1691 1834,1691 1924,1685 2014,1685 2103,1679 2193,1679 2283,1673 2372,1673"/>
                <TextEquiv>
                    <Unicode>ses Personal,- und sehr viel Geld. Woher soll ein ehrli-</Unicode>
                </TextEquiv>
            </TextLine>
            <TextLine id="tr_1_tl_10" custom="readingOrder {index:9;}">
                <Coords points="644,1863 2291,1825 2391,1805 2393,1754 2065,1721 1920,1776 1647,1736 1507,1787 1385,1740 1270,1787 646,1785"/>
                <Baseline points="657,1840 693,1846 782,1840 872,1834 962,1834 1051,1834 1141,1828 1231,1828 1320,1822 1410,1822 1500,1822 1589,1816 1679,1810 1769,1810 1858,1810 1948,1804 2038,1804 2127,1798 2217,1798 2306,1792 2396,1792"/>
                <TextEquiv>
                    <Unicode>cher Mensch, bei unsern, Dank M.R. u.A., so desolaten Thea-</Unicode>
                </TextEquiv>
            </TextLine>
            <TextLine id="tr_1_tl_11" custom="readingOrder {index:10;}">
                <Coords points="648,1965 2169,1958 2349,1916 2351,1854 650,1894"/>
                <Baseline points="663,1960 741,1954 830,1954 920,1954 1010,1948 1099,1948 1189,1948 1278,1942 1368,1942 1458,1936 1547,1936 1637,1930 1727,1930 1816,1924 1906,1924 1996,1918 2085,1918 2175,1918 2265,1912 2354,1912"/>
                <TextEquiv>
                    <Unicode>terzuständen das nehmen? Auch mir widerstrebt die Aus-</Unicode>
                </TextEquiv>
            </TextLine>
            <TextLine id="tr_1_tl_12" custom="readingOrder {index:11;}">
                <Coords points="650,2080 2269,2069 2395,2056 2398,1978 2213,1936 653,2025"/>
                <Baseline points="663,2079 699,2079 788,2073 878,2073 968,2073 1057,2067 1147,2067 1237,2061 1326,2061 1416,2061 1506,2055 1595,2049 1685,2049 1775,2049 1864,2044 1954,2044 2044,2038 2133,2038 2223,2032 2312,2032 2402,2032"/>
                <TextEquiv>
                    <Unicode>sicht sehr, dass Sie nun „mit diesen Leuten weiterverhan-</Unicode>
                </TextEquiv>
            </TextLine>
            <TextLine id="tr_1_tl_13" custom="readingOrder {index:12;}">
                <Coords points="664,2213 2169,2182 2324,2160 2327,2071 666,2140"/>
                <Baseline points="675,2193 717,2193 806,2187 896,2187 986,2187 1075,2181 1165,2181 1255,2175 1344,2175 1434,2169 1524,2169 1613,2169 1703,2163 1792,2157 1882,2157 1972,2157 2061,2157 2151,2151 2241,2151 2330,2151"/>
                <TextEquiv>
                    <Unicode>deln" könnten; und nur der Zwang der Umstände ist es,</Unicode>
                </TextEquiv>
            </TextLine>
            <TextLine id="tr_1_tl_14" custom="readingOrder {index:13;}">
                <Coords points="650,2318 2404,2300 2433,2207 2320,2169 650,2251"/>
                <Baseline points="663,2312 735,2306 824,2306 914,2306 1004,2300 1093,2300 1183,2306 1273,2300 1362,2295 1452,2289 1541,2289 1631,2289 1721,2283 1810,2283 1900,2277 1990,2277 2079,2271 2169,2271 2259,2265 2348,2265 2438,2271"/>
                <TextEquiv>
                    <Unicode>der mich, sehr gegen mein Wünschen, zu dem negativen Resul-</Unicode>
                </TextEquiv>
            </TextLine>
            <TextLine id="tr_1_tl_15" custom="readingOrder {index:14;}">
                <Coords points="668,2449 2171,2418 2331,2395 2362,2335 1205,2380 673,2327"/>
                <Baseline points="681,2432 753,2432 842,2426 932,2420 1022,2420 1111,2420 1201,2414 1290,2408 1380,2408 1470,2408 1559,2402 1649,2402 1739,2396 1828,2396 1918,2390 2008,2390 2097,2384 2187,2384 2277,2378 2366,2384"/>
                <TextEquiv>
                    <Unicode>tat kommen lässt:-i trau mi nöt.- Schl. hat mir in der</Unicode>
                </TextEquiv>
            </TextLine>
            <TextLine id="tr_1_tl_16" custom="readingOrder {index:15;}">
                <Coords points="668,2551 1747,2557 2355,2513 2358,2458 670,2484"/>
                <Baseline points="681,2552 747,2546 836,2546 926,2540 1016,2540 1105,2540 1195,2534 1284,2528 1374,2528 1464,2528 1553,2522 1643,2516 1733,2516 1822,2516 1912,2510 2002,2510 2091,2504 2181,2504 2271,2504 2360,2510"/>
                <TextEquiv>
                    <Unicode>Tat damals bei Meissl u.Schadn den Eindruck bestätigt,</Unicode>
                </TextEquiv>
            </TextLine>
            <TextLine id="tr_1_tl_17" custom="readingOrder {index:16;}">
                <Coords points="666,2713 2391,2631 2378,2557 1430,2573 1325,2624 670,2586"/>
                <Baseline points="681,2671 693,2665 782,2671 872,2665 962,2659 1051,2659 1141,2659 1231,2653 1320,2647 1410,2647 1500,2647 1589,2641 1679,2641 1769,2641 1858,2635 1948,2635 2038,2629 2127,2629 2217,2623 2306,2623 2396,2623"/>
                <TextEquiv>
                    <Unicode>den ein Brief an Sie erweckte; wenn Censur und Drehbüh-</Unicode>
                </TextEquiv>
            </TextLine>
            <TextLine id="tr_1_tl_18" custom="readingOrder {index:17;}">
                <Coords points="664,2793 2204,2777 2373,2766 2375,2691 1674,2662 1467,2726 666,2751"/>
                <Baseline points="675,2791 765,2791 854,2785 944,2785 1033,2785 1123,2779 1213,2773 1302,2773 1392,2767 1482,2767 1571,2761 1661,2761 1751,2761 1840,2755 1930,2755 2020,2749 2109,2749 2199,2749 2289,2743 2378,2743"/>
                <TextEquiv>
                    <Unicode>ne stimmen, dann sei's so weit. Und auf meine Frage, was</Unicode>
                </TextEquiv>
            </TextLine>
            <TextLine id="tr_1_tl_19" custom="readingOrder {index:18;}">
                <Coords points="664,2964 935,2906 2420,2890 2422,2802 666,2857"/>
                <Baseline points="675,2910 723,2910 812,2910 902,2904 992,2898 1081,2898 1171,2898 1261,2892 1350,2892 1440,2886 1530,2886 1619,2880 1709,2880 1798,2874 1888,2874 1978,2874 2067,2868 2157,2868 2247,2868 2336,2862 2426,2874"/>
                <TextEquiv>
                    <Unicode>bei einem Wechsel der Direktion Ihnen die Annahme nütze,</Unicode>
                </TextEquiv>
            </TextLine>
            <TextLine id="tr_1_tl_20" custom="readingOrder {index:19;}">
                <Coords points="673,3061 1183,3010 1281,3050 1674,2999 2327,3019 2329,2935 675,2964"/>
                <Baseline points="687,3024 717,3018 806,3018 896,3018 986,3018 1075,3012 1165,3012 1255,3006 1344,3006 1434,3006 1524,3000 1613,2994 1703,2994 1792,2994 1882,2988 1972,2988 2061,2988 2151,2982 2241,2982 2330,2988"/>
                <TextEquiv>
                    <Unicode>erwiderte er: er werde Ihnen,-wenn Censur und Drehb.</Unicode>
                </TextEquiv>
            </TextLine>
        </TextRegion>
        <TextRegion id="tr_2" custom="readingOrder {index:1;}">
            <Coords points="3125,756 4876,756 4876,2550 3125,2550"/>
            <TextLine id="tr_2_tl_1" custom="readingOrder {index:0;}">
                <Coords points="3736,846 3752,839 3763,848 3781,837 3794,839 3801,830 3816,837 3825,828 3843,828 3861,839 3885,833 3876,722 3836,724 3810,735 3765,706 3725,695"/>
                <Baseline points="3747,806 3836,812 3890,818"/>
                <TextEquiv>
                    <Unicode>761</Unicode>
                </TextEquiv>
            </TextLine>
            <TextLine id="tr_2_tl_2" custom="readingOrder {index:1;}">
                <Coords points="4535,870 4564,877 4613,857 4664,866 4684,855 4715,868 4782,833 4855,833 4857,764 4828,755 4755,770 4711,757 4673,728 4651,735 4626,713 4604,715 4569,746 4538,741"/>
                <Baseline points="4548,830 4590,824 4679,824 4769,818 4858,824"/>
                <TextEquiv>
                    <Unicode>16.12.09.</Unicode>
                </TextEquiv>
            </TextLine>
            <TextLine id="tr_2_tl_3" custom="readingOrder {index:2;}">
                <Coords points="3112,1019 4729,983 4871,957 4873,899 3326,966 3117,897"/>
                <Baseline points="3125,1004 3173,1004 3263,1004 3352,998 3442,992 3532,992 3621,986 3711,986 3801,980 3890,974 3980,974 4070,968 4159,962 4249,962 4339,956 4428,950 4518,950 4607,944 4697,938 4787,938 4876,938"/>
                <TextEquiv>
                    <Unicode>stimmen - die Annahme ausser durch den Contract noch in</Unicode>
                </TextEquiv>
            </TextLine>
            <TextLine id="tr_2_tl_4" custom="readingOrder {index:3;}">
                <Coords points="3112,1163 4693,1061 4809,1094 4811,1017 4709,975 3237,1090 3117,1057"/>
                <Baseline points="3125,1129 3203,1123 3293,1123 3382,1117 3472,1111 3562,1111 3651,1105 3741,1099 3831,1099 3920,1093 4010,1093 4099,1087 4189,1081 4279,1075 4368,1075 4458,1075 4548,1069 4637,1063 4727,1057 4817,1051"/>
                <TextEquiv>
                    <Unicode>Briefform mit einer Termin-Angabe anzeigen, und an die</Unicode>
                </TextEquiv>
            </TextLine>
            <TextLine id="tr_2_tl_5" custom="readingOrder {index:4;}">
                <Coords points="3112,1270 4857,1205 4860,1137 4553,1079 3707,1183 3115,1170"/>
                <Baseline points="3125,1249 3161,1243 3251,1237 3340,1237 3430,1231 3520,1231 3609,1225 3699,1219 3789,1219 3878,1213 3968,1213 4058,1207 4147,1207 4237,1201 4327,1195 4416,1189 4506,1189 4596,1183 4685,1177 4775,1177 4864,1177"/>
                <TextEquiv>
                    <Unicode>müsse auch der event uelle Nachfolger sich gebunden hal-</Unicode>
                </TextEquiv>
            </TextLine>
            <TextLine id="tr_2_tl_6" custom="readingOrder {index:5;}">
                <Coords points="3124,1374 3783,1392 4611,1328 4746,1312 4751,1205 3443,1312 3128,1292"/>
                <Baseline points="3137,1362 3227,1362 3317,1356 3406,1350 3496,1350 3585,1344 3675,1344 3765,1338 3854,1338 3944,1332 4034,1326 4123,1320 4213,1320 4303,1314 4392,1308 4482,1308 4572,1302 4661,1296 4751,1296"/>
                <TextEquiv>
                    <Unicode>ten - meinte er. Das war's, was ich sein ernsthaftes</Unicode>
                </TextEquiv>
            </TextLine>
            <TextLine id="tr_2_tl_7" custom="readingOrder {index:6;}">
                <Coords points="3130,1494 3421,1499 3465,1472 3603,1492 3641,1472 3705,1505 3778,1456 3878,1474 3881,1379 3738,1410 3674,1383 3643,1407 3514,1396 3408,1430 3275,1434 3246,1410 3195,1439 3132,1432"/>
                <Baseline points="3143,1482 3167,1476 3257,1476 3346,1470 3436,1464 3526,1464 3615,1464 3705,1458 3795,1452 3884,1452"/>
                <TextEquiv>
                    <Unicode>Medardus-Denken nannte,</Unicode>
                </TextEquiv>
            </TextLine>
            <TextLine id="tr_2_tl_8" custom="readingOrder {index:7;}">
                <Coords points="3470,1605 4711,1565 4764,1541 4766,1463 4693,1436 4431,1479 4211,1441 3938,1514 3474,1536"/>
                <Baseline points="3484,1583 3514,1583 3603,1577 3693,1571 3783,1571 3872,1565 3962,1565 4052,1559 4141,1559 4231,1553 4321,1547 4410,1547 4500,1547 4590,1541 4679,1535 4769,1535"/>
                <TextEquiv>
                    <Unicode>Herzliche Grüsse für Sie alle. Was macht</Unicode>
                </TextEquiv>
            </TextLine>
            <TextLine id="tr_2_tl_9" custom="readingOrder {index:8;}">
                <Coords points="3144,1734 3243,1745 3286,1718 3341,1732 3361,1714 3397,1743 3474,1716 3536,1745 3590,1743 3594,1638 3430,1641 3388,1661 3294,1632 3252,1663 3146,1658"/>
                <Baseline points="3155,1715 3239,1709 3328,1709 3418,1703 3508,1697 3597,1697"/>
                <TextEquiv>
                    <Unicode>Pötzleinsdorf?</Unicode>
                </TextEquiv>
            </TextLine>
            <TextLine id="tr_2_tl_10" custom="readingOrder {index:9;}">
                <Coords points="3818,1829 3834,1827 3849,1836 3872,1838 3896,1816 3934,1816 3943,1825 3983,1816 3983,1738 3963,1740 3947,1727 3918,1738 3872,1743 3854,1740 3838,1727 3818,1725"/>
                <Baseline points="3831,1810 3920,1804 3986,1810"/>
                <TextEquiv>
                    <Unicode>O.B.</Unicode>
                </TextEquiv>
            </TextLine>
            <TextLine id="tr_2_tl_11" custom="readingOrder {index:10;}">
                <Coords points="3152,1965 4782,1907 4848,1898 4853,1805 4522,1776 4291,1849 3448,1896 3157,1860"/>
                <Baseline points="3167,1948 3239,1942 3328,1942 3418,1936 3508,1930 3597,1930 3687,1930 3777,1924 3866,1918 3956,1918 4046,1912 4135,1906 4225,1906 4315,1900 4404,1894 4494,1894 4584,1888 4673,1888 4763,1882 4853,1894"/>
                <TextEquiv>
                    <Unicode>Ich bitte Sie Beide die Geschichte von Fr.F. und d'A.,</Unicode>
                </TextEquiv>
            </TextLine>
            <TextLine id="tr_2_tl_12" custom="readingOrder {index:11;}">
                <Coords points="3148,2102 4524,2045 4800,2014 4804,1925 3150,2020"/>
                <Baseline points="3161,2067 3191,2067 3281,2061 3370,2061 3460,2055 3550,2049 3639,2049 3729,2044 3819,2038 3908,2038 3998,2032 4088,2026 4177,2026 4267,2020 4356,2020 4446,2014 4536,2014 4625,2008 4715,2002 4805,2002"/>
                <TextEquiv>
                    <Unicode>die ich neulich erwähnte,zu vergessen, es haben sich</Unicode>
                </TextEquiv>
            </TextLine>
            <TextLine id="tr_2_tl_13" custom="readingOrder {index:12;}">
                <Coords points="3148,2209 4718,2164 4826,2138 4831,2014 4340,2085 4063,2054 3823,2120 3152,2109"/>
                <Baseline points="3161,2193 3215,2187 3305,2181 3394,2175 3484,2169 3574,2169 3663,2169 3753,2163 3842,2163 3932,2157 4022,2151 4111,2145 4201,2145 4291,2145 4380,2139 4470,2133 4560,2133 4649,2127 4739,2121 4829,2127"/>
                <TextEquiv>
                    <Unicode>grosse Varianten, Kämpfe, Erörterungen ergeben, und man</Unicode>
                </TextEquiv>
            </TextLine>
            <TextLine id="tr_2_tl_14" custom="readingOrder {index:13;}">
                <Coords points="3166,2335 4815,2256 4871,2242 4875,2131 3168,2249"/>
                <Baseline points="3179,2306 3263,2300 3352,2300 3442,2295 3532,2289 3621,2289 3711,2283 3801,2277 3890,2277 3980,2271 4070,2265 4159,2265 4249,2259 4339,2259 4428,2253 4518,2253 4607,2247 4697,2241 4787,2241 4876,2241"/>
                <TextEquiv>
                    <Unicode>weiss nicht, wo der Klatsch aufhört und die Realität der</Unicode>
                </TextEquiv>
            </TextLine>
            <TextLine id="tr_2_tl_15" custom="readingOrder {index:14;}">
                <Coords points="3166,2435 3297,2442 3310,2455 3377,2420 3403,2433 3563,2420 3583,2433 3632,2411 3634,2358 3570,2342 3530,2358 3483,2340 3430,2367 3381,2355 3343,2378 3168,2375"/>
                <Baseline points="3179,2426 3191,2420 3281,2420 3370,2414 3460,2408 3550,2408 3639,2408"/>
                <TextEquiv>
                    <Unicode>Dinge anfängt.</Unicode>
                </TextEquiv>
            </TextLine>
            <TextLine id="tr_2_tl_16" custom="readingOrder {index:15;}">
                <Coords points="3159,2562 3894,2533 4016,2504 4018,2455 3960,2453 3916,2409 3761,2482 3641,2444 3445,2484 3346,2451 3164,2466"/>
                <Baseline points="3173,2540 3215,2540 3305,2534 3394,2528 3484,2522 3574,2522 3663,2522 3753,2516 3842,2510 3932,2504 4022,2504"/>
                <TextEquiv>
                    <Unicode>Die correcturbogen folgen.</Unicode>
                </TextEquiv>
            </TextLine>
        </TextRegion>
    </Page>
</PcGts>
