5037 4040
4413 746 4662 842 1.9.05
1887 742 2176 858 1.9.05.
2820 833 4609 1018 die Komödie dem R. geben, die Situation für mich um nichts
2827 976 4586 1138 gebessert: er hätte ein fertiges Stück, mit dem er gleich
381 969 2123 1136 beide Stücke 5000 M. garantiere - vielleicht sagt Ihnen
2820 1103 4448 1276 heraus könnte - ich Aussichten auf ein 2/3 fertiges!
392 1134 1107 1274 diese Form besser zu.-
3047 1207 4566 1361 Ueber die Besetzung bin ich im Wesentlichen Ihrer
394 1252 2092 1383 Dass ich die Sorma für die Cäcilie ausgezeichnet finde,
2838 1336 4520 1459 Meinung, so weit ich ohne Kenntnis des Ganzen überhaupt
396 1372 2076 1499 daraus habe ich Ihnen nie ein Hehl gemacht; aber eben-
2829 1466 4442 1584 eine eigene Meinung haben kann. Bassermann - Oberst,
412 1506 2052 1613 so bestimmt glaube ich, dass Triesch xxx Bassermann -
2831 1559 4502 1711 Triesch - Marie, Vater Reicher, Arzt Sauer, Adjunkt Marr
405 1619 2092 1733 die zwei Leute spielen ja das Stück - eine weit höhere
2847 1700 4549 1827 schiene mir sehr gut zu passen. Für Katharina hoff ich
405 1724 2112 1851 Ziffer bedeuten, als Sorma plus - sagen wir Winterstein
2845 1800 4464 1929 ein junges Frl. Orloff Ihnen präsentieren zu können,
417 1847 2040 1967 der erscheint mir nämlich noch als der relativ Beste
2842 1931 4508 2047 die in ca.14 Tagen als Hannele debütirt. Irene müsste
419 1971 2076 2085 (Kayssler zu schwer,Schroth zu trocken, beide monoton,
2849 2016 4540 2161 man noch etwas zuwarten, gehts mit den vorhandenen Kräf-
423 2072 2152 2212 wo gerade eine glitzernde Nuancirtheit a la B. Lebensbe-
2856 2167 4566 2301 ten nicht, so ist's nicht so schwer, für diese Gestalt je-
419 2210 2147 2323 dingung). - Also auch rein künstlerisch betrachtet haben
2845 2292 4506 2417 manden zu finden. Max schiene mir Stieler durch Figur
419 2330 1651 2448 Sie bei mir mindestens gleiche Chancen.
2862 2424 4446 2524 und Jugendempfehlenswerter. Doch dafür „werden wir
419 2424 2087 2544 Die neue Scene bin ich begierig, kennen zu lernen, was
2845 2513 4595 2640 keinen Richter brauchen", wenn erst die Grundfrage präd-
430 2539 2092 2666 Sie mir davon schreiben, gefällt mir sehr gut, und gibt
1722 2615 1971 2691 Ausgang
437 2673 2098 2798 mir die gewisse Hoffnung, dass Sie auch den xxxx fin-
2845 2662 3192 2807 siert ist.
3069 2726 4526 2873 Ich resumiere also nochmals, was das Praktische
437 2775 2069 2911 den werden zu Ihrer Zufriedenheit. Immerhin - da das
2847 2896 4569 2996 anbelangt, meinen Vorschlag dahin: Sie erklären sich be-
423 2916 2112 3036 Stück noch nicht abgeschlossen ist und Sie es auch ge-
2849 2976 4573 3139 reit, mir beide Stücke zu überlassen, ich bringe das eine
430 2983 2118 3159 wiss nicht forcieren können und sollen, wäre,falls Sie
