2490 4103
1969 369 2220 464 ###
1215 330 1326 476 11.
1654 789 1914 873 16.8.98.
355 854 1979 923 ernstlichen Krankheit befà len wurde, werden Sie wohl
350 932 1973 1054 schon aus den Zeitungen wissen. Obwohl sie den Nach-
338 1035 2027 1196 richten ihres Gatten zufolge schon der Gere sung entge-
340 1186 1985 1289 gengeht, werden wir doch wohl schwerlich vor Ende Sep-
344 1308 1287 1417 tember auf sie rechnen können.
644 1417 1893 1524 Besten Dank für Ihre guten Wünsche; ich
340 1557 1950 1656 sitze hier in Bruthitze und beneide Sie, wo Sie auch
332 1664 753 1763 radeln mögen.
640 1782 1948 1878 Schlenth. sagte mir, dass er noch ohne Cen-
330 1904 1862 2004 surbescheid sei, daher nicht disponieren könne. Er
325 2021 955 2120 kommt nächstens her.
756 2128 1146 2248 Viele Grüsse
1150 2181 1337 2292 Ihres
1370 2220 1513 2357 O.B.
