5104 4088
1028 701 1210 824 236
1054 758 1963 903 Homburg v.d.Höhe, 19.6.1908.
476 920 2178 1102 L.F. ich gehe jetzt nach Bad Nauheim, wo ich Ihre Nach-
489 1026 2167 1216 richt im Hotel Hohenzollern (vorurtheilslos,was?) mit
502 1201 1604 1348 unbeschreiblicher Spannung erwarte.
1709 1383 1987 1512 Striese.
3445 362 3686 495 1: 1:9:
3640 695 3795 820 237
3841 771 4562 898 Bad Nauheim, 28.6.1908.
3094 892 4746 1039 Lieber mit Ihnen in einem Hundehäuschen, als mit Pol-
3090 1026 4764 1146 gar in einem palazzo - das ist doch klar wie der heu-
3101 1157 4698 1264 tige Sonnentag. Demnach bitte ich Sie (an den Wirth
3090 1260 4733 1387 schreib ich nicht noch. Er wird sonst übermütig) für
3101 1376 4661 1501 mich in Ihrer Villa oder sonstwo im Bannkreis des
3090 1499 4788 1624 Seiserhofs zwei gute Zimmer zu bestellen, wenn mögl ich
3090 1606 4847 1718 nicht beide in einer Front liegend, so dass man die Chan-
3101 1731 4733 1821 cen von heiss und kalt wechselnd geniessen kann, aber
3094 1849 4727 1935 nebeneinander; das eine soll als sog. Salon mir die-
3090 1968 4650 2049 nen. Preis à discretion; mir zwa wern kan Richter
3094 2053 4775 2163 brauchen. Termin: von Samstag den 11. Juli ab; das ist
3118 2180 4656 2285 er späteste Tag, an dem ich eintreffen möchte; es
3090 2279 4683 2399 kann auch etwas früher werden, und dann brauche ich
3094 2430 4764 2500 wohl auch nicht auf der Strasse oder bei diesem Herrn
3090 2535 4753 2636 von Salagg zu schlafen? - Der Arzt hier hat an meiner
3090 2654 4766 2752 geehrten Aorta etwas auszusetzen, möchte mich noch bis
3101 2761 4755 2866 7. hier behalten; dann komme ich über München, Rheini-
3077 2881 4740 3011 scher Hof, zu Ihnen. Die wunderbaren Wälder sind hof-
