2527 4024
930 696 1081 842 184
1378 739 1975 851 Berlin, 25.10.1905
829 936 1278 1039 Lieber Freund,
370 1028 2102 1175 für die beiden Einschiebsel danke ich bestens, wenn mich
376 1166 2048 1269 auch mehr der gute Wille an ihnen effreut, (tamen est
378 1275 2131 1407 landanda volentes) als dass ich den, für mich, springenden
376 1402 2006 1522 Punkt getroffen fände. Mir will es scheinen, als käme
389 1512 1984 1617 os darauf an,Publikum durch das Sprachrohr Albertus
385 1619 2002 1741 etwa Folgendes noch mitzuteilen? nur in Amadeus regt
383 1746 2037 1851 sich primär die Abenteuerlust, bei Cäcilie ist es mehr
383 1868 2067 1997 verletzte Empfindung, Stolz, Sprädigkeit, die sie zum Für-
385 1980 2120 2113 sten zieht, und noch ist der Augenblick da, sie zu halten;
387 2113 1929 2201 wird der aber versäumt, so geht die Welt unter, die
378 2216 2008 2323 Amadeus-und Cäcilien-Welt.- Nun wer den Sie mir wahr-
387 2314 2126 2443 scheinlich sagen, dass das alles schon da steht, ich finde
376 2448 2137 2553 es aber nicht deutlich genug, und bitte mephistophelisch:
385 2568 2015 2673 du musst es dreimal sagen! Auf dæs Einschiebsel über
387 2680 2107 2809 Sigismund werde ich gern verzichten, wenn Sie mir dieses
389 2798 2004 2933 Gewünschte stiften - etwa zu den Worten: „So steht es
383 2914 2089 3067 noch lange nicht. Und xxx wird hoffentlich zu verhüten
