5049 4152
719 453 967 593 1 1 1
1712 804 2018 935 4.7.03
429 913 2018 1078 herausziehen lassen! - Ueber das Wann des „Puppen-
436 1050 2105 1216 spielers“ reden wir wohl erst,wenn wir Wissen,was Sie
429 1181 900 1264 sonst bringen.
429 1303 2177 1425 Ihre Karte aus Lugano erhielt ich. Wie ist's Ihnen denn
436 1425 2013 1547 dort ergangen? Ich bin bis 19.hier tätig, dann gehe
423 1538 2046 1665 ich wohl für einige Tage nach Marienbad, später nach
416 1667 2087 1734 St.Blasien zu meinem Bruder, dem es constant gut geht.
416 1778 1998 1887 „Bald ein Mohreus   „ sagen Sie? Gut, ich nehme Sie
423 1880 747 2020 beim Wort,
876 1998 1270 2122 Herzlich Ihr
1331 2039 1503 2155 O.B.
405 2133 2094 2266 Die Loewesche Uraufführung des „Pupp." wäre mir nicht
412 2277 1867 2370 angenehm und hat ja auch für Sie keinen Zweck?
4168 436 4554 584 , " " "
3704 810 4379 941 St.Blasien, 26.7.1903.
3418 950 4151 1094 Lieber Herr Schnitzler,
2957 1078 4602 1196 wenn die Zeitungen recht gemeldet haben, so haben Sie
2946 1183 4676 1320 kürzlich einen Schritt gethan, bei dem meine herzlichen,
2963 1318 4584 1434 freundschaftlichen Wünsche Sie begleiten. Ich hoffe,
2946 1427 4593 1564 dass er Sie zu „Dingen" sowohl wie „Menschen” führen
2952 1543 4606 1721 wird, an denen Sie nur Freudiges und Glückliches erle-
2946 1708 3325 1782 ben werden!
2946 1765 4593 1896 Sind Sie in Ihrer Arbeit in dem halben Monat, seitdem
2946 1889 4541 2007 Sie mir schrieben, recht fortgeschritten? Dann will
2959 2009 4591 2131 ich mich über das Zurückstellen des Lustspiels trös-
2963 2144 4639 2268 ten und auch die Goldmänner von der Freien Presse und
2946 2242 4643 2397 der Theatercasse zu trösten suchen. Wegen des „Puppen-
2959 2368 4527 2527 spielers" hab en Sie mich missverstanden, ich meinte
2946 2484 4643 2610 nicht, dass wir ihn erst geben sollten,wenn Sie mit et-
2952 2619 4536 2739 was Grösserem hervorgetreten sind, sondern dass wir
2946 2732 4534 2843 nichts bestimmen sollten über seine Aufführung,ehe
2946 2839 4567 2989 klar würde, was Sie so-rst in diesem Winter bringen,
2946 2972 4612 3107 d.h. ehe man übersehen kann,ob man den „P." nicht zur
