5046 4071
875 740 1031 836 239.
1734 812 2024 997 23.8.08.
435 941 2097 1115 war's hier, aber bald sind sie zu, die Sunde alle, und
448 1076 2054 1241 ich muss mich an der Spree accla - acclimatisieren:
448 1179 2060 1355 am 30. hat Berlin mich wieder.- Alles Gute für Ihre
446 1291 1981 1468 weiteren Reisetage und herzliche Grüsse an alles
435 1413 1498 1589 Schnitzlerische und Heuflerische!
1546 1586 1912 1702 hab ich viel
1147 1687 1314 1822 O.B.
1533 1694 1919 1820 der Thaddau
1314 1794 1949 1953 daher unglaubwürdig
1604 1936 1899 2062 und Euer
1205 1936 1501 2058 Janserl, ne
1743 2043 1936 2174 ir ou d
890 2060 1291 2204 Kapaspearisie
1700 2152 2013 2292 erstückelt
767 2210 1125 2322 Dankenheit des
1796 2294 1959 2386 Ia s
864 2317 1095 2433 dans les
3346 710 3511 855 240
3627 740 4283 892 Helgeland, 25.8.1908.
2853 873 4414 1055 Unsere Liebeserklärungen haben sich gekreuzt, mein
2860 999 4493 1143 Freund. Sie unterschätzten meine Helgoländer Popula-
2860 1128 4478 1263 rität; jedes Briefträgerkind kennt mich hier, und so
2858 1246 4438 1396 erhielt ich Ihre Karte prompt. Den langsamen Fort-
2875 1353 4463 1518 schritt Ihres Stückes bedauere ich sehr; es ist ja
2868 1468 4483 1608 eine mit euch allen, ich habe auch nicht ein
2870 1599 4493 1739 Stück in Händen bis jetzt; allerdings hab ich viele
2870 1709 4515 1839 aus der Hand gelegt, Dazu gehören auch der Thaddäus
2890 1814 4605 1962 Rittner, den ich überspitzt und daher unglaubwürdig fn-
2883 1947 4455 2075 de - stüsses Mädel, ja, aber Ganserl,nein - und Euer
2894 2043 4540 2202 Buchner, dessen Shakespearisierende Gebärde mir nicht
2900 2187 4558 2326 über die Trockenheit des Ganzen (oder des Zerstückel-
2894 2307 4560 2435 ten) forthilft. Nun will ich noch den Hans Sachs stu-
2900 2420 4598 2555 dieren, um meine dauernde Unfähigkeit zum Director des
2911 2525 4558 2663 historischen Theaters festzustellen. Die Chanoen für
2905 2671 4521 2789 den Gatten der abgrundtiefen Frau sind also,von der
2905 2776 4588 2909 negativen Seite her betrachtet, glänzend; aber die po-
2924 2847 4648 3038 sitive! Immerhin, ich bitte um das Objekt, baldmöglichst;
