2504 4103
1207 421 1318 527 14.
1158 814 1284 905 23
1738 886 2036 986 30.11.97.
472 950 2110 1069 richtet; mein Frühstücksfreund Speidel soll ja allen
474 1080 2182 1188 voranschreiten - könnten Sie mir vielleicht dies Feuil-
465 1198 1764 1309 leton, das ich nicht sah, noch verschaffen?
788 1311 2089 1422 Wie gehts dem Hoffmannsthal, bitte grüssen
474 1430 2112 1538 Sie ihn schön. Ich lebe in einem ewigen Trubel, komme
482 1517 2134 1645 eben aus Hamburg zurück, wo ich aber nicht dem Pollini
480 1668 2176 1760 Krokodilstränen weinte: er war ein Schuft, nehmt alles
482 1815 914 1900 nur in allem,
795 1893 2182 1985 Das politische Trauerspiel bei Ihnen hat uns
489 1949 2191 2097 in starker Spannung gehalten; doch ich will nicht leit-
493 2068 2153 2218 artikein, nur Sie noch schnell grüssen; das aber herz
493 2274 674 2386 lich!
1071 2291 1198 2435 Ihr
1275 2372 1413 2501 O.B.
