5022 4120
1676 826 1972 913 13.9.01.
411 963 2054 1074 Kann ich bald weitere Exemplare haben? Ich werde in-
411 1067 2106 1176 zwischen die Rollen ausschreiben lassen. Einen Termin
424 1185 2167 1287 bezeichne ich Ihnen heute nicht, da ich noch eine 3/4 Ver-
411 1304 2087 1411 pflichtung älteren Datums habe, es wäre mir aber lieb,
424 1417 2085 1519 das Material ehestens bei der Hand zu haben, um gege-
417 1550 2019 1641 benen Falles gleich vorgehen zu können. Jedenfalls
424 1672 1554 1767 sollen Sie nicht allzu lange warten!
950 1782 1517 1896 Herzlich grüssend
1565 2006 1732 2113 O.B.
3839 385 4180 556 "    "  "
3730 813 4319 952 Berlin, 16.9.1901.
3204 943 3965 1069 Lieber Herr Schnitzler,
2895 1048 4476 1183 ich bin nicht ungeduldig! Vielmehr ich freue mich
2926 1165 4558 1293 Ihrer Arbeitslust, und drücke der verheissungsvollen
2906 1328 3565 1424 Nummer 5 den Daimen!
3408 1396 3974 1532 Herzliche Grüsse
3917 1530 4117 1626 Ihres
4084 1654 4241 1759 O.B.
