4905 4056
1497 796 1803 957 (1.X.05.)
332 914 1975 1020 gegangen sei-; ferner dass heute ein Brief Steinrücks
345 1063 1920 1154 an meine Schwägerin eintraf, der die Worte enthielt
343 1174 1892 1328 „Heute Abend reist Kahane nach Wien, um mit Arthur
345 1285 1217 1439 persönlich zu spredhen*).-
356 1413 1920 1554 (Ich lasse mir eben den Brief geben, um wörtlich zu
345 1519 1933 1673 citieren: „Morgen Mittwoch, kurz nach Ankunft dieses
345 1656 1994 1745 Briefes, wird Kahane bei Euch sein."-) Meinen letzten
345 1777 2016 1851 Brief muss ich noch dahin ergänzen, dass ich natürlich
358 1897 1988 2035 auf jenes letzte Telegramm des Neuen Theaters keine
358 2007 1994 2098 Silbe mehr erwidert habe, so dass es ziemlich seltsam
362 2118 2033 2211 ist, wenn sie dort wie sen, dass die zwei Briefe die „un-
358 2235 2022 2320 terwegs" waren, nicht an mich gelangt sind. Und jeden-
362 2365 1946 2493 falls ist mit der Bemerkung von dem einen verloren
345 2474 1994 2606 gegangen Brief erwiesen, dass die zwei andern nie ge-
358 2589 1992 2721 schrieben worden sind (wie natürlich auch der dritte
360 2702 1981 2828 nicht. - Die Komödie hab ich übrigens hauptsächlich
369 2849 2001 2969 darum beinah gleichzeitig mit der Burgtheaterannahme
375 2925 1395 3029 *) dies alles bitte vertraulich.
3954 827 4277 970 (1.X.05.)
2797 970 4399 1122 zurückgezogen, weil ich fest überzeugt war, dass ich,
2804 1105 4438 1233 nach Bekanntwerden der Burgtheaterannahme in Berlin,
2812 1224 4425 1348 plötzlich ein Annahmetelegramm vom Neuen Theater be-
2819 1363 3268 1484 kommen hätte-
2821 1439 4433 1573 Neulich Arrangierprobe des „Zwischenspiels“ in der
2812 1573 4431 1721 Josefstadt. Schlenther führt selbst Regie. Wir kamen
2834 1671 4416 1814 einander entgegen, als wenn nichts geschehn".- Neue
2821 1821 4416 1918 Becorationen,neue Möbel; vorgestern Besprechung mit
2825 1933 4373 2068 Soltz,Lehner, Urban, Leffler, Jaray... diesertwegen...
2834 2048 4320 2161 Sie lächeln?- Ich war auch ziemlich nahe daran.-
2812 2150 4414 2276 Premiere für 12. Oktober angesetzt; ich halte es für
4190 2239 4349 2305 sein
2834 2281 4477 2413 wahrscheinlich, dass es ein paar Tage später xxx wird.
2825 2387 4455 2511 Am 14.Oktober „Kakadu“ im Volkstheater.- War vorges-
2828 2489 4509 2597 tern nach langer Zeit in der Burg bei Gefährtin u.Lie-
2832 2637 4574 2760 belei (so gut wie ausverkauft.) Die Medelsky unvergleich-
2834 2767 4464 2858 lich;beinah ebenso gut Korff.- (Dachte in der Gefähr-
2828 2886 4540 3012 tin, und beim „Herrn“ in der Liebelei lebhaft an Basser-
2825 2990 3086 3136 mann.) -
