<?xml version="1.0" encoding="UTF-8" standalone="yes"?>
<PcGts xmlns="http://schema.primaresearch.org/PAGE/gts/pagecontent/2013-07-15" xmlns:xsi="http://www.w3.org/2001/XMLSchema-instance" xsi:schemaLocation="http://schema.primaresearch.org/PAGE/gts/pagecontent/2013-07-15 http://schema.primaresearch.org/PAGE/gts/pagecontent/2013-07-15/pagecontent.xsd">
    <Metadata>
        <Creator>prov=READ-COOP:name=TrHtr:version=2.1.0:model_id=51170:date=26_07_2023_02:00</Creator>
        <Created>2023-05-02T07:45:05.227+02:00</Created>
        <LastChange>2023-07-26T02:00:01.956+02:00</LastChange>
        <TranskribusMetadata docId="1416706" pageId="54951189" pageNr="218" tsid="130870968" status="IN_PROGRESS" userId="64420" imgUrl="https://files.transkribus.eu/Get?id=AFDHSPUNPWQCAMSOLIAVVWIS&amp;fileType=view" xmlUrl="https://files.transkribus.eu/Get?id=IQLYFZXVXUQVVJDVOUORCGMU" imageId="44454915"/>
    </Metadata>
    <Page imageFilename="1416706_0218.jpg" imageWidth="5038" imageHeight="4058">
        <ReadingOrder>
            <OrderedGroup id="ro_1711829384883" caption="Regions reading order">
                <RegionRefIndexed index="0" regionRef="tr_1"/>
                <RegionRefIndexed index="1" regionRef="tr_2"/>
            </OrderedGroup>
        </ReadingOrder>
        <TextRegion id="tr_1" custom="readingOrder {index:0;}">
            <Coords points="572,809 2345,809 2345,3083 572,3083"/>
            <TextLine id="tr_1_tl_1" custom="readingOrder {index:0;}">
                <Coords points="1033,863 1059,859 1088,870 1099,881 1125,885 1198,879 1194,791 1174,786 1167,791 1163,786 1152,793 1128,786 1112,771 1103,777 1095,771 1070,775 1062,766 1031,775"/>
                <Baseline points="1044,859 1133,859 1199,865"/>
                <TextEquiv>
                    <Unicode>201</Unicode>
                </TextEquiv>
            </TextLine>
            <TextLine id="tr_1_tl_2" custom="readingOrder {index:1;}">
                <Coords points="1306,927 1344,934 1377,914 1449,947 1502,945 1551,914 1634,916 1705,943 1773,918 1877,932 1877,857 1828,839 1797,852 1751,819 1705,824 1632,784 1557,793 1476,859 1361,866 1306,846"/>
                <Baseline points="1318,907 1408,901 1497,907 1587,901 1676,901 1766,901 1855,901 1879,907"/>
                <TextEquiv>
                    <Unicode>Berlin, 22.4.1906.</Unicode>
                </TextEquiv>
            </TextLine>
            <TextLine id="tr_1_tl_3" custom="readingOrder {index:2;}">
                <Coords points="1068,1103 1145,1110 1167,1097 1222,1119 1253,1108 1282,1119 1363,1090 1379,1103 1432,1095 1462,1114 1518,1110 1518,960 1478,974 1399,960 1297,1002 1216,967 1161,982 1068,967"/>
                <Baseline points="1080,1086 1169,1080 1259,1080 1348,1080 1438,1080 1521,1086"/>
                <TextEquiv>
                    <Unicode>Lieber Freund,</Unicode>
                </TextEquiv>
            </TextLine>
            <TextLine id="tr_1_tl_4" custom="readingOrder {index:3;}">
                <Coords points="573,1229 2227,1220 2269,1214 2269,1110 1020,1081 573,1123"/>
                <Baseline points="584,1199 674,1199 763,1199 853,1199 942,1199 1032,1199 1121,1199 1211,1199 1300,1199 1390,1199 1479,1193 1569,1193 1659,1193 1748,1193 1838,1193 1927,1193 2017,1193 2106,1187 2196,1193 2273,1199"/>
                <TextEquiv>
                    <Unicode>der Julian des Herrn R. ist freilich übel ausgefallen,</Unicode>
                </TextEquiv>
            </TextLine>
            <TextLine id="tr_1_tl_5" custom="readingOrder {index:4;}">
                <Coords points="573,1319 2200,1344 2291,1337 2291,1266 1817,1205 573,1286"/>
                <Baseline points="584,1318 596,1318 686,1318 775,1318 865,1318 954,1318 1044,1324 1133,1318 1223,1318 1312,1318 1402,1318 1491,1312 1581,1312 1670,1312 1760,1312 1849,1312 1939,1306 2029,1306 2118,1306 2208,1312 2297,1312"/>
                <TextEquiv>
                    <Unicode>und ich wollte, man könnte den andern R. dafür zurückge-</Unicode>
                </TextEquiv>
            </TextLine>
            <TextLine id="tr_1_tl_6" custom="readingOrder {index:5;}">
                <Coords points="577,1465 2293,1460 2295,1357 579,1352"/>
                <Baseline points="590,1438 680,1438 769,1438 859,1438 948,1438 1038,1438 1127,1432 1217,1432 1306,1432 1396,1432 1485,1432 1575,1432 1664,1432 1754,1426 1844,1426 1933,1426 2023,1432 2112,1426 2202,1426 2291,1438 2297,1438"/>
                <TextEquiv>
                    <Unicode>winnen: leider sehe ich dazu fast gar keine Möglichkeit,</Unicode>
                </TextEquiv>
            </TextLine>
            <TextLine id="tr_1_tl_7" custom="readingOrder {index:6;}">
                <Coords points="573,1568 2189,1559 2214,1465 1465,1447 1330,1522 575,1511"/>
                <Baseline points="584,1551 608,1557 698,1557 787,1557 877,1557 966,1557 1056,1551 1145,1557 1235,1551 1324,1551 1414,1551 1503,1551 1593,1545 1682,1551 1772,1545 1861,1545 1951,1545 2040,1545 2130,1545 2219,1545"/>
                <TextEquiv>
                    <Unicode>da ich mit diesem, aus den bekannten Gründen, auf sehr</Unicode>
                </TextEquiv>
            </TextLine>
            <TextLine id="tr_1_tl_8" custom="readingOrder {index:7;}">
                <Coords points="577,1685 2117,1707 2304,1674 2306,1597 1791,1557 1493,1579 1425,1639 577,1632"/>
                <Baseline points="590,1676 608,1670 698,1670 787,1670 877,1670 966,1670 1056,1670 1145,1670 1235,1670 1324,1670 1414,1670 1503,1670 1593,1664 1682,1664 1772,1664 1861,1664 1951,1664 2040,1664 2130,1664 2219,1664 2309,1670"/>
                <TextEquiv>
                    <Unicode>unfreundlichem Fusse bin, und ihm ausserdem früher schon</Unicode>
                </TextEquiv>
            </TextLine>
            <TextLine id="tr_1_tl_9" custom="readingOrder {index:8;}">
                <Coords points="559,1799 2139,1810 2178,1707 1484,1678 1148,1694 1009,1762 559,1744"/>
                <Baseline points="572,1790 662,1796 751,1796 841,1796 930,1790 1020,1790 1109,1790 1199,1790 1289,1784 1378,1790 1468,1784 1557,1784 1647,1784 1736,1784 1826,1784 1915,1784 2005,1778 2094,1778 2184,1784"/>
                <TextEquiv>
                    <Unicode>zugesagt habe, er solle von der ihm unbequemen Rolle</Unicode>
                </TextEquiv>
            </TextLine>
            <TextLine id="tr_1_tl_10" custom="readingOrder {index:9;}">
                <Coords points="557,1923 2174,1923 2209,1806 1663,1802 1570,1870 559,1872"/>
                <Baseline points="572,1909 602,1909 692,1909 781,1909 871,1909 960,1909 1050,1909 1139,1909 1229,1903 1318,1903 1408,1903 1497,1903 1587,1903 1676,1903 1766,1903 1855,1903 1945,1903 2034,1903 2124,1897 2213,1903"/>
                <TextEquiv>
                    <Unicode>befreit bleiben. Eine andere Besetzung sehe ich auch</Unicode>
                </TextEquiv>
            </TextLine>
            <TextLine id="tr_1_tl_11" custom="readingOrder {index:10;}">
                <Coords points="566,2033 2196,2013 2196,1954 1993,1971 1921,1927 566,1938"/>
                <Baseline points="578,2029 590,2029 680,2023 769,2023 859,2023 948,2023 1038,2023 1127,2023 1217,2023 1306,2017 1396,2017 1485,2011 1575,2011 1664,2011 1754,2011 1844,2011 1933,2011 2023,2005 2112,2005 2202,2005"/>
                <TextEquiv>
                    <Unicode>nich t; denn Hr.Patry, der sich für die Rolle interes-</Unicode>
                </TextEquiv>
            </TextLine>
            <TextLine id="tr_1_tl_12" custom="readingOrder {index:11;}">
                <Coords points="573,2150 2249,2152 2251,2059 1258,2031 573,2092"/>
                <Baseline points="584,2142 644,2142 734,2142 823,2142 913,2142 1002,2142 1092,2142 1181,2136 1271,2136 1360,2136 1450,2130 1539,2130 1629,2130 1718,2130 1808,2130 1897,2130 1987,2124 2076,2124 2166,2124 2255,2124"/>
                <TextEquiv>
                    <Unicode>siert, wird Ihnen so wenig wie mir als ein Vorzuziehen-</Unicode>
                </TextEquiv>
            </TextLine>
            <TextLine id="tr_1_tl_13" custom="readingOrder {index:12;}">
                <Coords points="573,2275 2070,2282 2202,2253 2205,2158 1418,2191 1141,2145 573,2231"/>
                <Baseline points="584,2255 596,2261 686,2261 775,2261 865,2261 954,2261 1044,2255 1133,2255 1223,2249 1312,2255 1402,2249 1491,2249 1581,2249 1670,2249 1760,2249 1849,2243 1939,2243 2029,2243 2118,2243 2208,2243"/>
                <TextEquiv>
                    <Unicode>der erscheinen - ganz abgesehen davon, dass wir keine</Unicode>
                </TextEquiv>
            </TextLine>
            <TextLine id="tr_1_tl_14" custom="readingOrder {index:13;}">
                <Coords points="559,2385 934,2427 1015,2376 2315,2394 2315,2308 2114,2260 879,2308 562,2266"/>
                <Baseline points="572,2375 620,2375 710,2381 799,2375 889,2381 978,2375 1068,2375 1157,2375 1247,2369 1336,2369 1426,2369 1515,2369 1605,2369 1694,2363 1784,2363 1873,2369 1963,2363 2052,2363 2142,2363 2231,2357 2321,2369"/>
                <TextEquiv>
                    <Unicode>Zeit hätten zu ordentlichen Proben. Wir beginnen nämlich,</Unicode>
                </TextEquiv>
            </TextLine>
            <TextLine id="tr_1_tl_15" custom="readingOrder {index:14;}">
                <Coords points="575,2502 2293,2487 2293,2412 2216,2390 577,2412"/>
                <Baseline points="590,2488 596,2482 686,2488 775,2482 865,2482 954,2482 1044,2482 1133,2482 1223,2476 1312,2476 1402,2476 1491,2476 1581,2470 1670,2470 1760,2470 1849,2470 1939,2464 2029,2470 2118,2464 2208,2464 2297,2458"/>
                <TextEquiv>
                    <Unicode>auf Grund soeben getroffener Abrede, am 4.Mai und haben</Unicode>
                </TextEquiv>
            </TextLine>
            <TextLine id="tr_1_tl_16" custom="readingOrder {index:15;}">
                <Coords points="573,2619 2339,2606 2339,2500 2288,2495 1672,2539 573,2500"/>
                <Baseline points="584,2601 644,2607 734,2601 823,2601 913,2601 1002,2601 1092,2595 1181,2595 1271,2595 1360,2595 1450,2595 1539,2589 1629,2589 1718,2589 1808,2589 1897,2583 1987,2583 2076,2583 2166,2583 2255,2583 2345,2583"/>
                <TextEquiv>
                    <Unicode>nun alle Hände voll zu thun, um einen höchst complicirten</Unicode>
                </TextEquiv>
            </TextLine>
            <TextLine id="tr_1_tl_17" custom="readingOrder {index:16;}">
                <Coords points="573,2740 2236,2729 2271,2612 575,2630"/>
                <Baseline points="584,2721 662,2721 751,2721 841,2715 930,2715 1020,2715 1109,2715 1199,2715 1289,2709 1378,2709 1468,2709 1557,2709 1647,2703 1736,2703 1826,2703 1915,2703 2005,2703 2094,2703 2184,2703 2273,2691"/>
                <TextEquiv>
                    <Unicode>Probenplan durchzuführen. So scheint mir das Raisonna-</Unicode>
                </TextEquiv>
            </TextLine>
            <TextLine id="tr_1_tl_18" custom="readingOrder {index:17;}">
                <Coords points="577,2843 2251,2848 2275,2729 2070,2771 1711,2718 1465,2771 579,2760"/>
                <Baseline points="590,2834 668,2834 757,2840 847,2834 936,2834 1026,2834 1115,2834 1205,2828 1294,2828 1384,2828 1474,2822 1563,2822 1653,2828 1742,2822 1832,2822 1921,2822 2011,2822 2100,2816 2190,2816 2279,2816"/>
                <TextEquiv>
                    <Unicode>belste, den Indian des R., der übrigens auch bessere und</Unicode>
                </TextEquiv>
            </TextLine>
            <TextLine id="tr_1_tl_19" custom="readingOrder {index:18;}">
                <Coords points="577,2976 2255,2965 2255,2883 2178,2857 577,2876"/>
                <Baseline points="590,2959 650,2953 739,2953 829,2953 919,2953 1008,2953 1098,2953 1187,2953 1277,2948 1366,2948 1456,2948 1545,2942 1635,2948 1724,2948 1814,2942 1903,2942 1993,2942 2082,2942 2172,2936 2261,2942"/>
                <TextEquiv>
                    <Unicode>feinere Momente hat, und den nur ein in Extravaganzen</Unicode>
                </TextEquiv>
            </TextLine>
            <TextLine id="tr_1_tl_20" custom="readingOrder {index:19;}">
                <Coords points="570,3103 1042,3136 1308,3068 1753,3110 2084,3061 2282,3110 2332,3090 2332,2962 573,3035"/>
                <Baseline points="584,3073 638,3073 728,3073 817,3073 907,3067 996,3067 1086,3067 1175,3067 1265,3061 1354,3061 1444,3061 1533,3061 1623,3061 1712,3055 1802,3055 1891,3055 1981,3055 2070,3055 2160,3055 2249,3055 2339,3061"/>
                <TextEquiv>
                    <Unicode>und Salten-Mortale geübter Competenter unerträglich und</Unicode>
                </TextEquiv>
            </TextLine>
        </TextRegion>
        <TextRegion id="tr_2" custom="readingOrder {index:1;}">
            <Coords points="3091,863 4851,863 4851,2934 3091,2934"/>
            <TextLine id="tr_2_tl_1" custom="readingOrder {index:0;}">
                <Coords points="4475,962 4548,958 4577,974 4616,967 4647,980 4700,956 4722,971 4753,962 4775,980 4804,978 4804,819 4740,795 4694,811 4649,802 4608,819 4572,817 4524,855 4475,863"/>
                <Baseline points="4487,913 4577,913 4666,913 4756,913 4809,919"/>
                <TextEquiv>
                    <Unicode>22.4.1906</Unicode>
                </TextEquiv>
            </TextLine>
            <TextLine id="tr_2_tl_2" custom="readingOrder {index:1;}">
                <Coords points="3079,1086 4660,1101 4810,1051 4810,971 3079,989"/>
                <Baseline points="3091,1032 3115,1032 3204,1032 3294,1032 3383,1032 3473,1032 3562,1032 3652,1032 3741,1032 3831,1032 3920,1032 4010,1032 4099,1032 4189,1032 4278,1026 4368,1032 4457,1032 4547,1032 4636,1032 4726,1026 4815,1026"/>
                <TextEquiv>
                    <Unicode>höchst gefahrvoll finden wird - es scheint mir, dass wir</Unicode>
                </TextEquiv>
            </TextLine>
            <TextLine id="tr_2_tl_3" custom="readingOrder {index:2;}">
                <Coords points="3097,1198 4676,1150 4828,1187 4830,1110 3099,1106"/>
                <Baseline points="3109,1151 3198,1151 3288,1151 3377,1151 3467,1151 3556,1151 3646,1151 3735,1151 3825,1151 3914,1151 4004,1145 4093,1151 4183,1145 4272,1151 4362,1151 4451,1151 4541,1145 4630,1145 4720,1145 4809,1151 4833,1151"/>
                <TextEquiv>
                    <Unicode>versuchen müssen, den R. besser zu machen. Ich werde also</Unicode>
                </TextEquiv>
            </TextLine>
            <TextLine id="tr_2_tl_4" custom="readingOrder {index:3;}">
                <Coords points="3079,1308 3346,1348 3876,1297 4114,1328 4205,1273 4286,1324 4691,1288 4691,1233 4570,1207 3079,1229"/>
                <Baseline points="3091,1265 3180,1271 3270,1265 3359,1271 3449,1271 3538,1271 3628,1265 3717,1271 3807,1271 3896,1265 3986,1265 4075,1265 4165,1265 4254,1265 4344,1265 4433,1265 4523,1265 4612,1265 4696,1265"/>
                <TextEquiv>
                    <Unicode>zunächst mit ihm eine gründliche Rücksprache nehmen</Unicode>
                </TextEquiv>
            </TextLine>
            <TextLine id="tr_2_tl_5" custom="readingOrder {index:4;}">
                <Coords points="3090,1432 4817,1414 4817,1344 4564,1315 4449,1357 4227,1280 3956,1350 3090,1337"/>
                <Baseline points="3103,1390 3192,1384 3282,1390 3371,1384 3461,1390 3550,1384 3640,1390 3729,1390 3819,1390 3908,1390 3998,1390 4087,1390 4177,1390 4266,1384 4356,1384 4445,1384 4535,1384 4624,1384 4714,1384 4803,1390 4821,1390"/>
                <TextEquiv>
                    <Unicode>(und ihn vermutlich jetzt zugänglich er finden, als auf den</Unicode>
                </TextEquiv>
            </TextLine>
            <TextLine id="tr_2_tl_6" custom="readingOrder {index:5;}">
                <Coords points="3086,1546 4804,1529 4804,1469 4724,1451 3086,1427"/>
                <Baseline points="3097,1503 3186,1503 3276,1503 3365,1503 3455,1503 3544,1503 3634,1503 3723,1503 3813,1503 3902,1503 3992,1503 4081,1503 4171,1503 4260,1503 4350,1503 4439,1503 4529,1503 4618,1503 4708,1503 4797,1503 4809,1503"/>
                <TextEquiv>
                    <Unicode>Proben) ihn dann nochmals ansehen und eventuell in Wien</Unicode>
                </TextEquiv>
            </TextLine>
            <TextLine id="tr_2_tl_7" custom="readingOrder {index:6;}">
                <Coords points="3079,1647 3213,1685 3407,1641 4762,1641 4762,1584 4627,1544 4482,1586 4372,1546 4202,1584 3976,1537 3079,1548"/>
                <Baseline points="3091,1623 3156,1623 3246,1623 3335,1623 3425,1623 3514,1623 3604,1623 3693,1623 3783,1623 3873,1623 3962,1623 4052,1623 4141,1623 4231,1623 4320,1617 4410,1617 4499,1617 4589,1623 4678,1623 4768,1617"/>
                <TextEquiv>
                    <Unicode>neue Proben für ihn ansetzen, denen sie beiwohnen könn-</Unicode>
                </TextEquiv>
            </TextLine>
            <TextLine id="tr_2_tl_8" custom="readingOrder {index:7;}">
                <Coords points="3090,1766 4790,1758 4790,1698 4557,1672 3224,1720 3090,1678"/>
                <Baseline points="3103,1736 3186,1736 3276,1736 3365,1736 3455,1736 3544,1736 3634,1742 3723,1736 3813,1736 3902,1736 3992,1736 4081,1736 4171,1736 4260,1736 4350,1736 4439,1736 4529,1736 4618,1736 4708,1742 4797,1730"/>
                <TextEquiv>
                    <Unicode>ten. Ein Commern Julian wird er freilich kaum werden -</Unicode>
                </TextEquiv>
            </TextLine>
            <TextLine id="tr_2_tl_9" custom="readingOrder {index:8;}">
                <Coords points="3097,1894 4572,1888 4685,1868 4685,1784 3097,1802"/>
                <Baseline points="3109,1861 3168,1855 3258,1861 3347,1855 3437,1855 3526,1855 3616,1855 3705,1855 3795,1855 3884,1855 3974,1855 4063,1855 4153,1855 4242,1855 4332,1855 4422,1855 4511,1855 4601,1855 4690,1855"/>
                <TextEquiv>
                    <Unicode>aber gibt es den? Sonnenthal vor 20 Jahren; wenn er</Unicode>
                </TextEquiv>
            </TextLine>
            <TextLine id="tr_2_tl_10" custom="readingOrder {index:9;}">
                <Coords points="3079,2020 3868,1987 4275,2024 4390,1984 4449,2022 4464,1921 3079,1936"/>
                <Baseline points="3091,1975 3127,1975 3216,1975 3306,1975 3395,1975 3485,1975 3574,1975 3664,1975 3753,1975 3843,1975 3932,1975 4022,1975 4111,1975 4201,1975 4290,1975 4380,1969 4469,1969"/>
                <TextEquiv>
                    <Unicode>nämlich die Rolle nicht zurückgewiesen hätte!</Unicode>
                </TextEquiv>
            </TextLine>
            <TextLine id="tr_2_tl_11" custom="readingOrder {index:10;}">
                <Coords points="3295,2112 4729,2125 4846,2110 4846,2006 4509,2053 3295,2048"/>
                <Baseline points="3306,2094 3395,2094 3485,2094 3574,2094 3664,2094 3753,2094 3843,2094 3932,2094 4022,2094 4111,2094 4201,2100 4290,2094 4380,2094 4469,2094 4559,2094 4648,2088 4738,2094 4827,2088 4851,2094"/>
                <TextEquiv>
                    <Unicode>Der Suppenspieler wird schon geprobt,und wird also</Unicode>
                </TextEquiv>
            </TextLine>
            <TextLine id="tr_2_tl_12" custom="readingOrder {index:11;}">
                <Coords points="3086,2247 4768,2249 4742,2143 4586,2183 3601,2147 3550,2187 3086,2125"/>
                <Baseline points="3097,2213 3186,2213 3276,2213 3365,2213 3455,2208 3544,2213 3634,2208 3723,2208 3813,2208 3902,2213 3992,2208 4081,2213 4171,2213 4260,2213 4350,2208 4439,2213 4529,2213 4618,2213 4708,2208 4774,2213"/>
                <TextEquiv>
                    <Unicode>am 4.Mai unser erstes Wort sein: ich erwarte Sie Beide</Unicode>
                </TextEquiv>
            </TextLine>
            <TextLine id="tr_2_tl_13" custom="readingOrder {index:12;}">
                <Coords points="3079,2354 3319,2392 4006,2337 4130,2388 4416,2328 4720,2376 4720,2286 4597,2271 3079,2275"/>
                <Baseline points="3091,2327 3180,2327 3270,2327 3359,2327 3449,2333 3538,2333 3628,2327 3717,2327 3807,2327 3896,2327 3986,2327 4075,2327 4165,2327 4254,2327 4344,2327 4433,2327 4523,2333 4612,2327 4702,2327 4726,2333"/>
                <TextEquiv>
                    <Unicode>in meiner Loge. - Frau Lehmann bleibt noch hier, kann</Unicode>
                </TextEquiv>
            </TextLine>
            <TextLine id="tr_2_tl_14" custom="readingOrder {index:13;}">
                <Coords points="3079,2449 4072,2509 4806,2462 4806,2401 4711,2376 3079,2392"/>
                <Baseline points="3091,2446 3180,2446 3270,2446 3359,2446 3449,2446 3538,2446 3628,2446 3717,2446 3807,2446 3896,2446 3986,2446 4075,2446 4165,2446 4254,2446 4344,2446 4433,2452 4523,2446 4612,2446 4702,2446 4792,2446 4809,2452"/>
                <TextEquiv>
                    <Unicode>deshalb nicht für Anna beigestellt werden,gegen die sie</Unicode>
                </TextEquiv>
            </TextLine>
            <TextLine id="tr_2_tl_15" custom="readingOrder {index:14;}">
                <Coords points="3086,2577 4718,2592 4812,2573 4812,2517 3086,2520"/>
                <Baseline points="3097,2566 3115,2560 3204,2560 3294,2566 3383,2560 3473,2560 3562,2560 3652,2560 3741,2560 3831,2560 3920,2560 4010,2566 4099,2560 4189,2566 4278,2566 4368,2566 4457,2566 4547,2560 4636,2560 4726,2566 4815,2560"/>
                <TextEquiv>
                    <Unicode>sich auch sicher sträuben würde, wie schon bei der 1.Auf-</Unicode>
                </TextEquiv>
            </TextLine>
            <TextLine id="tr_2_tl_16" custom="readingOrder {index:15;}">
                <Coords points="3086,2736 4103,2691 4407,2749 4583,2691 4720,2749 4720,2630 4506,2603 4312,2643 3086,2621"/>
                <Baseline points="3097,2685 3186,2685 3276,2679 3365,2679 3455,2679 3544,2679 3634,2679 3723,2679 3813,2679 3902,2679 3992,2679 4081,2685 4171,2679 4260,2679 4350,2679 4439,2679 4529,2679 4618,2679 4708,2685 4726,2685"/>
                <TextEquiv>
                    <Unicode>führung. Ich habe nach nochmaliger Erwägung Fr.Pauli</Unicode>
                </TextEquiv>
            </TextLine>
            <TextLine id="tr_2_tl_17" custom="readingOrder {index:16;}">
                <Coords points="3079,2852 3354,2872 3539,2806 3791,2850 4394,2819 4511,2868 4846,2828 4846,2742 4777,2733 3079,2733"/>
                <Baseline points="3091,2804 3180,2798 3270,2798 3359,2798 3449,2798 3538,2798 3628,2798 3717,2798 3807,2798 3896,2798 3986,2798 4075,2798 4165,2798 4254,2804 4344,2798 4433,2798 4523,2798 4612,2798 4702,2798 4792,2798 4851,2804"/>
                <TextEquiv>
                    <Unicode>gewählt, da mir die U.doch zu dürftig erschien, auch zu</Unicode>
                </TextEquiv>
            </TextLine>
            <TextLine id="tr_2_tl_18" custom="readingOrder {index:17;}">
                <Coords points="3086,2962 4449,2925 4616,2965 4797,2925 4797,2846 3086,2879"/>
                <Baseline points="3097,2924 3103,2918 3192,2918 3282,2918 3371,2918 3461,2924 3550,2918 3640,2918 3729,2918 3819,2918 3908,2918 3998,2918 4087,2918 4177,2924 4266,2918 4356,2918 4445,2918 4535,2918 4624,2918 4714,2918 4803,2912"/>
                <TextEquiv>
                    <Unicode>mädchenhaft, während die P. einen angenehmen Hausfrauen-</Unicode>
                </TextEquiv>
            </TextLine>
        </TextRegion>
    </Page>
</PcGts>
