4905 4056
1455 852 1753 1013 (1.X.05.)
392 914 2042 1102 doch eigentlich einen Einakter vorstellt, ein in sich
382 1074 2012 1242 geschlossenes Drama, das auch durch ein andres zu er-
392 1186 1977 1320 setzen wäre. Und vielleicht väre e/s nothwendig ge-
392 1305 2107 1481 wesen, auch einen 3.Akt zu suchen, der Marie in eine ganz
397 1425 2036 1604 neue Welt versetzt, so verschieden von der des ersten,
416 1557 1982 1719 wie dieß des zweiten war. Der Einaktercycloplus sitzt
397 1656 2042 1807 tief in meinem Wesen, (was ich gar nicht so scherzhaft
382 1781 2057 1921 meine). Sehen Sie sich nur einmal meine Stücke darauf-
382 1908 2023 2076 hin an; viele meiner Akte sind so vorzüglich in sich
367 2016 2012 2184 geschlossene Stücke, wie es keinem meiner mehraktigen
375 2154 2057 2327 Stücke im ganzen zu sein gelingt. Statt festaneinander
373 2253 2016 2430 gefügte Ringe einer Kette stellen meine einzelnen Ak-
388 2387 1986 2549 te mehr oder minder echte an einer Schnur aufgreihte
358 2503 1986 2691 Steine vor- nicht durch verhakende Notwendigkeit an-
373 2605 2048 2797 einander geschlossen, sondern am gleichen Bande nachbar
356 2730 2036 2898 lich aneinandergereiht.- Um wieder zum 3.Akt zurückzu-
360 2855 1947 3038 kehren, möchte ich nur noch vom rein theatralischen
362 2969 2040 3144 Standpunkte bemerken, dass ich eine wirkung auch diese
3952 787 4284 906 (1.X.05.)
2756 914 4446 1046 Aktes für sehr wahrscheinlich halte,- vielleicht gera-
2764 1052 4345 1205 de durch die Verschiedenheit der Stimmung auch der
2773 1156 4463 1300 lm dwchaftlichen, gegenüber den dumpfen, wenn auch aufge-
2779 1279 4043 1430 regten zuständen der erst en bei de Akte.-
2779 1395 4351 1557 Und nun zum Herrn Rirektor. Ich erlaube mir hiemit
2788 1505 4379 1682 Ihnen den Ruf des Lebens einzureichen. Es wäre mir,
2784 1641 4457 1798 für den Fall der Annahme, sehr erwünscht, da Sie ja nun
2790 1760 4496 1889 doch beide Stücke hätten, wenn sie auf Ihren ursprüngli-
2801 1874 4369 2029 chen vorschlag der 5000 Mark Garantie zurückkämen.
2814 1979 4491 2130 Höchst erwünscht sage ich, ohne zu fordern mich berech-
2790 2117 4457 2266 tigt zu fühlen. Denn so gut Sie wissen, dass der Nach-
2810 2245 4487 2374 bar nach diesen Stück mit mehreren Händen griffe, eben-
2807 2327 4427 2480 so wenig zweifeln Sie daran, dass ich, nach dem vorge-
2801 2462 4468 2605 fallenen, ihm auch gegen eine Garantie von zwanzigtau-
2814 2583 4487 2732 send Mark, das Stück nicht geben würde. (Hier muss ich
2816 2687 4548 2812 der Vollständigkeit wegen einschalten, dass Kahane Herrn
2831 2820 4541 2993 Steinrück gegenüber seine Verzweiflung ausgedrückt hat,
2825 2961 4541 3068 weil ein recommendirter Brief von ihm an mich verloren
