5037 4040
878 896 1207 999 Telegramm.
1235 1012 1805 1130 Berlin, 10.9.1905.
344 1255 1428 1360 Einverstanden. - Herzliche Grüsse.
1421 1378 1649 1452 Brahm.
4277 333 4433 493 K. W.
3793 896 4356 981 Berlin, 17.9.1905.
3478 1080 3951 1165 Lieber Freund,
2935 1167 4691 1268 bei einem Mittagessen wurde mir heute erzählt: Reinhardt
2935 1310 4641 1430 „rühme sich, das neue Stück von Schnitzler abgelehnt zu
2928 1428 4619 1520 haben“, mit dem Hinzuftigen: „nun kann Brahm es bringen,
2928 1531 4656 1625 der nimmt das, was wir nicht mögen.“ Diese zweite Albern-
2928 1671 4680 1750 heit lege ich zu den Akten, glaubte Ihnen aber die erste,
2935 1778 4590 1925 die jedenfalls ihren Weg durch Berlin W. machen wird,
2939 1903 4016 1986 doch nicht vorenthalten zu sollen.
3578 2010 4148 2155 Herzlich grüs sond
4078 2131 4238 2280 O.B.
