4957 4024
374 826 605 925 Brahm.
372 942 1917 1071 gepn es aus Gründen, die ich lieber nicht wei¬
372 1040 1807 1171 ter untersuchen möchte. Ii Ton Ihres Tele-
372 1150 1884 1264 gramms,Ihres letzten Briefes liegt auch wie-
370 1241 1732 1373 der etwas von dem seltsamen B wusstsein,
378 1308 1830 1468 als wäre Ihrem Theater mehr verpflichtet als
395 1472 1876 1568 Ihr Theater mir. Lassen sie mich doch heu-
366 1549 1774 1682 te endlich feststellen), dass Sie nie nie
366 1657 1851 1755 ein Stück länger gegeben haben, als es drin-
360 1770 1845 1855 gend notwendig war; dass Sie die werke an-
360 1870 1759 1963 derer Autoren dutzende Male mit viel ge-
366 1969 1618 2059 ringeren Einnahmen gegebøm als meine
366 2063 1815 2171 schlechteste war. Es war und ist Ihr gutes
358 2173 1793 2279 Recht, wie es überhaupt Ihr recht ist, sich
345 2290 1857 2392 in Ihrem Tun und Lassen ausschliesslich von
353 2385 1863 2487 den Interessen Ihres Theaters leiten zu las-
353 2493 1720 2599 sen. Aber verlangen Sie dann nicht, nix
341 2585 1845 2683 dass einer, der Ihnen nicht mehr ist als ein
347 2697 1820 2801 Autor, der Ihnen gelegentlich ein paar Häu-
353 2793 1865 2884 ser füllt, dass so einer mehr Rücksichten auf
339 2872 1780 2997 Ihr Theater nimmt als auf sich selbst und
2835 892 3061 977 Brahm.
2801 940 4269 1088 orlauben g& ihm, dass er den rrtum, in den
2783 1075 4230 1204 er bisher manchmal verfiel, von Herzen be-
2782 1188 3051 1289 dauert.
3099 1277 3581 1398 Ihr ergebener
3637 1400 3812 1510 A.S.
