2499 4104
1118 408 1208 593 17
1356 883 1925 1007 Berlin, 5.10.1896
988 874 1097 996 18
726 1081 1328 1234 Lieber Herr Doctor,
447 1219 2056 1341 heute haben wir mit dem Arrangement des I.Aktes von
462 1325 2119 1452 „Freiwild" begonnen; die Aenderungen und Striche sind
451 1430 2056 1591 gemacht, die Decoration ist in Arbeit, die Censur hat
453 1567 1522 1709 noch nichts von sich hören lassen.
761 1659 2071 1805 Dass Sie Ihren Schluss behalten wollen,be-
453 1783 2025 1940 greife ich freilich und muss mich fügen, ohne Ihren
458 1908 2038 2049 Gründen allen zu folgen; ich hätte auch aus mir he-
460 2021 2062 2167 raus die unlitterarische Naivität nicht aufgebracht
469 2119 2130 2280 (oder sage ich:Brutalität?) Ihnen die Aenderungen vor-
453 2256 2134 2389 zuschlagen; doch da Sie selbst mir B.'s Vorschlag mit-
464 2387 2132 2494 teilten, für den praktisch so vieles spricht, wollt ich
453 2490 2202 2625 nicht ungesagt sein lassen, was ich zu sagen hatte. Punkt
453 2603 2099 2749 2 betreffend, wollen wir sch en, was der Bühneneindruck
453 2723 2143 2869 Sie und mich lehrt; für heute nur die energische Ver-
460 2827 2062 2993 sicherung,dass auch ein erdolchen auf offener Scene
449 2947 1439 3107 meinem Gemüth nicht näher käme!
770 3072 2078 3192 Ihre Einwände, den Vogel betr. hätten mich
