2435 4104
1575 390 1798 521 1.° 1.
1176 773 2142 934 Helgeland, Villa Gätke, 19.7.99.
821 988 1558 1123 Lieber Herr Schnitzler,
546 1043 2243 1236 für Ihren ausführlichen Bericht danke ich Ihnen schön-
559 1151 2265 1356 stens. Es scheint mir, dass es nun wirklich an der Zeit
568 1266 2177 1472 wäre, den Wienern das richtige und gesammte Deutsche
566 1386 2277 1588 Theater zu zeigen, und ich werde diese langgehegte Idee
572 1570 1620 1718 nun für 1900 energisch verfolgen.
578 1688 2239 1834 Ihr Brief an Hauptm. ist nach Schreiberhau gewandert,
583 1759 2160 1950 wo er die Schulferien mit seinen Kindern verbringt
593 1911 2258 2083 und, auch ohne weitere (oder vielmehr nähere) Adresse
598 2014 2295 2175 von Ihnen zu mahnen ist, wenn er, wie er manchmal
602 2183 1307 2290 thut, sich ausschweigt.
602 2262 2282 2408 Hier ist es wunderschön; und Sie sollsen Ihrem Herzen
613 2361 2335 2520 einen Stoss geben und, statt einsam südwärts zu pilgern,
617 2485 2205 2637 hier an meiner grünen Seite Düne, Segelherrlichkeit
630 2616 2350 2755 und nordische Sonnenuntergänge geniessen. Ich lebe ganz
621 2734 2211 2895 für mich;gegenwärtig ist noch Vacano hier, der aber
632 2843 2312 3010 Dienstag ins tiefste Ungarland,Zempliner Comitat (Sie
