<?xml version="1.0" encoding="UTF-8" standalone="yes"?>
<PcGts xmlns="http://schema.primaresearch.org/PAGE/gts/pagecontent/2013-07-15" xmlns:xsi="http://www.w3.org/2001/XMLSchema-instance" xsi:schemaLocation="http://schema.primaresearch.org/PAGE/gts/pagecontent/2013-07-15 http://schema.primaresearch.org/PAGE/gts/pagecontent/2013-07-15/pagecontent.xsd">
    <Metadata>
        <Creator>prov=READ-COOP:name=TrHtr:version=2.1.0:model_id=51170:date=26_07_2023_02:02</Creator>
        <Created>2023-05-02T07:45:20.615+02:00</Created>
        <LastChange>2023-07-26T02:02:05.640+02:00</LastChange>
        <TranskribusMetadata docId="1416706" pageId="54951605" pageNr="308" tsid="130871391" status="IN_PROGRESS" userId="64420" imgUrl="https://files.transkribus.eu/Get?id=NERQDNSJIXPCFGLBZIJBBFXD&amp;fileType=view" xmlUrl="https://files.transkribus.eu/Get?id=KUWRQTLJSSGYVULWOSKQWUIW" imageId="44455331"/>
    </Metadata>
    <Page imageFilename="1416706_0308.jpg" imageWidth="5037" imageHeight="4151">
        <ReadingOrder>
            <OrderedGroup id="ro_1711829454271" caption="Regions reading order">
                <RegionRefIndexed index="0" regionRef="tr_1"/>
                <RegionRefIndexed index="1" regionRef="tr_2"/>
            </OrderedGroup>
        </ReadingOrder>
        <TextRegion id="tr_1" custom="readingOrder {index:0;}">
            <Coords points="489,480 2254,480 2254,2956 489,2956"/>
            <TextLine id="tr_1_tl_1" custom="readingOrder {index:0;}">
                <Coords points="840,502 876,513 928,554 969,524 1065,554 1104,543 1123,558 1142,554 1138,480 1112,478 1088,459 1043,483 930,446 917,457 909,450 900,459 837,463"/>
                <Baseline points="852,530 942,530 1031,530 1121,542 1145,542"/>
                <TextEquiv>
                    <Unicode>V. 1. „ „</Unicode>
                </TextEquiv>
            </TextLine>
            <TextLine id="tr_1_tl_2" custom="readingOrder {index:1;}">
                <Coords points="1318,850 1344,863 1367,842 1484,872 1515,850 1595,859 1651,837 1688,874 1729,857 1824,878 1891,859 1893,772 1781,749 1532,790 1454,772 1413,790 1367,770 1318,783"/>
                <Baseline points="1329,834 1359,829 1449,829 1538,829 1628,829 1717,823 1807,817 1896,823"/>
                <TextEquiv>
                    <Unicode>Berlin, 19.9.1912.</Unicode>
                </TextEquiv>
            </TextLine>
            <TextLine id="tr_1_tl_3" custom="readingOrder {index:2;}">
                <Coords points="937,848 959,844 969,853 978,846 1019,848 1043,857 1054,850 1067,863 1097,868 1097,785 1069,779 1043,759 1019,762 976,740 937,738"/>
                <Baseline points="948,829 1037,834 1103,829"/>
                <TextEquiv>
                    <Unicode>319</Unicode>
                </TextEquiv>
            </TextLine>
            <TextLine id="tr_1_tl_4" custom="readingOrder {index:3;}">
                <Coords points="911,1069 1067,1080 1129,1034 1188,1062 1296,1036 1357,1049 1365,948 1285,928 1218,950 1166,946 1145,965 1112,959 1091,933 976,954 922,930"/>
                <Baseline points="924,1055 1007,1043 1097,1037 1186,1031 1276,1025 1365,1025"/>
                <TextEquiv>
                    <Unicode>Lieber Freund,</Unicode>
                </TextEquiv>
            </TextLine>
            <TextLine id="tr_1_tl_5" custom="readingOrder {index:4;}">
                <Coords points="491,1214 1913,1127 2082,1091 2086,1041 500,1097"/>
                <Baseline points="506,1198 566,1186 656,1180 745,1174 834,1168 924,1162 1013,1157 1103,1151 1192,1145 1282,1139 1371,1133 1461,1127 1550,1121 1640,1115 1729,1103 1819,1097 1908,1091 1997,1085 2087,1073"/>
                <TextEquiv>
                    <Unicode>Ihr Stück habe ich nun gelesen, und der Eindruck der</Unicode>
                </TextEquiv>
            </TextLine>
            <TextLine id="tr_1_tl_6" custom="readingOrder {index:5;}">
                <Coords points="498,1326 1893,1246 2056,1218 2060,1153 1908,1123 1201,1179 939,1257 502,1257"/>
                <Baseline points="512,1300 542,1300 632,1294 721,1294 811,1288 900,1282 990,1276 1079,1270 1168,1258 1258,1252 1347,1246 1437,1246 1526,1234 1616,1228 1705,1222 1795,1216 1884,1210 1974,1204 2063,1198"/>
                <TextEquiv>
                    <Unicode>Vorlesung hat sich mir im Wesentlichen wiederholt:</Unicode>
                </TextEquiv>
            </TextLine>
            <TextLine id="tr_1_tl_7" custom="readingOrder {index:6;}">
                <Coords points="498,1437 1848,1380 2140,1339 2144,1261 1772,1231 502,1389"/>
                <Baseline points="512,1419 536,1419 626,1413 715,1407 805,1401 894,1395 984,1389 1073,1383 1162,1377 1252,1371 1341,1365 1431,1359 1520,1353 1610,1347 1699,1341 1789,1335 1878,1329 1968,1324 2057,1324 2147,1318"/>
                <TextEquiv>
                    <Unicode>ich erkannte die vortreffliche Menschildenung, den gu-</Unicode>
                </TextEquiv>
            </TextLine>
            <TextLine id="tr_1_tl_8" custom="readingOrder {index:7;}">
                <Coords points="517,1543 1969,1478 2105,1454 2110,1378 1469,1389 1015,1478 519,1497"/>
                <Baseline points="530,1538 590,1538 679,1532 769,1526 858,1520 948,1514 1037,1508 1127,1502 1216,1496 1306,1491 1395,1485 1485,1473 1574,1467 1663,1461 1753,1455 1842,1449 1932,1443 2021,1437 2111,1431"/>
                <TextEquiv>
                    <Unicode>ten Bau, den famosen pialog, aber leider auch das uns</Unicode>
                </TextEquiv>
            </TextLine>
            <TextLine id="tr_1_tl_9" custom="readingOrder {index:8;}">
                <Coords points="474,1677 2131,1595 2138,1504 982,1532 478,1627"/>
                <Baseline points="489,1663 530,1658 620,1652 709,1646 799,1640 888,1634 978,1628 1067,1616 1157,1610 1246,1604 1335,1604 1425,1592 1514,1592 1604,1580 1693,1574 1783,1568 1872,1562 1962,1556 2051,1550 2141,1544"/>
                <TextEquiv>
                    <Unicode>, Fremdartige des Milieus von Neuem, das für eine nord-</Unicode>
                </TextEquiv>
            </TextLine>
            <TextLine id="tr_1_tl_10" custom="readingOrder {index:9;}">
                <Coords points="528,1796 1770,1737 1852,1688 2203,1688 2250,1621 1722,1666 1279,1627 1000,1714 532,1729"/>
                <Baseline points="542,1777 554,1771 644,1765 733,1759 823,1753 912,1747 1001,1741 1091,1735 1180,1729 1270,1723 1359,1717 1449,1711 1538,1711 1628,1705 1717,1693 1807,1687 1896,1681 1986,1675 2075,1669 2164,1663 2254,1652"/>
                <TextEquiv>
                    <Unicode>deutsche Hörerschaft schwer Eingängige der Voraussetzun-</Unicode>
                </TextEquiv>
            </TextLine>
            <TextLine id="tr_1_tl_11" custom="readingOrder {index:10;}">
                <Coords points="528,1926 2231,1800 2235,1735 1259,1755 1000,1831 532,1856"/>
                <Baseline points="542,1896 626,1884 715,1878 805,1872 894,1866 984,1860 1073,1854 1162,1848 1252,1842 1341,1830 1431,1830 1520,1819 1610,1819 1699,1813 1789,1807 1878,1801 1968,1789 2057,1789 2147,1783 2236,1783"/>
                <TextEquiv>
                    <Unicode>gen. Die Berliner jüdischen Aerzte sind nicht verfolgt,</Unicode>
                </TextEquiv>
            </TextLine>
            <TextLine id="tr_1_tl_12" custom="readingOrder {index:11;}">
                <Coords points="534,2027 2164,1930 2168,1850 1277,1869 1028,1952 539,1986"/>
                <Baseline points="548,2009 560,2009 650,2003 739,1997 829,1992 918,1986 1007,1980 1097,1968 1186,1962 1276,1962 1365,1956 1455,1944 1544,1938 1634,1932 1723,1926 1813,1920 1902,1914 1992,1908 2081,1902 2170,1902"/>
                <TextEquiv>
                    <Unicode>sie dominieren; wir sind nicht katholisch - ich auch</Unicode>
                </TextEquiv>
            </TextLine>
            <TextLine id="tr_1_tl_13" custom="readingOrder {index:12;}">
                <Coords points="547,2136 1988,2064 2099,2025 2101,1973 1450,1971 1158,2001 993,2075 550,2088"/>
                <Baseline points="560,2123 584,2123 673,2117 763,2111 852,2105 942,2099 1031,2093 1121,2087 1210,2081 1300,2075 1389,2069 1479,2063 1568,2057 1658,2051 1747,2045 1836,2039 1926,2033 2015,2027 2105,2021"/>
                <TextEquiv>
                    <Unicode>nicht -, und so wird der Ausgangspunkt des stückes</Unicode>
                </TextEquiv>
            </TextLine>
            <TextLine id="tr_1_tl_14" custom="readingOrder {index:13;}">
                <Coords points="584,2250 2114,2177 2198,2149 2203,2084 1160,2114 1013,2181 589,2201"/>
                <Baseline points="596,2236 685,2236 775,2230 864,2224 954,2212 1043,2212 1133,2206 1222,2200 1312,2188 1401,2188 1491,2182 1580,2176 1669,2164 1759,2164 1848,2158 1938,2153 2027,2141 2117,2141 2206,2129"/>
                <TextEquiv>
                    <Unicode>und sein Verlauf bei uns weniger fesseln, als im Lan-</Unicode>
                </TextEquiv>
            </TextLine>
            <TextLine id="tr_1_tl_15" custom="readingOrder {index:14;}">
                <Coords points="560,2374 2201,2287 2239,2207 1657,2198 1406,2281 565,2307"/>
                <Baseline points="572,2367 632,2361 721,2355 811,2349 900,2343 990,2337 1079,2331 1168,2325 1258,2325 1347,2314 1437,2308 1526,2302 1616,2296 1705,2290 1795,2284 1884,2278 1974,2272 2063,2266 2153,2254 2242,2248"/>
                <TextEquiv>
                    <Unicode>de des Eucharisten-Kongresses, Erwäge ich nun die aus-</Unicode>
                </TextEquiv>
            </TextLine>
            <TextLine id="tr_1_tl_16" custom="readingOrder {index:15;}">
                <Coords points="571,2495 2203,2415 2235,2320 1508,2337 1331,2404 576,2443"/>
                <Baseline points="584,2481 626,2481 715,2475 805,2469 894,2463 984,2457 1073,2451 1162,2445 1252,2439 1341,2433 1431,2421 1520,2421 1610,2409 1699,2403 1789,2397 1878,2391 1968,2385 2057,2379 2147,2373 2236,2361"/>
                <TextEquiv>
                    <Unicode>serordentlichen Schwierigkeiten, die die Besetzung und</Unicode>
                </TextEquiv>
            </TextLine>
            <TextLine id="tr_1_tl_17" custom="readingOrder {index:16;}">
                <Coords points="571,2605 2168,2525 2177,2406 1636,2441 1435,2514 576,2558"/>
                <Baseline points="584,2600 656,2594 745,2588 834,2582 924,2576 1013,2576 1103,2564 1192,2558 1282,2552 1371,2546 1461,2540 1550,2534 1640,2528 1729,2522 1819,2516 1908,2510 1997,2504 2087,2498 2176,2492"/>
                <TextEquiv>
                    <Unicode>Einstudierung dieses Werkes verursacht, so muss ich,</Unicode>
                </TextEquiv>
            </TextLine>
            <TextLine id="tr_1_tl_18" custom="readingOrder {index:17;}">
                <Coords points="591,2737 2172,2638 2216,2571 1272,2577 969,2661 595,2664"/>
                <Baseline points="602,2719 608,2713 697,2707 787,2701 876,2695 966,2689 1055,2683 1145,2677 1234,2671 1324,2665 1413,2659 1502,2654 1592,2648 1681,2642 1771,2636 1860,2630 1950,2624 2039,2618 2129,2606 2218,2606"/>
                <TextEquiv>
                    <Unicode>mit dem allerlebhaftesten Bedauern, zu dem Entschluss</Unicode>
                </TextEquiv>
            </TextLine>
            <TextLine id="tr_1_tl_19" custom="readingOrder {index:18;}">
                <Coords points="599,2839 1986,2783 2216,2750 2220,2690 1805,2674 1393,2752 604,2776"/>
                <Baseline points="614,2832 703,2826 793,2826 882,2815 972,2809 1061,2803 1151,2797 1240,2791 1329,2785 1419,2779 1508,2767 1598,2761 1687,2755 1777,2755 1866,2743 1956,2743 2045,2737 2135,2731 2224,2725"/>
                <TextEquiv>
                    <Unicode>kommen, auf die Aufführung zu verzichten - mindestens</Unicode>
                </TextEquiv>
            </TextLine>
            <TextLine id="tr_1_tl_20" custom="readingOrder {index:19;}">
                <Coords points="606,2975 2229,2886 2233,2796 1461,2850 1324,2809 985,2893 612,2895"/>
                <Baseline points="620,2946 626,2946 715,2940 805,2940 894,2928 984,2922 1073,2922 1162,2916 1252,2904 1341,2904 1431,2892 1520,2886 1610,2880 1699,2880 1789,2874 1878,2868 1968,2862 2057,2856 2147,2844 2236,2844"/>
                <TextEquiv>
                    <Unicode>so lange, bis die wirkung auf demjenigen poden, in dem</Unicode>
                </TextEquiv>
            </TextLine>
        </TextRegion>
        <TextRegion id="tr_2" custom="readingOrder {index:1;}">
            <Coords points="3023,796 4795,796 4795,2902 3023,2902"/>
            <TextLine id="tr_2_tl_1" custom="readingOrder {index:0;}">
                <Coords points="4157,878 4196,868 4273,902 4347,861 4388,874 4436,855 4449,870 4501,863 4537,887 4578,883 4583,721 4364,768 4299,798 4213,772 4159,783"/>
                <Baseline points="4168,858 4228,852 4317,846 4407,846 4496,846 4586,846"/>
                <TextEquiv>
                    <Unicode>19.9.1912.</Unicode>
                </TextEquiv>
            </TextLine>
            <TextLine id="tr_2_tl_2" custom="readingOrder {index:1;}">
                <Coords points="3012,1021 4693,987 4749,904 3280,928 3012,980"/>
                <Baseline points="3023,1013 3053,1013 3143,1019 3232,1007 3321,1007 3411,1001 3500,1001 3590,996 3679,996 3769,990 3858,984 3948,984 4037,978 4127,972 4216,972 4306,966 4395,960 4484,960 4574,954 4663,948 4753,948"/>
                <TextEquiv>
                    <Unicode>das Stück wurzelt, sich stark genug erwiesen hat, um mei-</Unicode>
                </TextEquiv>
            </TextLine>
            <TextLine id="tr_2_tl_3" custom="readingOrder {index:2;}">
                <Coords points="3029,1164 4206,1140 4390,1088 4572,1108 4624,1034 3031,1078"/>
                <Baseline points="3041,1139 3107,1139 3196,1133 3286,1127 3375,1127 3465,1121 3554,1115 3644,1115 3733,1109 3822,1103 3912,1097 4001,1097 4091,1091 4180,1091 4270,1085 4359,1079 4449,1079 4538,1073 4628,1073"/>
                <TextEquiv>
                    <Unicode>ne Bedenken zu widerlegen. Und sehr gern würde ich,</Unicode>
                </TextEquiv>
            </TextLine>
            <TextLine id="tr_2_tl_4" custom="readingOrder {index:3;}">
                <Coords points="3029,1268 4310,1253 4581,1223 4652,1145 3031,1210"/>
                <Baseline points="3041,1252 3047,1252 3137,1252 3226,1246 3316,1240 3405,1234 3494,1234 3584,1228 3673,1228 3763,1222 3852,1216 3942,1210 4031,1210 4121,1204 4210,1204 4300,1198 4389,1192 4479,1186 4568,1186 4657,1180"/>
                <TextEquiv>
                    <Unicode>wenn das Stück bis dahin für Berlin noch nicht ver-</Unicode>
                </TextEquiv>
            </TextLine>
            <TextLine id="tr_2_tl_5" custom="readingOrder {index:4;}">
                <Coords points="3027,1422 4650,1352 4706,1339 4710,1251 3031,1339"/>
                <Baseline points="3041,1371 3101,1371 3190,1365 3280,1359 3369,1359 3459,1353 3548,1347 3638,1341 3727,1341 3817,1335 3906,1329 3995,1329 4085,1324 4174,1318 4264,1318 4353,1312 4443,1312 4532,1306 4622,1306 4711,1300"/>
                <TextEquiv>
                    <Unicode>geben haben, zur Première oder einer Wiederholung nach</Unicode>
                </TextEquiv>
            </TextLine>
            <TextLine id="tr_2_tl_6" custom="readingOrder {index:5;}">
                <Coords points="3053,1506 4604,1461 4622,1355 3624,1437 3057,1428"/>
                <Baseline points="3065,1485 3101,1485 3190,1479 3280,1479 3369,1473 3459,1467 3548,1467 3638,1461 3727,1455 3817,1449 3906,1449 3995,1443 4085,1437 4174,1437 4264,1431 4353,1431 4443,1425 4532,1425 4622,1419"/>
                <TextEquiv>
                    <Unicode>Wien kommen - denn dass es dort den Weisse und die</Unicode>
                </TextEquiv>
            </TextLine>
            <TextLine id="tr_2_tl_7" custom="readingOrder {index:6;}">
                <Coords points="3040,1625 4451,1593 4641,1571 4646,1493 3042,1562"/>
                <Baseline points="3053,1598 3125,1598 3214,1592 3304,1592 3393,1586 3483,1586 3572,1580 3661,1580 3751,1574 3840,1568 3930,1562 4019,1562 4109,1556 4198,1556 4288,1550 4377,1544 4467,1544 4556,1538 4646,1544"/>
                <TextEquiv>
                    <Unicode>Consur passirt, nehme ich noch immer als gewiss an.-</Unicode>
                </TextEquiv>
            </TextLine>
            <TextLine id="tr_2_tl_8" custom="readingOrder {index:7;}">
                <Coords points="3040,1755 3393,1722 3618,1750 3817,1699 4083,1733 4087,1625 3888,1653 3784,1623 3626,1666 3369,1640 3324,1677 3042,1681"/>
                <Baseline points="3053,1717 3107,1711 3196,1711 3286,1705 3375,1705 3465,1699 3554,1699 3644,1693 3733,1687 3822,1681 3912,1675 4001,1675 4091,1669"/>
                <TextEquiv>
                    <Unicode>Haben Sie schon was gehört von W?</Unicode>
                </TextEquiv>
            </TextLine>
            <TextLine id="tr_2_tl_9" custom="readingOrder {index:8;}">
                <Coords points="3051,1867 4624,1805 4667,1800 4672,1709 3053,1798"/>
                <Baseline points="3065,1830 3154,1830 3244,1830 3333,1825 3423,1819 3512,1819 3602,1813 3691,1807 3781,1807 3870,1801 3960,1795 4049,1795 4139,1789 4228,1789 4317,1783 4407,1777 4496,1777 4586,1771 4675,1765"/>
                <TextEquiv>
                    <Unicode>Meine „Berufung“ ans Burgtheater ist ein reines Mär-</Unicode>
                </TextEquiv>
            </TextLine>
            <TextLine id="tr_2_tl_10" custom="readingOrder {index:9;}">
                <Coords points="3064,1993 3929,1934 4375,1960 4667,1924 4708,1850 3068,1898"/>
                <Baseline points="3077,1944 3101,1950 3190,1944 3280,1944 3369,1938 3459,1938 3548,1932 3638,1926 3727,1920 3817,1920 3906,1914 3995,1914 4085,1908 4174,1902 4264,1902 4353,1902 4443,1896 4532,1890 4622,1890 4711,1884"/>
                <TextEquiv>
                    <Unicode>chen. Es liegt nicht das Allermindeste vor, von keiner</Unicode>
                </TextEquiv>
            </TextLine>
            <TextLine id="tr_2_tl_11" custom="readingOrder {index:10;}">
                <Coords points="3068,2107 4702,2043 4732,1965 3073,2014"/>
                <Baseline points="3083,2069 3125,2063 3214,2063 3304,2057 3393,2057 3483,2051 3572,2051 3661,2045 3751,2039 3840,2039 3930,2033 4019,2027 4109,2027 4198,2021 4288,2015 4377,2015 4467,2009 4556,2009 4646,2003 4735,2015"/>
                <TextEquiv>
                    <Unicode>irgend berechtigten Seite, und ich hab a heute so wenig</Unicode>
                </TextEquiv>
            </TextLine>
            <TextLine id="tr_2_tl_12" custom="readingOrder {index:11;}">
                <Coords points="3077,2224 3882,2207 4020,2162 4416,2188 4646,2149 4650,2079 3079,2149"/>
                <Baseline points="3089,2182 3131,2182 3220,2182 3310,2176 3399,2176 3488,2170 3578,2164 3667,2164 3757,2158 3846,2158 3936,2153 4025,2147 4115,2141 4204,2141 4294,2135 4383,2135 4473,2129 4562,2129 4651,2129"/>
                <TextEquiv>
                    <Unicode>wie im Sommer die Neigung, dieses Kreuz auf mich zu</Unicode>
                </TextEquiv>
            </TextLine>
            <TextLine id="tr_2_tl_13" custom="readingOrder {index:12;}">
                <Coords points="3066,2326 4457,2302 4691,2276 4693,2214 4202,2194 3068,2281"/>
                <Baseline points="3077,2302 3089,2302 3178,2302 3268,2296 3357,2296 3447,2290 3536,2284 3626,2284 3715,2278 3805,2272 3894,2272 3984,2266 4073,2260 4162,2260 4252,2254 4341,2248 4431,2248 4520,2248 4610,2242 4699,2242"/>
                <TextEquiv>
                    <Unicode>nehmen. Ich bin nur nicht so taktvoll wie M.R., dass</Unicode>
                </TextEquiv>
            </TextLine>
            <TextLine id="tr_2_tl_14" custom="readingOrder {index:13;}">
                <Coords points="3083,2436 4278,2430 4762,2371 4765,2311 3086,2369"/>
                <Baseline points="3095,2427 3154,2421 3244,2421 3333,2415 3423,2409 3512,2403 3602,2403 3691,2397 3781,2391 3870,2391 3960,2385 4049,2379 4139,2379 4228,2379 4317,2373 4407,2367 4496,2367 4586,2361 4675,2355 4765,2349"/>
                <TextEquiv>
                    <Unicode>ich meinen Korb öffentlich austeile. Im Uebrigen aber</Unicode>
                </TextEquiv>
            </TextLine>
            <TextLine id="tr_2_tl_15" custom="readingOrder {index:14;}">
                <Coords points="3077,2560 4607,2527 4788,2497 4791,2439 4650,2404 3549,2490 3079,2469"/>
                <Baseline points="3089,2540 3095,2540 3184,2534 3274,2534 3363,2528 3453,2522 3542,2522 3632,2516 3721,2516 3811,2510 3900,2504 3989,2498 4079,2498 4168,2492 4258,2487 4347,2487 4437,2481 4526,2481 4616,2475 4705,2475 4795,2475"/>
                <TextEquiv>
                    <Unicode>bleibe ich der alte (konfessionslose) Jude, den Sie ken-</Unicode>
                </TextEquiv>
            </TextLine>
            <TextLine id="tr_2_tl_16" custom="readingOrder {index:15;}">
                <Coords points="3077,2687 3966,2679 4098,2640 4477,2668 4481,2568 3079,2596"/>
                <Baseline points="3089,2659 3143,2654 3232,2654 3321,2654 3411,2648 3500,2642 3590,2642 3679,2636 3769,2630 3858,2624 3948,2618 4037,2618 4127,2612 4216,2612 4306,2606 4395,2606 4484,2606"/>
                <TextEquiv>
                    <Unicode>nen und der Sie herzlich verehrt und grüsst.</Unicode>
                </TextEquiv>
            </TextLine>
            <TextLine id="tr_2_tl_17" custom="readingOrder {index:16;}">
                <Coords points="4217,2780 4243,2776 4258,2785 4286,2776 4306,2785 4323,2774 4330,2780 4358,2776 4373,2785 4395,2785 4395,2700 4353,2694 4345,2685 4315,2679 4293,2692 4269,2677 4256,2683 4243,2674 4228,2690 4217,2690"/>
                <Baseline points="4228,2731 4317,2725 4401,2731"/>
                <TextEquiv>
                    <Unicode>O.B.</Unicode>
                </TextEquiv>
            </TextLine>
            <TextLine id="tr_2_tl_18" custom="readingOrder {index:17;}">
                <Coords points="3092,2925 3239,2912 3300,2941 3373,2921 3438,2941 3648,2891 3826,2893 3847,2886 3849,2802 3668,2830 3603,2800 3507,2839 3460,2817 3417,2839 3096,2841"/>
                <Baseline points="3107,2886 3137,2892 3226,2886 3316,2886 3405,2880 3494,2880 3584,2874 3673,2868 3763,2862 3852,2862"/>
                <TextEquiv>
                    <Unicode>Was machen die Einakter?</Unicode>
                </TextEquiv>
            </TextLine>
        </TextRegion>
    </Page>
</PcGts>
