5032 4088
1157 639 1483 755 259 260
1931 655 2196 810 5.12.09.3
504 746 2187 946 Sie sagen mir nicht, was Sie vom „Pfarrer“ des Dr. in
502 890 1019 1066 Wien hielten?
866 1012 2202 1197 An den „Medardus“ hoff ich bald wieder zu
500 1139 2213 1274 kommen. Die Tage her ging es zu taubenschlagmässig bei
493 1254 2242 1390 uns zu: Wassermann, Mann,Hauptmann - Männer kamen, Mä nner
488 1376 2242 1538 gingen. Schlenther denkt gewiss ernsthaft an den „Med."
471 1510 2242 1636 nur ob er noch in diese Saison (und in seine Direction?)
471 1618 2187 1816 fällt, schien ihm zweifelhaft - schon der Helenen-Frage
471 1738 695 1867 wegen.
881 1840 2176 1991 Mir scheint der Semmering und Ihre Gesell
464 1974 2145 2096 schaft sehr gut angeschlagen zu haben, denn alle Leute
457 2093 2211 2224 rühmen meine blühende Schönheit. Aber in diesem Berliner
451 2202 2100 2342 Hexenkessel wird sie bald zerkocht sein. Wo sind die
440 2309 2153 2471 Tage des Wasserleitungsweges und der Elisabeth Niese?
739 2458 1665 2584 Herzlich Sie alle begrüssend
1647 2537 1836 2660 O.B.
3747 726 4353 859 Berlin, 16.12.1909.
3437 906 3936 1046 Lieber Freund,
2986 1021 4709 1170 zunächst danke ich Ihnen für Ihr schnelles Entgegenkom-
2981 1134 4609 1272 men in der Mizzi-Frage. Am Schluss des Abends hätte
2993 1221 4675 1421 sie, wie uns immer klarer wurde, nicht gepasst; für den
2997 1370 4744 1525 Anfang sind Sie nicht (und es wär wohl auch schade drum,
2999 1490 4693 1621 das vielgeprüfte Fräulein hier hinzustellen) - so las-
2993 1607 4733 1747 sen wir also Bahr allein reisen. - Das Schönste wäre ja
2995 1738 4777 1887 nun, wenn Sie,piano, piano, zwei weitere Einakter schrieben,
2993 1827 4633 1978 mit denen zusammen man in nächster Saison die Mizzi
3006 1954 4715 2100 vom Stapel lassen könnte; an Stoffen fehlt es Ihnen ja
3006 2067 4684 2222 nicht, und Sie wollen doch am liebsten mit sich selbst
3006 2191 4718 2342 ge - oder, nein, also: gefallen.- Sollte ich in nächster
3013 2307 4664 2440 Saison das Stück nicht bringen können, dann natürlich
3017 2422 4700 2555 müsste ich Ihnen die Mizzi zur Verfügung halten - und
3006 2544 4737 2684 Sie mir jenes garantirlicht Aber ich wünsche und glau-
3035 2675 4735 2835 be und hoffe, dass wir das hübsche und vielgeliebte Mäd-
3030 2806 3934 2959 chen passendst unterbringen!
