2526 4103
1759 391 1962 579 1,1
1370 772 2069 941 Berlin, 19. April 1899.
947 776 1062 898 52
566 943 1415 1056 Herrn pr.Arthur Schnitzler
1383 1024 2076 1186 Wien IX.prankgasse 1.
761 1182 1601 1297 Sehr gehrter Herr Doctor!
417 1265 2131 1415 Leider müssen wir Sie benachrichtigen, dass Herr Sauer,
430 1392 2146 1528 dem die Rolle des Robert in: „Die Gefährtin“ zugetheilt
436 1520 2024 1637 war,erkrankt ist. Da nach Aussage der Aerzte seine
436 1631 2095 1761 Wiederherstellung nicht so bald zu erwarten ist, dass
445 1778 2054 1864 er an den Proben noch rechtzeitig theilnehmen kann,
442 1885 2103 1996 so hat eine Umbesetzung der Rolle stattfinden müssen,
447 1990 2022 2114 welche nunmehr Herrn Nissen übertragen worden ist.
881 2123 1417 2221 Hochachtungsvoll
804 2234 1652 2351 Deutsches Theater z.Berlin
1120 2366 1261 2467 i.A.
834 2490 1400 2597 Dr. Moriz Ehrlich.
