2526 4103
1131 744 1237 898 39
1528 799 2192 946 Berlin, 15.Sept.1898
770 1007 1565 1120 Lieber Doctor Schnitzler!
493 1107 2105 1224 Selbstverständlich ergeben wir uns Ihrer Anschauung
497 1237 2135 1391 über die Rolle des Ferdinand und haben nun das Stück
503 1361 2155 1508 endgiltig folgendermassen besetzt: Losatti - Reicher;
501 1489 2033 1636 Betty - Fr.v.Poellnitz;Hugo - Rittner; Franziska
503 1601 2140 1747 Sarrow; Lulu - Elsinger; Emma - Dumont; Agnes - Lux;
508 1734 2250 1862 Toni - Lehmann; Ferdinand - Sauer; Gustav - Winterstein;
510 1844 2163 1977 Ein Arzt - Reinhardt; Ein fremder Mann - Ludwig; Stu-
503 1962 1107 2098 benmädchen - Höhne.
812 2075 2174 2198 An der Absicht Sie in Wien, in nächster oder
512 2183 2177 2333 übernächster Woche, freundschaftlich zu überfallen, hal-
510 2318 2153 2441 te ich fest; da wollen wir alle schwebenjen und bren-
501 2450 1515 2593 nenden Fragen löschen und lösen.
1061 2569 1174 2647 Ihr
1217 2597 1367 2754 O.B.
