5032 4088
912 646 1314 754 26K 259
1412 679 1655 854 3.1.59
989 752 1181 883 258
1381 810 1998 951 Berlin, 5.11.1909.
883 927 1339 1071 Lieber Freund,
549 1058 2151 1195 ich komme Sonntag Früh auf den Semmering und denke
542 1184 1549 1330 eine Woche zu bleiben. Und Sie?
1219 1312 1715 1451 Eilig treulich
1684 1423 1863 1571 B.B.
3432 648 3788 779 260 259.
3518 715 4197 841 Semmering, 9.11.1909.
2923 785 4699 951 L.F. Das Wetter ist lieblich, die Wege sind gut (z.B. Ws. -
2934 936 4558 1084 serleitung weg, der mit Recht so beliebte) und ich
2934 1066 4651 1204 bleibe hier. Es wollen noch zwei Sachverständige grüs-
2943 1181 3414 1325 sen, so wie Ihr
3633 1268 3797 1412 O.B.
2943 1330 4673 1522 Ich gehe zwar morgen schon wieder weg (Berlin!),finde
2956 1502 4578 1628 es aber schmerzlich, gehen zu müssen. Auch die Küche
2958 1606 4452 1766 muss ich - ohne bindende Verpflichtung - loben.
3956 1684 4359 1816 Ihr Jakob.W.
2945 1781 4635 1987 Herzliche Grüsse Ihnen und Ihrer Frau. Es ist wunder-
2967 1892 4569 2126 schön hier, ich empfehle es sehr, muss leider morgen
2958 2016 4600 2212 Abend schon fort. Schlenther sagte mir noch, dass er
2976 2135 4684 2332 sich jetzt auf seiner Berliner Reise wieder mit Medar-
2967 2261 4688 2478 dus beschäftigen will. Auf gutes Wiedersehen in Ber-
2965 2445 3445 2600 lin oder Wien!
3485 2471 4182 2586 Ihr Georg Hirschfeld.
2982 2571 4671 2737 *) Die Vereinfachung der Dekoration habe ich erwähnt.
