5019 4136
1622 820 1920 946 13.7.02.
398 873 2066 1045 diesmal besser verdaut oder verstanden, und nur erneut
380 1012 2095 1169 empfunden, dass der Kern ein etwas kleiner, das Ornam ent
393 1125 1971 1257 vielfach überwuchernd und verwirrend ist. Doch Sie
398 1238 2082 1375 selbst haben ja durch Striche dem schon nachgeholfen,
380 1341 2102 1512 und wenn man die Staatsaktion noch weiter einschränken
380 1472 1993 1618 dürfte, würde auch ich einiges noch wirksaner zu ge-
380 1585 2064 1753 stalten hoffen. Ich würde also mit grösstem Vergnügen
376 1715 2148 1863 bereit sein, das Stück aufzuführen und es für eine Ehren-
380 1865 1976 1985 pflicht gegen einen Autor halten, der dem Deutschen
380 1965 2064 2100 Theater so vieles gegeben hat, sein Werk in würdigstem
393 2066 1993 2228 Gewande darzustellen, wenn nicht die Besetzungsfrage
387 2177 1982 2336 auch jetzt mir wieder zu schaffen machte. Und zwar
380 2320 2071 2440 hauptsächlich der Filippo, der einen hinreissenden Dar-
393 2451 2064 2577 steller m.E. fordert, einen andern Kainz, den ich nicht
369 2533 2080 2670 habe. Bassermann ist zu klug daftir, Sommerst. zu schwer,
376 2681 2038 2791 Kayssler zu deutsch. Den Herzog könnte Basserm. wohl
380 2769 2080 2893 spielen, auch Sommerstorf, die Beatrice die Triesch, aber
387 2880 2060 3052 wer leistet uns den Filippo? Ich habe da einen jungen
4166 769 4449 864 13.7.02.
2862 849 4480 983 Mann engagiert,Stieler heisst er und ist begabt,ob-
2886 964 4528 1103 gleich „Nachfolger Hahns“, aber der ist Zukunftsmusik
2882 1085 4550 1216 und ob ihm so Verantwortungsvolles in absehbarer Zeit
2897 1189 4511 1339 zuzutrauen, steht dahin. Wen hatten Sie denn gedacht?
2891 1324 4550 1463 Bass? Ich glaube bestimmt, dass es mit ihm nicht geht;
2886 1441 4539 1580 nur aus sinnlicher Wärme und Weichheit und lyrischer
2924 1556 4568 1695 Leidenschaft ist die Gestalt zu spielen, und das sind
2900 1620 4599 1825 grade Dinge, die B. noch nie offenbarte. Ich könnte Ih-
2913 1733 4621 1929 nen also nur raten, zu warten und sich mit meiner ehrli-
2913 1912 4595 2058 chen Erklärung zu begnügen - natürlich nicht ad calen-
2911 2031 4535 2170 das graecas - dass ich mich sehr freuen würde, Ihnen
2930 2084 4623 2283 das Stück aufzuführen, sobald ich einen Filippo in Seh-
2933 2272 4517 2391 weite habe; geht das aber nicht und haben Sie etwa
2928 2387 4626 2522 schon sich dem Löwenfeld verschrieben, so werde ich Ih-
2924 2497 4597 2637 nen den Daumen drücken und alles gute wünschen, so we-
2942 2621 4652 2765 nig aussichtsvoll ich dieses Unternehmen, die „B." aufs
2935 2745 4133 2862 Schillertheater zu stellen, auch halte.
3209 2877 3618 3001 Herzlich Ihr
3737 2902 3909 3003 O.B.
