5037 4151
1115 819 1742 925 Lugano, Hotel Europe
1173 893 1529 1022 13.3.1903.
237 1005 1945 1167 Lieber Herr Schnitzler, ich freue mich Ihnen melden zu
265 1164 1921 1307 können, dass es mit dem „Schleier“ besser geht, als Ihr
250 1300 1913 1404 Pessimismus annahm, da er verkündete: „nach diesem Akt
263 1404 1941 1533 wird es sich entscheiden, ob das Stück 4 mal oder 7 mk
263 1524 1926 1632 gegeben wird." Infolge der Rapporte, die für Sonntag :
261 1656 1938 1766 3762, für Dienstag 1447, für Donnerstag 1880 (ohne das
274 1783 1869 1874 kleine Abonnement) kündeten, habe ich Beatricen für
267 1887 1945 1982 nächste Woche 3 weitere Abende eingeräumt, so dass wir
280 2016 1932 2107 sie nun schon ganze 8 mal!! im Hause haben: vivat se-
272 2113 1951 2225 quens. In den Kritiken, die mir hieher nachreisten, war
272 2245 1861 2342 ja natürlich manches Eckelhafte, aber man hat Ihnen
291 2340 1930 2465 doch auch viel Gutes gesagt, das Sie in nächsten Stück
291 2469 1891 2568 bestätigen müssen: was macht es denn, das Lustspiel?
541 2566 2003 2691 Wir befinden uns hier im Hotel des Herrn Oster-
287 2691 1977 2803 setzer-Gründorf ganz wohl (secondo ordine) und empfin-
285 2823 1934 2939 den den alten Zauber dieser Vorstadt Bolognas,in der
4112 453 4289 578 1, 1
4056 817 4330 938 13.3.03.
2812 895 4539 1007 wir noch etwa 10 Tage zu bleiben gedenken, Montag will
2814 981 4548 1184 auch Hauptmann mit Frau 2/2ga kommen. Seien Sie herzlich
2814 1143 3426 1242 gegrüsst von Ihrem
3245 1248 4106 1367 freundschaftlich ergebenen
4058 1361 4211 1449 O.B.
2820 1667 4474 1755 Herzlichen Gruss und Dank noch, lieber Arthur, für die
2831 1777 4491 1869 tiefen, bleibenden Eindrücke, die mir Ihr Werk gegeben.
3648 2003 4218 2094 Georg Hirschfeld.
