5010 4057
960 748 1115 880 208
1274 797 1941 929 Noordwijk, 31.7.1906.
349 907 2122 1079 Lieber Freund, nur einen herzlichen Gruss, in der Eile der
363 1032 2033 1178 Abreise, und die bescheidene Frage: ob Sie Beide nicht
351 1153 2082 1278 Lust hätten, mich ein bischen auf Helgeland zu besuchen?
351 1267 2022 1395 Dahin fahre ich nämlich heute; ich habe Berlin aufge-
374 1372 2066 1504 steckt (wenigstens für demnächst) und will drei Wochen
374 1531 2066 1652 im alten Felsennest hausen.Von Hamburg aus könnten Sie
387 1630 2060 1755 (Heini expedirt habend) wunderschön dorthin abstecken,
374 1751 2078 1858 und Sie dürfen einem alten Nordlandsrecken glauben: es
369 1869 2053 1981 lohnt! - Das H-Z Stück wird jedenfalls bildschön; das
372 1957 2145 2125 entnimmt meine Intuition Ihrer meisterlichen Darstellung
385 2127 884 2254 unwiderruflich.
882 2205 1153 2288 Herzlich
1265 2252 1446 2393 O.B.
3531 743 3681 851 209
3739 788 4404 934 Helgeland, 19.8.1906.
2917 902 4630 1054 Danke schön, lieber Freund, für die Grüsse aus Weimar und
2922 1037 4632 1160 Jlmenau; und möge Ihnen der Thüringer Wald, den ich seit
2928 1135 4666 1267 meiner Studentenzeit oft durchstreift habe, als ein nicht
2904 1263 4632 1384 ganz zu verah tendes Geschwister des Wiener er scheinen,
2917 1375 4594 1504 möge Ihnen aber da Niemand die besten Stücke wegessen,
2917 1516 3645 1639 wie.. Na, Sie wissen ja.
3125 1598 4659 1746 Da wir grade von besten Stücken reden, gebe ich der
2901 1737 4672 1865 Hoffnung „Raum“, dass das Alphabeten- (nicht Analphabeten,
2915 1829 4666 1986 sonst müsste es Holzbock zum Helden haben, statt dessen,
2917 1988 4625 2111 der nicht genannt werden soll) Stück nur sehr zeitweise
2908 2142 4554 2245 ruht, Sie dann aber mit einer Gewalt von (A+B)2 wieder
2910 2234 4554 2362 ergreift. Auf dem Semmering, das verspreche ich Ihnen,
2904 2357 4598 2463 mache ich dann wieder die schönsten Striche, nun haben
2897 2496 4498 2595 Sie selbst es zu entscheiden, wann wir da mit dieser
2904 2606 4245 2707 eke lhaften Südbahn hinaufschleichen sollen.
3098 2734 4587 2850 Brandes ist ein Läster-und Schandmaal, das weis s
2886 2832 4659 2951 die Welt, auch die, dieser nicht langweilt, sondern amüsiert;
3817 2937 4139 3002 Geschichte
2897 2955 4695 3105 ich glaube von seinen Bardach-xxxsxxxnur 1½ Percent.
