2490 4103
1433 313 1520 424 III
1605 734 1871 888 18.7.98.
270 843 1867 979 raschungen in solchen Dingen riesig empfindlich, un-
270 971 1920 1109 gerecht.-Möchten Sie nicht jetzt das Ms. drucken las-
268 1086 1854 1216 sen? Aenderungen können Sie ja vorbehalten und den
268 1201 1886 1333 Satz stehen lassen. Alle Berliner Autoren machen es
268 1326 1905 1450 so, und das ist für uns eine grosse Erleichterung bei
266 1431 1905 1571 den dramaturgischen Zurichtungen, Kürzungen u. s.w.; es
262 1550 1111 1694 wird alles übersichtlicher.
568 1673 1963 1803 Wo stecken Sie denn jetzt, mein Herr? Ich bin
260 1799 1818 1914 im Begriff, abzureisen(daher der confuse Stil), bin
260 1914 1935 2044 Sonnabend in München, Rheinischer Hof, Dienstag d.26.in
247 2020 1961 2152 Helgeland (ohne weitere Adresse), wo ich bis 4.August
249 2154 1228 2291 bleiben will. Vom 5.ab: Berlin.
532 2267 1237 2393 Viele herzliche Grüsse
926 2374 1043 2506 Ihr
1322 2425 1484 2525 O.B.
