5155 4041
3669 353 4131 514 „ „ —„ —: —:
1503 353 1673 495 1
3135 675 4164 863 58a Wien, 16.12.1905.
1041 697 1220 863 57
1551 723 2083 863 Wien, 11.11.1905.
2863 815 3558 980 Läsber Freund,
654 848 1124 978 Lieber Freund,
2863 965 4567 1089 ich sende Ihnen heute einen umbrochenen correcturabzug
464 967 2168 1074 den „Ruf“ hab ich neulich in gedruckten Abzügen erhal-
2872 1083 4549 1200 des Ruf, Vielleicht haben Sie noch etwas wichtiges zu
477 1092 2131 1216 ten; nun hab ich am 3.Akt noch beträchtlich geändert,
2869 1218 4621 1320 sagen. Ich warte jedenfalls mit der Imprimatur bis Mitt-
462 1222 2124 1312 ramentlich Scene Arzt-Marie, dann einige Umstellungen
2874 1312 4580 1447 woch - res Donnerstag. (Vorläufig wird nur das Bühnen-
477 1331 2155 1440 u.Verdeutlt hungen vorgenommen, die der Sache wie mich
2859 1466 3791 1567 manuscript fertig gestellt.).
468 1455 2137 1567 dünkt sehr zusatten kommen. Ich hoffe also mit Walser
2856 1536 4584 1669 Die weiteren Nachrichten Somoff u. Katharina betreffend
471 1577 2061 1673 in Berlin alles endgiltig durchsprechen zu können.
2863 1680 4460 1800 erwarte ich mit Spannung.- Wo war diese Dame vorher
460 1684 2061 1793 Schlenther, ohne sich noch endgiltig zu entscheiden,
2852 1789 3211 1933 engagiert?-
460 1824 2126 1913 hat mich um meinen Besetzungsvorschlag gebeten sowie
2841 1924 4432 2046 Ihr Rath ist mir immer erwünscht, auch wenn ich Sie
468 1917 2137 2037 um meine Einwilligung,bei den „Behörden“ die nöthigen
2839 2026 4471 2157 nicht gerade darum frage. Im Falle Raphael war sei n
453 2041 2150 2170 Schritte zu thun.- Neulich war ich in Prag (Vorlesung)
2845 2170 4530 2272 Sinn wohl vorherzusehen. Auch ich denke, dass hier kaum
453 2166 2118 2296 und da hat mich Angelo Neumann sehr dringend eingela-
2841 2281 4423 2401 ewas zu gewinnen, immerhin aber etwas zu verlieren
458 2294 2065 2399 den, der Zwischenspiel-Premiere in Prag beizuwohnen,
2826 2403 4488 2512 wäre, und so warte ich auf die Auferstehung des „Mär-
453 2364 2085 2501 was ich vielleicht, wenn sie am 18.ist, auf der Reise
2841 2512 4388 2634 chen" vielleicht doch lieber bis zun dem 1922 von
447 2503 2157 2614 nach Berlin, mitnehme. Hier geht das Stück herrlich wie
2821 2625 4381 2747 Meinhardt im Deutschen Theater zu veranstaltenden
453 2634 2142 2745 am erst en Tag.- Ich höre wohl noch ein Wort von Ihnen,
2817 2721 3427 2852 Schnitzl er-Cyclus.-
460 2743 2159 2863 eh ich mich auf die Reise mache. Das Semmering Bild ha-
453 2821 1654 2976 ben Sie wohl erhalten?- Herzlichst Ihr
2828 2813 4425 2985 Meine Frage: Kommen Sie nach Wien, bezog sich nicht
1623 2880 1821 3022 A.S.
