4980 4008
1544 678 1860 792 5.2.1903.
700 805 1294 908 Lieber Herr Brahm,
458 888 2075 1020 Eben war H. Lehner (zum 2.Mal) mit den Modell des
452 1020 2130 1154 4.A. da, es geht sogleich an Sie ab, und die Decoration
452 1134 2154 1259 als ganzes kann in 10-12 Tagen fertig sein. Wollen wir
458 1257 2124 1384 hoffen, dass auch die übrigen Decorationen sich so gut
441 1373 2154 1503 praesentieren. Ich danke Ihnen, dass Sie sich die Sache
452 1503 1957 1610 auch nach dieser Richtung angelegen sein lassen.
452 1608 2003 1762 In anderer Richtung erlaube ich mir vor allem den
465 1737 2124 1852 freundlichen Wunsch auszudrücken, eine vollständige Be-
450 1858 2058 1983 setzungsliste vor Augen zu bekommen; wir hatten das
458 1988 2117 2126 Stück nicht ganz durchbesetzt, insbesondere weil Ihnen
458 2091 2020 2213 einige Leute fehlten; auch standen, insbesondere die
441 2222 2135 2343 Weiber noch lange nicht fest; für die Frau Mardi han-
450 2343 2113 2461 delte es sich um ein Neuengagement,da an die sonst so
452 2444 2058 2562 treffliche Poellwitz nicht zu denken ist; ob Dumont
448 2560 2156 2685 die Lucrezia übernähme, war nicht mit Sicherheit voraus-
441 2687 2106 2808 zusehn; auch die Rosina schwebte in der Luft,- u.s.w.-
441 2806 2075 2964 Dass Sie sich zu Rittner Filippo entschlossen haben,
4001 777 4313 873 (5.2.03.)
2863 899 4598 1016 ist mir erfreulich; sein Temperament wird uns über man-
2880 1029 4545 1147 che dramatische Unbehaglichkeiten dieses immerhin in-
2887 1121 4611 1233 teressanten Patrons hinweghelfen. Ueber die Umbesetzung
2863 1268 4532 1378 des Herzogs bin ich weniger erschüttert als Sie wahr-
2874 1378 4572 1501 scheinlich erwartet haben:- bei aller Bewunderung für
2863 1494 4545 1599 B.- manche seiner Anlagen und manche seiner Neigungen
2874 1621 4491 1744 lassen ihn zur Darstellung kräftiger Menschen nicht
2880 1735 4545 1862 sonderlich geeignet scheinen; hingegen kann uns sein
2863 1836 4521 1974 Credit u. seine Bedeutung (nicht gerade seine Eignung)
2863 1961 4506 2110 die Rolle des Francesco beträchtlich heben und - was
2863 2091 4473 2218 hoffentlich nicht nöthig sein wird - im letzten Akt
2863 2213 4532 2323 retten. Ky. hat immerhin das gute, Elemente von Kainz
2874 2332 4473 2433 und Rittner aus zweiter Hand in sich zu vereinigen;
2867 2426 4565 2580 spricht gut, wenn er nicht in ein maniristisches Hetzen
2874 2549 4539 2696 verfällt, und hat Haltung, wenn auch keineswegs Grösse.
2863 2679 4622 2821 Wir wollen an ihn glauben.- Sommerst. hat für den Andres
2874 2795 4622 2964 tie die nöthige Würde und den Rest von Jugendlichkeit,
