4907 4007
1097 349 1350 532 1 1 = = =
888 650 1721 805 40 Wien, 19.Juni 1905.
308 768 1972 938 Lieber Freund, vielen Dank für Ihre beiden Briefe, die
314 910 1985 1060 3 Wochen auseinanderliegen. In Hinsicht auf den Eins.
327 1030 1976 1178 W. hab ich Ihrem Rathe gefolgt und vorläufig weitere
323 1143 1994 1289 Verhandlungen abgelehnt. Ueber den Fähigkeitsgrad des
325 1263 2061 1411 Fräulein Sikora fehlt mir das Urtheil, jedenfalls war es
334 1396 1996 1520 ihr erfreulich zu hören, dass für später ihre Chancen
325 1516 1139 1666 nicht ganz verloren sind.
338 1629 1900 1752 Meine Sommerpläne? In etwa 10 Tagen fahre ich mit
349 1728 2039 1902 Frau, Kind und Teunisbällen (statt der Kegel) nach Rei-
345 1861 2042 2000 chenau,woselbst wir etwa 3/-4 Wochen) zu wohnen geden-
358 1989 1946 2111 ken. Viel mehr wird, aus allerlei Gründen, in diesem
356 2105 2039 2247 Sommer nicht herauskommen, insbesondere ist mir der Ka-
356 2218 1976 2367 rersee zu entlegen, Aber sagen Sie mir, wie Sie Ihre
373 2330 2011 2467 sückreise von Tirol einzurichten gedenken. Vielleicht
356 2458 1989 2585 fügt es sich, dass man sich Mitte August in Salzburg
373 2587 1852 2716 oder umgegend auf ein paar Tage finden könnte.-
369 2683 2042 2842 Der Inhalt der Notiz über den mangelnden einzigen Be-
382 2790 2122 2951 sucher war mir schon früher bekannt geworden; es bleibt
3924 683 4260 833 (19.6.05.)
2720 792 4410 955 mir noch immer räthselhaft, wieso das nicht öfter vor-
2733 942 4358 1067 kommt;man kann sich aber nurzvorstellen wie oft vor
2733 1080 4369 1184 1-2 putzend Menschen gespielt wird. Dass sogar die
2733 1202 4456 1304 Weber manchmal,z.B.wenn Prinzessinnen einziehen,mässi
2733 1331 4354 1429 gere Häuser machen, hab ich auch gealnnt; es wird aber
2746 1451 4402 1568 das gleiche von manchen andern Stücken behauptet, die
2746 1549 4456 1697 am Lessingtheater in Szene gegangen sind. Ich halte es,
2746 1656 4485 1791 wenn mir eine Meinung gestattet ist, nicht für unmöglich
2764 1795 4517 1911 dass Sie, bei abwohslungsreicherem Repertoire, vielleicht
2755 1898 4419 2013 selbst an Prinzessinnen-und Einzugstagen bessere Häu-
2764 2035 4367 2138 ser erreichen könnten; ja mir gehen sogar die Namen
2764 2144 4454 2249 einzelner Stücke durch den Kopf, die Sie wieder aufneh-
2753 2271 4448 2378 men wollten und von denen man behaupten kann, dass sie,
2757 2375 4443 2504 selbst, oder wenigstens in Kassenhinsicht, aussichtsvol-
2764 2508 4341 2644 ler gewesen wären, als manche 40.-60. vorstellung.-
2761 2609 4502 2748 Die Behauptung Fischers hab en Sie mit Recht bestritten;
2757 2761 4367 2864 heute dürften sie es kaum mehr; da ich das eine der
