4907 4007
4024 674 4366 780 13.8.1904.
3965 760 4341 851 Wien XVIII.
1712 743 2008 870 (8.8.04.)
2819 824 4480 981 Lieber Freund, ich habe also an Reinhardt geschrieben,
298 879 1977 1014 könnten, und habe die Absicht, Reinhardts Telegramm zu-
2830 972 4529 1102 dass ich mir wie immer sich die Dinge weiterentwickeln
320 1049 1953 1166 sagend zu beantworten. Sie aber sollen es früher er-
2836 1082 4529 1216 mögen, die Bestimmung des Augenbliks vorbehalte,in wel-
322 1166 1988 1254 fahren, als jeder andre, damit eventuelle Missverständ-
2836 1212 4474 1331 chem irgend eine Motiz über die Angelegenheit in die
322 1283 2010 1382 nisse von vornherein unmöglich werden; daher diese Be-
2827 1311 4604 1461 Oeffentlichkeit dringen darf und dass ich die Einsendung
333 1399 2008 1514 nachrichtigung, die sonst kein besonderes Interesse zu
2827 1470 4511 1598 der 3 Einakter (die noch nicht erfolgt ist) vorläufig
337 1538 1432 1631 beanspruchen sich erlauben möchte.-
2841 1562 4529 1703 jedenfalls als einen privaten Akt auffasse und diesel-
350 1635 1977 1745 Das neue...soll ich wirklich wagen, es „Lustspiel" zu
2863 1659 4606 1809 be Betrachtungsweise von seiner Seite beanspruche“).-Ein
333 1763 1994 1886 nennen?.. leichte wolken ziehen wieder auf-nun wie im-
2841 1818 4533 1964 ganzer Abend für mich allein ist mir natüd ich a prio-
346 1889 1917 1990 mer; es „schreitet“ vorwärts und gestern hab ich, in
2854 1922 4511 2047 ri lieber als ein mitgefangen- mitgehangener,und mei-
357 2014 1642 2102 erster Schlampschrift, den 2.Akt begonnen.
2852 2056 4562 2175 ne Ansicht dass speziell dieser Abend in seiner ganzen
353 2116 2043 2235 Wie wird Ihnen unter dem unbegreiflichen blauen Himmel
2860 2151 4546 2299 zusammenstellung sich für ein kleines, ja für das klei-
364 2239 1997 2334 dieses seltsamen Jahres? Ich bin im Grunde sehr froh
2869 2299 4575 2418 ne eher eignet als für ein grosses Theater, dürfte auch
361 2356 2094 2468 darüber, in manchen Stunden beinah beglückt, und das Wort
2854 2420 4520 2530 bei Ihnen kaum auf Widerspruch stossen. Hingegen bin
364 2477 2030 2581 Sommer beginnt einen Sinn zu bekommen, der hierzulande
2869 2523 4579 2649 ich wenig mit Ihrem freundlichen Einfall einverstanden,
368 2596 2102 2717 schon vergessen war.Gestern waren wir mit Bahr zusammen,
2865 2633 4496 2777 die „Diteratur“ zum Kongre’schen „Ehrenarzt“ und zu
381 2724 2012 2816 der vergnügt und recht wohl scheint.-Viele Grüsse an
2878 2752 4586 2894 Medaille oder Eindringling dazuzugeben-hauptsächlich
370 2792 1208 2889 Hauptmann.- Herzlichst Ihr
1177 2838 1342 2953 A.S.
2871 2852 4306 2986 *)Ich warte Rh.'s Antwort ab, eh ich einsende.
