2526 4103
1594 807 1882 929 30.3.99.
366 923 2095 1076 nur die Verwirrung ins Unangenehne.Seien sie doch nicht
370 1065 1981 1175 eigensinnig,unll geben Sie jetzt gleich nach,Sie er-
364 1190 1966 1278 leichtern dadurch dem Tessing das Arrangement sehr.
370 1302 2072 1409 Einige Bemerkungen der Sevenine über die jungen Leute,
379 1405 1996 1510 und das Spiel zwischen dem Wirth und keinlässt sich
379 1527 2048 1652 dennoch fauswirck. Und wie ist es mit dem Einschieb-
383 1656 2052 1768 sel zur Erklärung für Henri's scene, von der ich Ihnen
383 1755 1992 1880 in Wien sprach? Ich bitte Sie nochmals, im Interesse
383 1878 2100 2007 des Verständnisses, es zu machen, und zwar bal dmöglichst.
600 2022 1134 2147 Herzlichen Gruss
1099 2145 1224 2231 Ihr
1226 2244 1372 2347 O.B.
