5060 4105
2100 427 2302 555 1 - 11
761 425 955 550 Monsieur mai
1622 829 1891 941 25.2.02.
377 896 2111 1029 Beschenken wollen wir aber doch festhalten, nicht wahr?-
380 1029 2141 1116 Auf das Grau-Schauspiel bin ich freilich weniger neugie-
380 1119 2111 1247 rig, als auf die andern schönen Sachen (incl.des Romans,
380 1244 1604 1366 so engherzig sind wir „Ochsen“ nicht).
380 1359 2096 1487 Denken Sie, ich bin bei dem Schönherr absolut nicht auf
380 1478 2118 1613 den Geschmack gekommen. Schlenther hatte ihn schon vor-
386 1599 2138 1718 her mit empfohlen. Begreifs, wer kann. Wie sagt Anzengru-
380 1707 2058 1824 ber? Alle Directoren sind.... Natürlich mit Ausnahme
380 1835 883 1972 von Schlenther.
380 1939 2085 2078 Um die Reise, die Sie vorhaben, und das schon jetzt eta-
377 2073 2154 2199 blierte Pandelsystem zwischen Stadt und Land beneide ich
386 2192 2154 2305 Sie; dieser Winter liegt schwer auf mir (oder ist es das
380 2300 2159 2424 Alter?) und ich wollt es wäre Schlafenszeit. - Was macht
386 2408 2129 2547 denn eigentlich der liebe Hugo, er schweigt ja in sieben
380 2590 622 2666 Zungen?
881 2648 1444 2788 Herzlich grüssend
1509 2756 1682 2902 O.B.
4311 398 4733 564 Votre très-Monsieur.
3722 806 4284 923 Berlin, 1.3.1902.
3275 982 4034 1128 Lieber Herr Schnitzler,
2922 1119 4612 1233 einen Termin kann ich Ihnen wohl fixieren und thue es
2922 1224 4690 1375 gern, um die Stücke allein zu behalten - aber eine Garan-
2929 1361 4589 1474 tie kann ich für alten Besitz unmöglich leisten! Wol-
2922 1480 4641 1604 len Sie also die pecuniäre Sicherheit geniessen, die Ih-
2929 1577 4647 1718 nen das Sch.-Th. bieten kann, so geben sie ihn die Stük-
2929 1714 4647 1808 ke in Gottes Namen; das Aufführungsrecht bleibt dem Dt.
2922 1824 4537 1921 Th. ja, und ich kann dann etwa später auf die beiden
2922 1927 4607 2022 Werke zurückgreifen. - Als Termin könnte ich Ihnen ev.
2922 2071 4589 2161 den 1. März zusichern, indem ich aus zwei Gründen keine
2922 2186 4594 2269 frühere Zeit garantieren möchte: erstens weil ich hof-
2911 2300 4600 2392 fentlich im vorhergehenden Theil der Saison von Ihnen
2911 2386 4683 2507 etwas Neues aufzuführen habe, und dann weil ich noch ein
2904 2541 4609 2646 Stück von pernstein, „Mali“ habe, das eine gewisse Aehn-
2916 2628 4621 2727 lichkeit mit dem Stoffkreis der „Liebelei“ besitzt, und
2916 2765 4722 2853 das ich deshalb nicht in zu grosse Nähe der älteren Freun-
2916 2884 4553 3019 din rücken möchte. Aus diesen Gründen würde ich also
