5041 4088
1752 753 2105 957 21.6.10.
1132 746 1299 959 271.
404 921 2145 1119 dass ich auf den Semmering gehe. Da wollen wir auch die
406 1074 2087 1212 Zeitfrage abhandeln, die ein bischen kompliziert ist,
422 1168 2169 1370 bei Ihnen wie bei mir; aber ich bin gewiss, wir zwei wer-
417 1305 2129 1443 den keinen Richter brauchen. Wenn Sie einfach „Novität
433 1399 2129 1574 Nr.3" accep-tieren (1. Björnson,2.Hirschfeld) sind wir
431 1541 2136 1683 gleich im Reinen. - Ich möchte Ihnen dann, in Wien oder
431 1641 2142 1798 auf dem S., auch noch einige Eindrücke und Einwendungen
435 1805 2207 1909 gegen Einzelheiten (macht zusammen: 1 + 1 1 = 3) sagen;
440 1907 2151 2034 z.B. ist die Exposition, auch jetzt noch, nach meinem Ge-
428 1996 2102 2138 fühl unnötig umständlich und bequem; der Schaden wäre
440 2142 2120 2300 aber leicht zu beheben. Wegen der Dekorationen lassen
448 2260 2129 2373 Sie hoffentlich mit sich reden, der fortwährende Umbau
460 2373 2093 2509 würde grade in diesem Stück sehr fatal unterbrechen;
442 2462 2227 2606 ich liesse, wenn ich A.S. wäre,I,II,IV,V im selben Garten-
464 2624 1585 2751 teil spielen. Wenn schon, denn schön!
451 2706 2142 2875 Ich denke Ende Juni oder Anfang Juli, also in nächster
453 2846 2178 2966 Woche, früh Morgens nach Wien zu kommen. Treffe ich Sie
453 2933 2220 3130 da - worüber ich baldigst Nachricht erbitte - so bliebe
3625 735 3849 966 271.
4229 766 4535 948 21.6.10.
2884 906 4633 1117 ich bis zum Nachmittag, um dann bergauf zu fahren.- Wenn
2890 1050 4658 1212 Kaizens Zustand so ist, dass er nicht bald auf den Semme-
2890 1170 4580 1339 ring kommt,- worüber ich sie gleichfalls mir zu schreiben
2893 1303 4098 1459 bitte - möchte ich ihn auch besuchen.
3124 1430 4651 1561 Herzlich, mit allen guten Grüssen für die Ihrigen
3472 1552 4069 1696 Ihr alter Verehrer
4027 1658 4182 1772 O.B.
