2504 4103
1899 397 2095 534 5,1
964 802 1099 920 24.
1374 810 1916 947 Berlin, 5.1.1898.
901 981 1629 1120 Lieber Herr Schnitzler,
502 1076 2165 1234 das ist nicht schön, dass Sie mich „lieber Herr Direc-
513 1207 2175 1348 tor" anreden, ich nenne Sie ja auch nicht: lieber Herr
511 1355 2110 1458 Doctor medicinae; aber sonst hat mich Ihr Brief er-
513 1454 2142 1604 freut und ich sehe mit Ungeduld Ihrer Sendung entge-
517 1568 2175 1711 gen und werde mich in den besten Stuhl in der besten
513 1724 2142 1810 Laune setzen, um sie zu geniessen. Von den Titeln ge-
517 1840 2152 1954 fallen mir die beiden verworfenen besser als „In der
517 1954 2184 2045 Familie", den finde ich nichtssagend. „Das Vermächtnis“
523 2061 2188 2167 oder ein dem ähnlicher Begriff,falls ein anderes Wort
525 2173 2061 2279 dafür gefunden wird, wurde mir ganz wohl gefallen.
833 2281 2186 2389 Ueber „Kaiser und hexe“ bin ich leider noch
532 2431 2180 2543 immer meiner Meinung und fürchte,Sie sind meineidig!
525 2549 2114 2675 Nicht nur vom Theater aus gesehen, auch literarisch
538 2682 2232 2770 leuchtet es mir wenig ein, und selbst den etwas gebrech-
528 2773 1473 2899 lichen „Fächer" ziehe ich vor.
846 2891 2129 2988 In der Burckhardtfrage habe ich kein Wis-
536 3005 2203 3127 sen; und nach Wien komme ich jetzt lieber nicht, sonst
