2526 4103
1521 427 1656 541 18
1645 781 1906 891 10.9.98.
486 839 2184 955 ben werden demnach schon in der übernächsten Woche be-
488 1011 2123 1114 ginnen können. Haben Sie deshalb die Freundlichkeit,
486 1099 2197 1222 wenn Sie im zweiten Akt die 14.Soene zwischen Emma und
486 1217 2130 1347 Ferdinand noch umarbeiten wollen,wie es Ihre Absicht
483 1329 2070 1466 war und auch mir würschenswert ers scheint, dies noch
486 1450 2063 1582 möglichst bis dahin zu thun, damit wir später keine
479 1571 2099 1680 Schwierigkeit haben. Auch möchte ich Sie bitten, den
488 1680 2034 1830 Tod des Kindes noch mit ein paar kleinen Strichen
483 1801 2141 1920 stärk er vorzubereiten. Denn jetzt sieht es beinahe so
483 1931 2126 2032 aus, als ob die blosse Störung des Nachmittagsschlafs
479 2014 2278 2182 dazu genügt hätte, was leicht einen komischen Beigeschmack
474 2144 1087 2235 hervorrufen könnte.
785 2251 2126 2349 Haben Sie denn nun ausgeradelt? Vielleicht
474 2394 1745 2484 hole ich Sie in Wien zur Berlinfahrt ab!
790 2463 1199 2589 Viele Gris se
1188 2622 1369 2763 Ihres
1407 2678 1560 2766 O.B.
