4905 4008
1557 642 1927 787 (2.11,03.)
346 802 2052 947 entsprechend) gespielt;...wer heute?- Frau Wegrath ist
357 897 1990 1060 die Dame, die nicht von der Poelwitz gespielt werden
357 1038 1914 1185 darf, Es muss noch ein Hauch von Erotismus um sie
357 1161 2022 1285 schweben, und ich sähe sie lieber von einer zu jungen,
357 1265 2005 1399 als einer zu alten Person dargestellt.- Felix, trotz
346 1408 2063 1505 Jugend und Uhlanenuniform, wäre auch heut noch bei Ritt-
363 1525 1998 1652 ner am besten aufgehoben - aber mir ist, als wenn Sie
370 1648 2022 1762 für Julian Fichtner absolut keinen andern hätten als
346 1741 2033 1897 gerade Rittner. Kann aber Herr Hieder (sonst kommt ja
363 1888 2009 2002 keiner ernstlich in Betracht) die Rolle des Felix be-
357 1990 2031 2139 wältigen? Bringt er das intellektuelle mit? - Johanna
363 2124 1682 2240 Frl. Triesch ist wohl selbstverständlich.-
357 2225 1946 2381 Julian - Rittner ja... Aber wenn Rittners den Felix
363 2348 2028 2502 spielen muss? Julian ist so schwierig als.. leder un-
357 2485 2085 2617 dankbar; es liegt im Lauf der Begebenheiten, dass er un
357 2576 1966 2733 allen, u. scheinbar auch vom Dichter fallen gelassen
363 2710 1983 2846 wird - denn dass einer zur Einsicht kommt, hat ihn
357 2835 1998 2960 auf dem Theater noch nie gerettet. Hier bedaure ich,
4091 664 4448 802 (2.11.03.)
2880 802 4582 952 dass Mitterwurzer zur Unsterblichkeit eingegangen ist,
2885 943 4511 1079 statt noch eine Weile, u. diesmal in Berlin, sterblich
2889 1060 4552 1189 zu bleiben.- Sala, ist „die“ Rolle schlechtweg - Bas-
2898 1168 4572 1315 sermann ist der Schauspieler schlechtweg - die beiden
2915 1295 4498 1421 werden sich unschwer finden. Wäre auf Sauer noch zu
2898 1416 4550 1531 rechnen - ich höre, dass er heuer wieder sehr leidend
2909 1540 4476 1674 ist - so könnt man auch an eine Besetzung Julian -
2911 1659 3983 1793 Bassermann; - Sala - Sauer denken.
2909 1762 4582 1920 Irene Herms verlangt wohl nach der Persönlichkeit der
2915 1886 4595 2026 Lehmann, u. ich verzichte gern auf den leichten Anklang
2922 2002 4559 2130 von Dialekt, wenn ich daftir so viel Seele gewinne, als
2928 2156 3817 2281 die Lehmann zu geben weiss.
2922 2227 4576 2366 Der Arzt, allerdings die kleinste Rolle,wird trotzdem
2950 2338 4621 2506 hoffentlich nicht einem Herrn... Nein, ich will keinen
2956 2480 4613 2606 Namen nennen... Sie werden den Darsteller nicht unter
2945 2604 4606 2725 den zehn schlechtesten auswählen.- Weiteres sei nach
2958 2694 4697 2861 Ihrer mit beträchtlicher Spannung erwarteten Erwiderung
