2532 4103
1481 391 1664 542 1.¼
982 740 1084 842 30
1127 803 1777 958 Berlin, 26.März 1898.
326 948 1164 1082 Herrn Dr.Arthur Schnitzler
1302 1008 1561 1088 Wien IX.
1269 1064 1690 1185 Frankgasse 1.
678 1179 1502 1304 Sehr geehrter Herr Doctor!
332 1295 2018 1412 Zuvörderst bitte ich Sie um Entschuldigung, dass meine
343 1373 2064 1509 Antwort bis heute hat auf sich warten lassen. Ich hatte
345 1492 2057 1643 wirklich im Drange der Geschäfte Ihr gefälliges Schrei-
356 1606 2014 1770 ben und die Erledigung der Sache aus den Augen verlo-
348 1755 1893 1878 ren. Beifolgend erhalten Sie nun den Vertrag über
367 1880 1997 1997 "Vermächtnis" mit der Bitte um gefällige Rücksendung
361 1997 2021 2122 desselben mit Ihrer Unterschrift,worauf Ihnen der Ge-
361 2129 1975 2243 genvertrag zugehen wird. Den Aufführungstermin habe
358 2247 2092 2344 ich aus praktischen Gründen bis zum 1.Jänner erweitert,
367 2353 1982 2465 weil es nicht mögl ich ist, sich so eng zu binden und
365 2487 1967 2580 dies auch keinem anderen Autor gegenüber geschieht.
363 2597 2018 2707 Es ist das aber nur eine nothgedrungene Vorsicht und
373 2681 2081 2815 Sie können sicher sein, dass wir das Erforderliche thun
367 2815 2049 2942 werden, um das Stück zu einer günstigen Zeit herauszu-
