4906 4167
3642 420 4251 617 Votre trèsse, jusqu'à l'aigre
1588 887 1868 1033 30.9.96.
4101 891 4448 998 (30.9.96).
435 1007 2110 1110 effekt handeln, so wäre ja dieser Widerwille zu berück-
2884 1035 4497 1121 Sie wis sein auch, wie sehr ich geneigt bin mich Ihrer
441 1148 2070 1232 sichtigen-hier aber, wo das Erschossenwerden des Paul
2890 1148 4591 1232 Einsicht immer zu beugen(wenn Sie nicht gerade Strumpf-
435 1262 1978 1348 der logische unddramatische Abschluss des ganzen
2888 1277 4454 1352 wirkerskinder beseitigen) und wis sen nicht minder,
435 1382 2117 1489 Stückes ist, wäre es eine Unehrlichkeit, diesen nothwen-
2890 1393 4551 1461 dass ich alles eher bin als eigensinnig oder gar ver-
426 1485 2134 1609 digen Abschluss hinter die Szene zu verlegen.Und noch
2877 1453 4546 1594 liebt in meine Einfälle - aber das sind nur ein paar
448 1605 2078 1716 dazu eine, auf die selbst die geistig minder bemittel-
2884 1624 4544 1697 Gründe mehr, die Sie veranlassen müssen mir beizustim-
454 1735 2104 1830 ten kämen.-Seien Sie, mein verehrter Herr Direktor, nur
2877 1731 4596 1845 men und mich nach meiner Facon selig werden oder durch-
441 1823 2128 1967 ganz überzeugt, dass ich die mancherlei Fährlichkeiten,
2895 1858 3475 1952 fallen zu lassen.-
439 1967 2057 2076 die für den Erfolg des Abends drohen, zu überschauen
3074 1988 4394 2125 Herzliche Grüsse von Ihrem treu ergebenen
441 2102 2119 2166 vermag;aber es ist mir vollkommen unmöglich, aus ledig-
3904 2110 4062 2232 A.S.
441 2192 2080 2314 lich äussern Gründen etwas gegen meine künstlerische
2901 2256 4448 2415 (Es folgen noch ein paar Aenderungen von geringer
458 2344 1960 2406 Ueberzeugung zu thun.Die wirkliche Verantwortung
2895 2391 3267 2496 Bedeutung).
452 2438 2108 2552 habe ja doch am Ende ich-und nochmals wiederhole ich,
454 2580 2164 2652 dass, wenn das Stück nicht bereits vor dem gefährlichen
458 2695 2044 2785 Schluss zu Grund gegangen ist,- der Schluss wird es
454 2772 2149 2897 nicht auf die Dauer zu Grunde richten- und wenn mit Ne-
465 2929 1292 3051 belhörnern gepfiffen wird.
