4914 4167
1522 818 1822 958 (9.2.98.)
410 941 2059 1099 aufführung in Berlin, wenn noch heuer, nach dem 20. März
410 1079 2083 1194 erlebt. Wir wissen ja beide, wie früh die Saison sohon
399 1196 2014 1328 schlecht zu werden beginnt, und wie verhältnismässig
410 1302 2105 1431 spät sie gut zu werden beginnt. Wenn Sie also die Güte
417 1403 2098 1565 haben, mir den Vertrag zu schicken, so bitte ich Sie die
406 1565 2038 1669 Klausel einzufügen, dass das Stück entweder in dieser
410 1680 2059 1792 Saison spätestens 20.März oder aber erst in der näch-
408 1794 1958 1913 sten Saison zwischen 1.Oktober und 1.Dezember zum
414 1893 2049 2051 erst en Male aufgeführt wird. Ihre Entscheidung bitte
408 2023 1338 2141 an meine Wiener Adresse! -
423 2135 2023 2249 Noch bin ich Ihnen herzlichen Dank schuldig für Ihr
406 2269 2090 2392 Telegramm, mittelst welchem Sie mir zum Carltheater-Er-
410 2401 2044 2519 folg des „Freiwild“ gratulierten. Die Aufführung war
430 2508 2096 2616 sehr ungleich; Leistungen ersten Ranges neben Provinz-
417 2595 2090 2722 leistungen. Auffallend gut wirkt jetzt immer eine Sze-
423 2750 2055 2867 ne, die ich seit Berlin ganz verändert habe (2.Akt. 2.
410 2824 2133 2983 Auftritt.) Die antisemitischen Journale versuchen mich
3957 822 4274 1002 (9.2.98.)
2809 978 4503 1092 zu beschimpfen - und auch in vielen andern merkt man
2821 1075 4555 1215 das Bestreben des betreffenden Referenten mitzutheilen,
2824 1202 4343 1334 dass sie für ihre Person ungeheuer muthig seien
2824 1310 4423 1425 und dem Tod mit Vergnügen ins Angesicht schauen und
2809 1444 4441 1561 dass es doch eigentlich ganz selbstverständ ich sei,
2815 1563 4412 1671 wenn man einmal einen Offizier geohrfeigt habe, dass
2811 1692 3881 1811 man da niedergenacht werden müsse.
2800 1787 4419 1904 Beer-Hofmann will nachtmahlen, also muss ich schlies-
2800 1910 4352 2025 sen; er lässt Sie schön grüssen, und ich will auch
2804 2049 4065 2148 nachtmahlen und grüsse Sie noch schöner,
3037 2161 3372 2271 Ihr treuer
3385 2165 3534 2301 A.S.
2787 2271 4417 2435 Noch etwas sehr wichtiges: Keineswegs die Schneider.
2804 2403 4454 2543 Natürl ich die Lehmann - und wenn aller Dialekt drauf-
2787 2534 2979 2685 geht.
