5157 4104
1503 762 2047 934 Wien, 6.6.1900.
960 975 1696 1053 Lieber Herr Schnitzler,
727 1068 2386 1159 ich muss Ihnen leider vermelden, dass sich Sauer heute
714 1188 2460 1283 Früh krank gemeldet hat. Er hielt sich gestern nur kaum
721 1324 2304 1396 aufrecht, und es ist keine Aussicht, dass er so bald
734 1390 2375 1526 wieder spielt. Ichbliess die Probe von „Freiwild“ an-
714 1550 2345 1641 fangen, schickte zu Winterstein, der aber nicht gefun-
727 1659 2375 1744 den wurde und musste, nachdem alle Möglichkeiten erwo-
721 1744 2295 1863 gen und keine ausreichend befunden wurde, die Probe
725 1917 2299 1993 aufheben und die Vorstellung absetzen. Ich brauche
714 1998 2280 2106 Ihnen nicht erst zu sagen, wie sehr ich Ihretwegen
714 2091 2375 2226 diesen Unfall bedauere, der auch für mich künstlerisch
714 2206 1624 2345 und praktisch betrüblich ist!
721 2328 2378 2462 Heute um 1/2 6 wollte Hofmannsthal zu mir kommen und wir
721 2423 2286 2590 werden vielleicht „weit hinaus“ fahren, wo Sie uns
714 2562 2397 2710 schwer nachkommen. Ich verständige Sie aber doch noch,
721 2718 2417 2814 wenn es geht. Sonst nehmen wir wohl den morgigen Abend
710 2797 2406 2936 in Aussicht, der auf so unerfreuliche Weise frei gewor-
721 2899 1700 3070 den ist?- Herzlich grüssend Ihr
3934 740 4516 895 Berlin, 12. 6. 1900.
3131 905 4825 997 Lieber Herr Schnitzler, das Fräulein hat einen innigen
3137 990 4851 1114 Ton der Empfindung, aber noch ganz wenig Bühnengeschick
3137 1101 4790 1225 ihr Inneres empfiehlt sie mehr als ihr Aeus seres und
3148 1229 4855 1353 ich bin nicht sicher, ob dieses nicht stärke re Hinderun-
3131 1337 4703 1457 gen ihr bringen wird, als jenes Förderung, für ein
3122 1457 4807 1607 norddeutsches Ohr hat auch der Ausdruck ihres an sich
3124 1581 4731 1724 echten Gefühls etwas fremdartig Weiches und leicht
3131 1724 4762 1826 Sentimentales. Alles in allem: Tal ent unbestreitbar;
3124 1813 4762 1928 aber wenn ich ihr Vormund wäre, würde ich doch sagen:
3137 1937 4742 2074 das Kind soll mir nicht zur Bühne - ausser wenn sie
3131 2058 4772 2165 des Geldes wegen muss und nichts Besseres hat - denn
3122 2191 4844 2297 der Erfolg ist zweifelhaft und sie wird, als „Freiwild“,
3120 2291 4677 2417 viel Bitteres fressen müssen.-Jetzt sind wir also
3114 2438 4783 2532 wieder Berliner,wir „Beriner“: komisches Gefühl! Was
3120 2538 3728 2662 macht die Dramatik?
3459 2666 3991 2786 Herzliche Grüsse
3954 2766 4136 2909 Ihres
4156 2810 4332 2955 O.B.
3192 2838 3893 3085 Über mich, Olga.
