5038 4058
1096 775 1268 916 204
1437 814 1948 975 Wien, 26.5.1906.
918 981 1374 1144 Lieber Freund,
525 1099 2265 1266 ich fahre heute zu Hugo, kann demnach Montag, wegen Kainz-
532 1207 2204 1379 Cumulirung, nicht bei Ihnen essen; und leider muss ich
523 1366 2182 1535 auch den Besuch bei Herrn vol Sala vertagen, weil wir
541 1472 2215 1618 Montag eine Vorm.-Probe brauchen. Falls sich Dienstag
536 1596 2245 1748 oder Mittwoch Möglichkeiten ergeben, schreibe ich Ihnen
547 1791 734 1928 noch.
725 1806 1698 1974 Herzliche Grüsse für Sie Beide
3648 743 3830 925 205
4069 799 4590 975 Wien, 31.5.1906.
3072 966 4768 1094 Lieber Freund, über Nacht hat sich mein Reiseplan geän-
3085 1105 4829 1225 dert: ich bleibe bis Samstag früh, möchte demnach Freitag
3079 1229 4718 1353 Vormittag den Sala nachholen und kann auch, wenn Sie
3085 1355 4827 1461 wollen, bei Ihnen essen. Sollten Sie aber das Teunis vor-
3079 1440 4811 1587 ziehen, so treffen uns Abend, zum unwiderruflich letzten
3079 1587 3815 1754 Mal im Beisl des Meisl.
3789 1694 4075 1824 Herzlich
4345 1806 4757 1937 Jegend, dass ich
4062 1828 4236 1956 O.B.
4195 1900 4790 2047 ausgebenek. Repar-
4236 2050 4751 2147 . Doch auch mein
