5049 4152
1398 420 1983 570 Votre très jusqu'a près avoir
925 813 1084 952 142
1210 879 1767 1012 Berlin, 9.9.1903.
740 1065 1491 1206 Lieber Herr Schnitzler,
309 1157 2025 1312 Fr.Lehmann ist erkrankt an einem Ohrenleiden, liegt in
327 1285 2087 1429 der Klinik, wir haben nun Frl.Triesch für die Anna genom-
322 1414 2094 1559 men, die ihre Sache sehr hübsch macht. Ihr Telegramm hat
327 1564 1416 1652 lichtbringend gewirkt,besten Dank.
983 1668 1449 1780 Eilig, treulich
1513 1873 1679 2017 O.B.
3795 884 4369 1027 Berlin, 29.9.1903.
3311 1084 4051 1226 Lieber Herr Schnitzler,
2876 1208 4647 1354 gern liefereich ja die „literatur“ dem billigen Kollegen
2863 1343 4391 1467 nicht aus; aber da Sie es wünschen - sei's drum!
2876 1467 4636 1586 Ich freue mich, dass Sie bei der Rückkehr zu Ihrem Schau-
2880 1579 4524 1707 spiel so gute Aussich ten sehen und hoffe es nun also
2880 1701 4581 1820 in nicht zu ferner Zeit in Händen zu halten und es „in
2860 1813 3832 1933 gewissem Sinne mein zu nennen.
2876 1919 4546 2054 Dem Suppenspieler würde ich eine Auferstehung lebhaft
2863 2034 4588 2151 wünschen und denke ihn mit dem Antonius von Maaterlinck
2869 2165 4636 2255 zusammenzuspannen, der viel besser ist, als sein Ruf. Lei
2867 2264 4630 2388 der hat die Censur so arge Striche gemacht im „Antonius“,
2869 2394 4630 2472 dass ich noch nicht recht weiss,wie und wann ihn heraus-
2869 2520 3156 2637 bringen.
2876 2644 4581 2726 A propos Censur: Könmen Sie mir vielleicht etwas sagen
2876 2761 4641 2860 (oder in Erfahrung bringen) über die schwarzen Pläne des
2880 2860 4618 2973 Volkstheaters mit den „Webern“. Ich lese so allerlei in
2876 2982 4621 3083 den Zeitungen, woraus ich nicht klug werde; und obgleich
