2532 4103
1661 874 1966 983 1.6.1898.
386 940 2092 1058 über die Neubearbeitung des „Vermächtnisses“, durch die
388 1043 2094 1166 Sie das Stück, wie Sie schrieben, höher bringen wollten?
397 1188 2007 1288 Der Vorsatz war gewiss sehr schön, und meine Segens-
395 1322 1503 1422 wünsche sollen Sie dabei begleiten!
708 1425 2041 1572 Dass es unserm Freund Hofmannsthal in Ber-
650 1495 740 1584 er,
392 1542 2069 1685 lin gut gangen ist, werden Sie gern vernommen haben;
397 1636 2109 1802 mir ist es eine besondere Freude gewesen, und ich hoffe,
401 1774 2054 1887 er wird sich noch oft bei uns und im Deutsch.Theater
407 1906 2113 1992 wohl fühlen. Wollen Sie ihn von mir grüssen?- Ich gehe
403 1998 2090 2107 nächster Tage nach Venedig, wohin Sie mich ja schon in
409 2124 2015 2233 der Charwoche geladen haben, und wohne natürlich bei
395 2235 2088 2363 Bauer-Grünwald; später denke ich mich in Südtirol ein-
407 2399 702 2540 zunisten.
725 2469 1425 2574 Viele herzliche Grüsse
1090 2604 1403 2706 von Ihrem
1465 2693 1621 2809 O.B.
