5037 4151
1652 423 1826 623 :1:1
925 806 1765 908 29 Berlin, 15.4.1903.
676 984 1431 1121 Lieber Herr Schnitzler,
334 1104 2039 1235 ich komme nun erst am Montag Früh nach Wien und fahre
334 1233 1958 1350 um 3 Uhr weiter. Ich werde vielleicht einige Bespre-
334 1354 1939 1471 chungen haben müssen, doch um 1 Uhr denke ich könnte
340 1463 1946 1580 ich bei Ihnen essen,falls dies Ihnens passt,und Ihre
319 1593 2009 1684 Frau Mutter verspricht keine Umstände zu machen: denn
327 1678 1884 1790 es wäre auch denkbar, dass ich zu guter Letzt doch
325 1831 1956 1922 nicht erscheinen könnte. Früh werde ich wohl ins Im-
317 1931 1935 2039 perial gehen und Ihnen von dort aus (falls es nicht
321 2071 2001 2145 schon eher möglich ist) telephonieren, wie die Affaire
327 2177 1863 2281 steht und liegt und sich verhält. Bin ich frei, so
310 2292 1890 2381 kann ich wohl schon gegen 12 zu Ihnen kümmen: oder
310 2420 1905 2505 „geht Ihnen das nicht zusammen?“ Den Hugo hereinzu-
315 2524 1909 2632 sprengen, den ich ja immer gern sehe, hat bei so un-
315 2628 1963 2745 sichern Zeitläuften wohl keinen Zweck, es müsste denn
304 2768 1963 2856 sein, dass er ohnedies in Wien zu tun hätte. Ich denke
298 2887 1884 2985 auf der Rückkunft noch auf einen Sprung (es können
291 3007 1886 3100 auch zwei werden, da ich noch nach Brünn tendire) in
3493 729 3736 904 28/4
4104 774 4380 914 15.4.03.
2802 868 4493 991 W. zu sein, so dass ich jedenfalls hoffen darf,Sie bald
2815 1008 4520 1106 zu sehen, und mir den Inhalt Ihres letzten freundlichen
2819 1118 4478 1233 Schreibens verdeutlichen zu lassen. Was haben Sie ge-
2815 1227 4427 1350 habt, wo sind Sie gewesen, wie haben Sie es gefunden,
2815 1340 4463 1456 eckelhaft oder -? Ich habe keine Ahnung,grüsse Sie
2826 1463 4463 1612 aber nichts desto minder in herzlichster Theilnahme.
3630 1656 3783 1797 O.B.
