2496 4104
1810 813 2077 919 19.7.99.
466 906 2183 1025 wissen doch gewiss, wo das liegt?) absaust; und Sie kön-
455 1019 2232 1132 nen, wenn Sie mit Kärnthen fertig sind, in der That nichts
464 1143 2018 1231 Gescheidteres thun, als herkommen und sich von mir
464 1273 2080 1357 durch meine beständig mahnenden Directionsaugen zum
464 1350 2126 1467 Stücke lichtantreiben lassen. Dann vereinigen sich Ihre
469 1494 2018 1598 Sehnsucht zum Schreiben mit der meinigen (sc.dass
460 1613 2115 1715 Sie etwas schreiben; schlechtes Deutsch, entschuldi-
462 1699 2122 1865 gen Sie) und das Resultat wird eine Helgoländer Frei-
455 1861 911 1956 luft-Dichtung.
745 1967 1425 2071 Also, auf Wiedersehen.
930 2093 1326 2183 Viele Grüsse
1299 2208 1498 2287 Ihres
1494 2314 1635 2409 O.B.
