5037 4151
629 377 994 637 27/1/17 „
979 786 1786 931 312 Berlin, 25.2.1912.
415 1036 2012 1199 Danke sehr, lieber Freund, für Ihren heroischen Brief
421 1172 1983 1316 über den „Wurstl“. Ich habe mit Vergnügen gesehen.
415 1285 2000 1417 dass Ihre Prognose vom baldigen Verschwinden nicht
428 1388 2090 1547 zutraf; beider waren die Berliner Berichte so ungün-
440 1513 1989 1679 stig, dass jetzt eine Aufführung wohl nicht ratsam
453 1618 2113 1786 wäre. Die Verknüpfung Anatol-Mizzi hat sich als nicht
463 1746 2088 1914 sehr anziehend erwiesen, dagegen hat die ghe zwischen
451 1855 2113 2025 Knödel und müder Grazie sich befestigt, und es hat den
470 1964 2159 2136 Anschein, als ob ich zu früh die Flinte ins jüdisch-ti-
470 2088 2077 2262 rolische Korn geworfen habe. Heute, 14te „Mizzi“ und
495 2197 2096 2360 elfte „Erde“, kamen wir auf 3400.- Meine „Frühjahrs-
482 2327 2126 2490 reise“ wird wohl nur bis Eiknet gehen, da ich durch
486 2436 2096 2599 den Semmering noch saturirt, und ziemlich beeinander
505 2566 2082 2727 bin. - vielleicht denkt Ihre Frau, die ich herzlich
499 2662 2061 2845 grüsse,mal an die Cottage-Wohnungsfrage für mich.
522 2790 2168 2945 Mein Programm erweitert sich dadurch, dass mein Neffe,
524 2884 2138 3073 der Schauspielergehilfe, sich bei mir eingeladen hat
3555 824 3717 971 312
4014 855 4360 945 25.2.1912.
2964 989 4612 1084 und mitkommt; ginge ich in die Pension, würde ich ihn
2970 1084 4169 1191 bei mir einmieten; im Sanatorium nicht.
2970 1218 4503 1333 Einen vorsichtigen Vertrag mit B. über „Medardus"
2979 1337 4547 1455 würde ich ihnen anraten können. Ich teile ungefähr
2987 1455 4580 1547 Ihre gute Meinung von ihm; doch was Sie schwarz auf
2987 1568 4675 1679 weiss besitzen, können Sie getroster nach Hause tragen!
2987 1706 4658 1784 Uebrigens hatte ich ihm vor einigen Wochen den „Medar-
2991 1796 4637 1910 dus" grade genannt. Die Rücktrittsklausel kann ja im-
2985 1924 4576 2027 merhin nützlich sein; und wenn Sie ganz vorsichtig
2998 2029 4683 2138 sein wollen, erlegen Sie ihm doch Geheimnis auf bis zun
2987 2168 3551 2270 Rücktrittstermin.
2991 2251 4666 2373 Wollen Sie den Vertrag über „Zwischenspiel“ haben, und
2981 2375 4197 2501 wie ist es mit den Burgtheaterrechten?
3409 2492 3995 2597 Herzlich der Ihre
3937 2614 4104 2717 O.B.
