4910 4024
707 766 868 912 190
1103 793 1716 905 Berlin, 30.12.1905.
725 1004 1205 1136 Lieber Freund,
161 1101 1866 1233 auch ohne Ihren Mahn- und Weckruf hätte ich Ihnen jetzt
161 1242 1888 1383 geschrieben. Somoff hat endlich die Sprache wiedergefun-
154 1355 1874 1489 den,aber leider nur,um mitzutheilen, dass er „die Arbeit
154 1493 1866 1614 nicht übemehmen könne"; Cassirer ist nun doch auf Wal-
150 1584 1857 1738 ser zurückgekommen, der seiner Meinung nach Mitte Januar
154 1716 1890 1846 an die Skizzen herangehen und sie dann schnellstens lie-
143 1830 1843 1956 fern könnte. Da wir dann grade noch zu recht kämen für
143 1936 1892 2055 den „Feber", habe ich C. ersucht, das Weitere zu veranlas-
154 2046 1782 2183 sen, worauf ich nun aber heute wieder erfahre, dass W.
143 2152 1841 2295 „auf einige Tage" verreist sei. Sollte es mit ihm doch
143 2273 1808 2403 nichts werden, trete ich mit Cristoph in Verbindung, zu
150 2385 1888 2537 dem auch Heilb-ast ich habe mir erlaubt, ihm das Stück zu
137 2511 1857 2650 geben, das ihm einen sehr starken Eindruck machte - sei-
130 2628 1892 2753 nen Segen aussprach. Ich selbst habe den „Ruf“ auch noch-
137 2749 1868 2887 mals mit Freude gelesen; was den 3.Akt anbelangt, so bin
143 2861 1905 3013 ich zwar nicht der Bühnenwirkung sicher, trotz vieler fei-
137 2980 1852 3154 ner, neuer Momente, -zu irgend welchem Einwand im Einzel-
3246 782 3403 932 190
4099 877 4401 976 30.12.05
2740 1007 4412 1092 nen habe ich aber gar keinen Anlass.- Die Triesch, die
2740 1125 4447 1198 sich auf Marie freut, petitionirt sehr um ein Buch; kön-
2733 1240 3647 1328 nen wir bald Exemplare haben?
2956 1366 4462 1436 Die präsumtive Katharina ist am Mannheimer Thea-
2733 1469 4365 1551 ter gewesen,hat dort den Tenoristen Kraus geheiratet
2733 1608 4401 1683 und lebt hier mit ihm, drängt wieder zur Bühne. Talent
2722 1727 4346 1848 hat sie und sieht gut, wenn auch nicht grade schwind-
2733 1832 4394 1969 süchtig aus; schöne Augen. Sie studiert die Rolle und
2740 1951 3740 2020 nächst ens soll sie sie sprechen.
2936 2051 4376 2134 Nun aber Jrene - das ist ein schwieriger Fall.
2722 2172 4383 2253 Schwierig insofern, als die Schauspielerin, die die
2733 2266 4449 2365 eigentümlich gequälte Leidenschaft der Gestalt stilvoll
2722 2357 4438 2495 herausbrächte,mir nicht bekannt ist; wäre sie mir aber
2740 2471 4511 2632 bekannt und erreichbar, so würde mein Wunsch, sie zu gewin-
2729 2590 4423 2727 nen, höchst wahrscheinlich daran scheitern, dass sie die
2722 2700 4453 2848 kleine, im schauspielerischen Sinne nicht dankbare Rolle
2709 2832 4442 2971 nicht übernehmen würde! Diese Erwägung ist schmerzlich,
2729 2945 4370 3095 wie jeder Verzicht auf das Vollkommene, aber ich sehe
