5085 4057
988 680 1156 808 218
1801 715 2118 823 22.10.07.
368 869 2060 1026 Umstand, um alle meine Hoffnungen auf eine Schnitzleri-
374 980 2109 1118 sche Urpremiere scheitern zu lassen.- Wenn ich kein neu-
381 1065 2093 1235 es Stück zum H....... bringe, dann möchte ich eines wäh-
387 1213 2036 1418 len, dass sich als Schluss des Abends empfiehlt, deshalb
398 1321 2027 1512 (und auch wegen des B.-Urlaubs) möchte ich von Ihnen
396 1453 2067 1589 anderen Vorschlägen zunächst absehen.- Da Sie mit dem
403 1576 2098 1726 Roman nun „so weit" sind, steht ja doch dem neuen, „grös-
414 1691 2056 1820 seren" Drama gar nichts im Wege; also hoffe ich sehr,
416 1803 2140 1950 dass Sie wirklich mit Volldampf herangehen; alles äusse
420 1893 2124 2082 re Theater mögen Sie daher, nebst den andern Eckckelhaf-
420 2052 2192 2210 tigkeiten des Daseins, mit einem dichten Beatricen-Schlei-
420 2146 2085 2318 er der Vergessenheit bedecken! In diesem Sinne grüsst
436 2305 1098 2417 Sie Beide herzlichst
1171 2432 1332 2562 O.B.
3507 696 4387 834 219 Berlin, 4.11.1907.
3478 918 3940 1039 Lieber Freund,
2930 1006 4561 1182 ich kann mich für diese Saison aus mehreren Gründen
2928 1136 4638 1281 noch nicht verpflichten, die „Leb.St." zu spielen,will
2930 1239 4209 1387 es aber für nächste thun. Einverstanden?
3427 1356 4000 1521 Herzlich grüssend
4229 1393 4598 1543 und die Rede
4048 1541 4592 1684 O.B.
3865 1655 4603 1803 allen Sie lieber kommen?
4123 1757 4618 1889 Und dann bringen
3027 1847 3368 1970 te entschei
4222 1875 4579 2005 Eirekter mit
3170 1924 4017 2089 xxx abendfallenden, vielprocurs
3837 2016 4396 2151 letzt - Ihre Frau.
3452 2067 3773 2177 Das Beste
3782 2159 3940 2272 G.H. N.P.
