4906 4167
1134 832 1540 936 Wien, 7.1.97.
676 976 1588 1076 Mein verehrter Herr Direktor,
428 1087 2002 1177 das ist wirklich sehr liebenswürdig von Ihnen, dass
426 1209 1993 1297 Sie mir diese wunderbare Empfehlung für Salten ge-
428 1303 2066 1423 schickt haben; sie wird wohl am stärksten ins Gewicht
428 1452 2000 1533 fallenund am besten seine Abmichten fördern.Er hat
446 1556 1569 1669 Ihmeen wohl schon selbst geschrieben.
428 1669 2095 1775 Auch für die rasche Erledigung des Bahr'schen Stück es
428 1797 2005 1905 muss ich Ihnen bestens danken;auf den Bescheid, der
428 1921 2122 2034 gekommen ist, hat te ich ihn, wie Sie sich denken können,
435 2043 1838 2133 schon vorbereitet,und so trug er ihn gefasst.
435 2124 1987 2269 Ihre freundlichen Wünsche für 97 sollen,wenn über-
435 2287 2068 2377 haupt, erst im Frühjahr in Erfüllung gehen; denn unser
428 2397 2007 2508 grauer Winter lastet diesmal auffallend schwer auf
428 2510 2007 2609 meiner Stimmung und meinem Befinden. Ich habe eine
428 2636 2075 2738 grosse Sehnsucht nach dem Bicyclefahren, und wenn ich
428 2738 2084 2855 mir eine schöne Zukunft vorstellen will,so denke ich
433 2859 1989 3008 mich auf eine Wiese hingestreckt, das Rad an einen
4061 958 4381 1096 (7.1.97.)
2853 1085 4548 1233 Baum gelehnt, und mich unter freiem Himmel und in ange-
2853 1211 4587 1324 nehmer Wärme und fern vom Strassenlärm eine gesunde und
2859 1321 4593 1475 freche Komödie schreiben. Was die Wiese, das hingestreck-
2871 1445 4548 1588 te und das gelehnte Rad anbelangt, so ist die Erfüllung
2859 1565 4537 1671 nachgerückt. Ich arbeite jetzt übrigens auch zu Zeiten-
2859 1680 4544 1818 zehn Dialoge, eine bunte Reihe; aber etwas unaufführba-
2859 1806 4492 1942 reres hat es noch nie gegeben.- Auch eingefallen ist
2846 1924 4614 2066 mir man cherlei; das kann aber ein Irrthum sein. - Von den
2859 2032 4465 2183 hiesigen Glockenbesetzungsschwierigkeiten haben Sie
2853 2156 4555 2264 wohl gelesen? Die Reinhold will wieder einmal ihre Ent-
2853 2280 4485 2420 lassung, weil sie das Rautendelein nicht bekommt, oder
2853 2411 4560 2499 auch,wie andere behaupten,wegen der Hedwig in der Wild-
2841 2512 4650 2614 ente. Nun, die Glocke kommt jedenfalls bald, wie Sie wissen,
2846 2632 4569 2767 und, wie Sie noch nicht so sicher zu wissen scheinen, ob-
2841 2767 4519 2871 wohl es ja gerade so sicher ist, Sie auch. Und bringen
2835 2857 4546 3031 Sie doch Georg Hirschfeld mit. Er hat Ihnen vielleicht
