4923 4023
982 721 1167 861 44
1400 749 1750 908 4.8.1905.
309 889 787 1008 Lieber Freund,
321 1003 1953 1143 ich habe am Dialog noch mancherlei gefeilt,gebe es
341 1146 867 1249 jetzt in Druck.-
334 1245 1970 1370 Zur Besetzung: Wäre Rittner als Albertus nicht der
345 1366 1342 1510 weitaus beste?- Marie: Eberty? -
371 1504 746 1622 - Bald mehr.
334 1616 1946 1737 Auch versucht ich die Caecilie im letzten Akt etwas
345 1732 1935 1845 ungs scheidt er zu machen. - Wie denken Sie über den
358 1864 1420 1972 einfachen Titel: Caecilie Adams? -
1001 1965 1476 2097 Herzlichst Ihr
3385 753 3569 917 45
3866 759 4375 917 Wien, 5.8.1905.
2852 863 4539 1031 Lieber Freund, Ihre liebenswürdige Antwort in Hinsicht
2863 977 4567 1109 auf die Petersburger Sache hat mich insofern ein wenig
2865 1135 4537 1264 befremdet, als sie nicht ganz zu dem Vorschlag stimmt,
2876 1251 4539 1385 den Sie mir in Ihrem Brief vom 27.Juni übermittelten.
2876 1376 4524 1515 An Ihren wunsch, Ihnen die Komödie zu schicken, sobald
2889 1469 4539 1622 sie fertig, schlossen Sie die Bemerkung:...... gebe ich
2887 1603 4619 1745 Ihnen zu erwägen, dass, je schneller Sie mir die Comoedie
2893 1707 4472 1840 einsenden, desto besser der Platz an der Sonne sein
2876 1871 4408 1989 könnte, den ich Ihnen ausmittle; denn naturgemäss
2876 1957 4572 2093 kann ich nur mit den heb enden, nicht mit den haben sol-
2882 2095 4604 2214 lenden Stücken rechnen, u.wer zuerst kommt, mahlt zuerste.
2893 2216 4563 2341 Sollten Sie dann auf meinen Vorschlag eingehen u.mich
2900 2345 4464 2460 später auch das 2.Stück lesen lassen, u. sollten wir
2889 2453 4496 2557 beide finden, dass dieses das geeignetere sei, nun so
2891 2544 4520 2671 könnte man ja immer noch das Spielchen spielen: „Ver-
2889 2662 4567 2818 wechselt, verwechselt das Bäumchen - und Sie behielten
2893 2809 3551 2906 Ihren guten Platz -"
2891 2880 4494 3061 Werden Sie es mir darnach, lieber Freund übernehmen,
