5049 4152
125 438 306 612 1 ƒ
1354 434 2155 592 1 1 1 1 „ „ 4 „ — „
1301 801 1636 931 23.8.1903.
1288 947 1640 1057 Helgolani.
423 1059 2166 1178 Herzliche Grüsse, lieber Herr Schnitzler, an der Scheide-
405 1171 674 1297 grenze.
1061 1363 1235 1446 O.B.
405 1409 2082 1558 15.9. Putpenspieler. Kommen Sie mit einem Ihrer roten
416 1589 858 1695 neuen Stücke.
3832 405 4539 594 Vuoden ettäjän rajanvastuen
3740 821 4361 962 Berlin, 29. Aug. 1903.
2881 953 4367 1054 Herrn Dr.Arthur Schnitzler,Wien I.Frankgasse 1.
3091 1074 3837 1193 Lieber Herr Schnitzler!
3150 1167 4601 1299 Soeben erst von meiner Reise zurückgekehrt ha-
2881 1297 4557 1409 be ich Ihne Brief vom 30.v.M. nachgesehen,finde darin
2875 1424 4570 1543 aber nichts von einem Anspruch auf 3% für den „Puppen-
2881 1521 4623 1636 spieler“. Es wäre auch von mir sonst nicht unerwähnt ge-
2875 1655 4605 1761 blieben. In der Tat entspricht der Satz von 2% für Ein-
2875 1781 4623 1904 akter der Norm, an der das „Deutsche Theater“ immer fest-
2868 1880 4638 1986 gehalten hat. Eine Ausnahme machte nur Ihr „Grüner Kaka-
2864 1999 4623 2113 du“, für welchen 3% vereinbart wurden aus den besonderen
2868 2109 4594 2214 Grunde, weil dieses Stück den sonstigen Umfang der Ein-
2875 2245 4528 2338 akter bedeutend überstieg,was ja beim "Puppenspieler"
2864 2353 4570 2435 nicht der Fall ist. Ich bin deshalb überzeugt, dass Sie
2875 2472 4552 2571 unter diesen Umständen darein willigen werden, für den
2868 2608 4576 2692 „Puppenspieler“ keine Ausnahmetantiene zu beanspruchen
2875 2705 4629 2780 und den Vertrag, den wir Ihnen beifolgend wieder übersen-
2864 2829 3962 2895 den, so wie er ist, zu unterzeichnen,
2994 2890 4647 2967 Besten Gruss und nächstens mehr von Ihrem noch nicht
2983 2939 3586 3040 recht Berlinreifen
