5049 4152
1168 817 1707 936 Berlin, 3.9.1903.
637 940 1379 1061 Lieber Herr Schnitzler,
337 1072 2058 1206 ich schlage mich an die Brust,raufe mein Haar und sage:
328 1181 2080 1284 o mea culpa, mea maxima culpa. Bei einem nochmaligen Stu-
339 1291 2071 1395 dium Ihres Briefes vom 30.Juli entdecke ich, an der Hand
335 1407 2017 1525 Ihrer frdl. Darlegung, dass Sie in der Tat einen drei -
328 1550 2112 1655 perzentigen Vertrag" gewünscht haben. Esist aber auch ein
328 1643 2010 1748 gut -Theil vestra culpa, dass ich das nicht entziffern
328 1780 2101 1869 konnte,wie die Einlage beweist. Sie werden nun vielleicht
328 1905 2067 1978 fragen, wofür ich das Wort gele sen habe, und da sage ich:
321 2003 2017 2108 ich habe es überhaupt nicht gelesen. Solche Worträtsel
328 2131 2080 2213 gibt es ja vielfach in Ihren Briefen, die mir darum nicht
332 2240 2058 2358 weniger Freude machen! Und ich konnte auch nachträd ich
321 2333 2040 2442 nicht auf das Richtige kommen, da dieser Ausdruck „drei-
310 2495 2049 2574 perzentiger Vertrag“ unserm Sprachgebrauch fern liegt.-
316 2595 1992 2702 Das ist die wahrhafte Geschichte vom „Puppenspieler“,
316 2716 2021 2807 den man nach seinem inneren Werthe so wenig honorieren
316 2825 2010 2918 kann, dass die Frage 2 oder 3% mir belanglos erscheint.
321 2959 1969 3066 Ich wollte deshalb schon unserm letzten Briefe hinzu-
3148 437 3310 583 1.° 1.°
3455 446 3817 596 Uudenmaan läänille.
4175 829 4450 938 3.9.03.
2788 956 4480 1102 fügen, dass, wenn Sie auf 3e bestehen, Sie doch den Ver-
2798 1086 4607 1177 trag ändern möchten und sende also hiermit den geändert an
2788 1195 4502 1334 Contrakt zum (hoffentlich unwiderruflich) letzten Male
2788 1320 3043 1443 zurück.
2798 1427 4500 1539 Für die Rolle des Oboisten ist Marx gewiss nicht reif.
2802 1543 4546 1639 Ich schätze seine Begabung, aber es würde ihm kein Gefal-
2798 1678 4486 1769 len geschehen mit solchem plötzlichen Vorschieben. Ich
2791 1794 4568 1869 habe Jwald genommen, der in seiner individualität mir von
2800 1917 4498 2017 vornherein etwas für die Gestalt mitzubringen scheint,
2791 2003 4546 2106 dabei auch ein Element vom „Liebhaber“ hat, das man doch
2791 2131 4512 2226 nicht ganz entbehren möchte. Wir haben das Stück heute
2802 2251 4605 2340 arrangiert. Ich zähle es zu dem Feinsten, was Sie geschrie-
2788 2379 4518 2461 ben haben.- Auf die Zeit, wo ich Sie am Sternwartenpark
2791 2492 4498 2595 besuchen und auf einem der Balkone in die Wiener Land-
2802 2613 4632 2693 schaft blicken kann, freue ich mich jetzt schon.Wie steht's
2791 2736 4486 2825 mit dem neuen Stück? Lassen Sie mich bald Gutes davon
2802 2841 3025 2943 hören.
3159 2895 3854 3007 Herzlich grüssend Ihr
3826 2961 3981 3087 O.B.
