5085 4057
1078 753 1235 875 217
1818 835 2120 978 18.10.07.
422 956 2195 1060 werde es nicht meuchlings gleich aufführen, sondern Ihren
417 1084 2154 1188 jegensspruch abwarten. Die Premiere soll Møtte November
442 1208 2142 1314 sein.- Und sonst? Regt sich's in Ihrem Herzen quellend
428 1323 2140 1418 nicht von abendfüllender Gegenwart? Dieses wünscht, mit
428 1453 1104 1562 vielen guten Grüssen
1204 1670 1369 1763 O.B.
3722 777 4307 895 Berlin, 22.10.1907.
3375 961 3843 1107 Lieber Freund,
2977 1065 4605 1224 Ihr Brief ist mir vielfach erfreulich gewesen, nicht
2971 1213 4747 1325 nur durch seine kallographischen Reize, seine schöne Aus-
2971 1312 4654 1447 führlichkeit (hier möcht ich nichts streichen) - auch
2971 1442 4722 1553 sein guter Humor „spricht mich an“, (würde Goldmann etwa
2969 1568 4665 1699 sagen) und lässt mich xfach bedauern, ihn - den Humor,
2977 1679 4678 1811 nicht den G.- auf dem Festenberg jetzt nicht geniessen
2977 1798 4660 1924 zu sollen; heben Sie ihn aber bitte - den Humor, nicht
2977 1911 4247 2048 den F.und G.- auf, bis ich Sie heimsuche!
2971 2017 4625 2176 Nun zum Geschäft, mein Herr. Den H.... schicke ich
2971 2145 4731 2257 Ihnen, Sie werden sich überzeugen, dass einichts Rodenba -
2971 2260 4680 2403 chisches hat; und ich hoffe mich zu überzeugen, dass er
2975 2385 4678 2503 kein „Trugbild“ ist. Falls Sie nun Ihr,von Hugo appro-
2971 2452 4696 2611 birtes, kleines, grosses Stück für diesen, auf den 19.Nov.
2964 2631 4654 2715 projectirten Abend in Betracht ziehen, will ich gleich
2971 2743 4683 2845 sagen, dass der vielgeliebte Bassermann vom 12.-15.Nov.
2971 2867 4691 2960 beurlaubt ist, demnach seine Mitwirkung nicht, oder doch
2971 2953 4747 3094 kaum möglich wäre, hoffertlich genügt nicht schon dieser
