2532 4103
1828 341 1924 498 17
1002 753 1100 858 31
1302 830 1830 948 Lugano, 1.6.1898.
774 940 1493 1077 Lieber Herr Schnitzler,
412 1038 2066 1173 einmal schlägt auch dem grössten Sünder das Gewissen,
412 1175 2042 1291 und er setzt sich nieder und betet: lieber Herr,ver-
1609 1259 1733 1323 nicht
410 1306 1982 1405 zeih mir mea culpa maxima. Es soll auch wieder ge-
416 1435 2008 1517 schehen. - Warum habe ich Ihnen eigentlich so lange
416 1549 2048 1639 nicht geschrieben? Und was wollten Sie denn wissen?
416 1669 2038 1776 Wo ich war: in Paris. Was ich sah: wenig Gutes. Ich
420 1782 2072 1875 würde Ihnen ein kleines Feuilleton darüber schreiben,
418 1900 2102 1993 wenn ich nicht bedächte, dass Sie bereits alles Sagens-
420 2016 2126 2121 werthe mir im vorigen Jahr aus Paris geschrieben haben
418 2143 2085 2216 Ich schliesse mich diesem geehrten Vorredner ganz an.
729 2233 2033 2372 Jetzt sitze ich also in Lugano,nicht weit
420 2336 1984 2501 von Varese, wo die berühmte Madonna Dianoia ent-
420 2480 2102 2561 stand, und frage mich, was wohl das nächste Jahr, und be-
420 2604 2141 2698 sonders der Herr Dr.med.Schnitzler in diesem Jahr,brin-
418 2698 2081 2838 gen wird. Es ist eine Kunde von sehr schönen einakti-
423 2814 2059 2945 gen Stücken zu mir gelangt; wissen Sie darüber viel-
420 2958 2038 3065 leicht etwas Näheres? Und wie denken Sie denn jetzt
