4900 4008
1184 367 2142 540 1 1/2 1/4 „ 9 „ „ 4 „ — „
638 361 1135 538 1 „ — „ „ =
1556 766 1929 873 (30.3.98).
405 888 2097 1020 Franziska.- Aus meiner Venezianer Tour scheint nichts
412 1014 2065 1150 werden zu wollen. Was haben Sie für die nächste Zeit
412 1144 2108 1255 vor? Wann kommen Sie wieder nach Wien? Ich freue mich
427 1274 2010 1383 Ihrer Erfolge und bin mit den herzlichsten Grüssen
888 1413 1248 1498 Ihr treuer
1203 1526 1361 1641 A.S.
4061 361 4321 568 1,11
4440 388 4856 510 Vuoden aanwärkeen:
3824 766 4346 896 Wien, 3.Juni 98.
3203 918 3858 1041 Lieber Doctor Brahm,
2928 1020 4600 1146 wenn es eine glühende Kohle gegeben hat, so ist dieser
2928 1120 4617 1255 Brief eine über Ihrem verehrten Haupt, Gleich nachdem
2940 1246 4656 1374 ich Ihren Brief erhalten, beantworte ich xxx. Ich möcht
2938 1391 4590 1496 gern, dass Sie von meinen Grüs sen noch in Venedig er-
2962 1511 4664 1617 eilt werden und weiss nicht, wie lange Sie dort zu blei-
2953 1630 4658 1737 ben gedenken. Ich war natürlich in der Charwoche nicht
2953 1730 4662 1867 dort, wie ich überhaupt heuer noch recht ungereist bin.
2970 1867 4607 1972 Das Wetter ist greulich. Sonntag möchte ich gern auf
2962 1995 4649 2117 ein paar Tage fort,per Rad nach Kärnthen, an den Ossia-
2970 2129 4575 2217 cher See, das junge Paar besuchen. (Sie wis sen doch,
2974 2215 4560 2326 dass Rich. Beer-Hofm. und Paula verheiratet sind?)
2987 2330 4632 2456 - Ernstlich verlasse ich Wien Ende des Monats; projek-
2987 2458 4690 2554 tiert ist vorläufig für Juli eine Radreise in die fran-
2977 2573 4671 2691 zös. Schweiz; über den August lässt sich aus mannigfa-
2992 2682 4577 2834 chen Ursachen noch nichts sagen. Hugo Hofmannsthal
2994 2827 4560 2947 scheint sich in Berlin sehr wohl gefühlt zu haben
2994 2936 4673 3088 uid ist mit grossen Eindrücken zurückgekommen. Er hat
