5015 4151
11 675 204 825 P.
769 806 920 922 290
1023 825 1639 937 Karlsbad, 6.6.1911.
262 922 1930 1128 Das war Pech, lieber Freund, aber die Aussicht Sie Don-
279 1053 1874 1257 nerstag in W. zu sehen, macht es etwas weniger kleb-
275 1160 1953 1371 rig. Ich nehme an, dass Ihre Frau, freundschaftlich wie
299 1274 1902 1489 immer, mir ein einfaches (also nicht doppeltes) Mahl
299 1405 1910 1612 anbietet; danke schön, das nehme ich an, und komme um
297 1521 1906 1721 halb zwei, wenn nicht früher. Um 7.20 möchte ich auf
320 1732 537 1835 den S.
756 1743 1147 1854 Herzlich Ihr
1180 1771 1341 1878 O.B.
331 1960 1453 2132 Imperial Donnerstag Früh.
3945 423 4126 567 Votre ami
3429 713 3578 860 2917
3530 817 4186 926 Semmering, 12.7.1911.
2875 984 4545 1111 Lieber Freund, ich sollte mal Sie Weber für Wien frei-
2873 1102 4491 1242 geben und besprach das mit Rittner; ich betonte die
2873 1195 4457 1354 ideellen, aesthetischen undethischen Seiten dieses
2860 1296 4474 1446 Problems,er aber sagte als unentwegter Realist nur:
2877 1431 4476 1588 wozu das; wenn man Die Weber hat, gibt man sie nicht
2871 1554 3025 1657 her.
2866 1655 4407 1822 Die Nutzanwendung zu ziehen, überlasse ich getrost
2849 1805 4433 1934 Ihrem regen Geiste.- Ja, Sie haben mich verstanden:
2862 1919 4452 2033 wenn man einen Schnitzler hat, hält man ihn fest mit
2836 2013 3429 2140 Zähnen und Klauen.
2836 2183 4482 2269 Nun kann ich aber doch, als unverbesserlich ehtisches
2836 2252 4484 2392 Individuum, nicht unterlassen, die andere Seite der Me-
2845 2407 4474 2510 daille zu betrachten. Was gewönnen Sie? Weder ideell
2832 2527 4461 2617 noch praktisch kann doch das von wesentlicher Bedeu-
2826 2641 4553 2755 tung für Sie sein, trotz des „besonders guten“ Antrags.
2823 2740 4407 2862 Und gegen die Verkoppelung mit irgend jemand haben
2813 2845 4398 2980 Sie sich ja immer gewehrt! (H. als pramatiker sehr
2815 2982 4362 3098 schwach, nach meiner, auf Auto-Lektüre aufgebauten,
