4850 4025
775 724 1500 863 54 Wien, 1.X.1905.
1643 694 1803 861 sehr
226 840 1891 1008 Lieber Freund, Sie können sich wohl denken, wie ich
244 966 1893 1113 Ihre Bemerkungen über den 3. Akt des R.d.L. nachzuem-
256 1040 1944 1237 pfinden vermag. Es hat seine tiefen im Stoff liegenden
248 1207 1925 1352 Gründe, dass dieser Akt gegenüber den zwei ersten stil-
246 1333 1908 1500 ler wird, nachzulassen scheint, in Hinsicht aufs drama-
263 1448 1908 1583 tische auch wirklich nachlässt. Vielleicht war es mög-
273 1583 1792 1715 lich irgend ein Moment zu finden, das auch diesem
271 1641 1957 1826 letzten Akt die starke äussere Bewegung gegeben hätte,
271 1754 1888 1953 das den beiden ersten innewohnt. Ich habe viel, sehr
297 1863 1933 2083 viel darüber nachgedach t. Aber immer wenn ich die-
286 2040 1876 2175 sem ziele nahe zu sein glaubte, zeigte es sich, dass
291 2121 2010 2299 die eigentliche Idee des Ganzen davonschlüpfte und dass
297 2239 1978 2418 ich für einen innern Abschluss nichts gewinnen konnte
316 2350 1833 2549 als einen äussern gffekt. Im ursprünglichen Plan
308 2455 1920 2672 sollte der 3. Akt am morgen nach dem zweiten, wieder
310 2625 1963 2786 in Mariens Wohnung spielen; seelisch sollte sich etwa
314 2690 1959 2907 das gleiche ereignen als in der jetzigen Fassung vor
327 2831 1995 3031 sich geht - die Gezwungenheiten und Unwahrscheinlich-
3869 750 4176 882 (1.X.05.)
2724 921 4384 1034 keiten waren nicht zu überwinden. Dann, als ich den 3.
2734 1019 4409 1128 Akt zum ersten Mal wirklich schrieb, spielte er 3 Mona-
2741 1154 4343 1267 te nach dem zweiten, und Marie trat als eine bereits
2739 1252 4337 1352 beruhigte Person auf. Der Arzt erschien und brachte
2724 1357 4399 1510 Zweifel mit; sie begann in ihrem Sicherheitsgefühl zu
2724 1504 4390 1615 schwanken und ihr Geständnis an den Adjunkten stellte
2734 1606 4324 1722 die endgiltige Reinigung vor. Dies war die Fassung,
2730 1724 4433 1856 in der ich das Stück zuerst vorlas (ich hatte an diesen
2734 1844 4356 1978 3.Akt schon bis dahin gewiss zehnmal mehr gearbeitet
2734 1989 4341 2106 als den ersten zweien, die mir beinah fertig aus der
2730 2089 4384 2220 Feder flos sen) - und, wie ich erwartet hatte, befriedig¬
2734 2205 4399 2339 te diese Lösung keineswegs. Nun versuchte ich mancher-
2730 2339 4390 2455 lei. Zu diesen Versuchen gehörte auch die Verwandlung
2734 2433 4401 2568 des zweiten Aktes, von der ich Ihnen einmal geschrieben
2724 2555 4337 2694 habe und die eine Ueberleitung zum 3.Akt vorstellen
2734 2687 4341 2803 sollte. Es zeigte sich, dass diese Szene doch eigent-
2724 2788 4356 2942 lich nichts enthielt, als Wiederholungen und Verdeut-
2724 2884 4401 3042 lichungen, die rückwirkend den Beginn des 2. Aktes schä-
