5049 4152
466 422 1202 617 1 1/2: 7: 4: 4 1 1: 1: —
881 700 1082 770 = no
1323 682 1694 833 M „ „ 1002
1312 831 1850 949 Berlin, 4.9.1903.
284 1023 1981 1143 Lieber Herr Schnitzler, von Georg höre ich, dass Sie in
284 1139 1935 1259 diesen Tagen geheiratet haben, und kann mich nun doch
297 1220 2016 1334 nicht davon abbringen, Ihnen herzlich die Hand zu schüt-
297 1351 2029 1460 teln, mit allen guten Wünschen. Philiströs, was? Aber was
286 1484 811 1603 will man machen.
909 1581 1065 1710 O.B.
3940 409 4405 573 Votre très de lui faire.
4451 459 4757 614 1/1 1
3542 796 3697 909 141
3651 885 4438 1019 Berlin, 6. September 1903.
2840 1014 4368 1108 Herrn Dr.Arthur Schnitzler,Wien IX.Frankgasse 1.
3209 1141 4051 1235 Sehr geehrter Herr Doktor!
3266 1318 4569 1430 Beigehend übersenden wir Ihnen den Gegen-
2840 1419 4521 1528 vertrag über „Puppenspieler“, Gleichzeitig lassen wir
2840 1533 4593 1653 die freundlichst gesandten 2 Ex. des Stückes mit bestem
2840 1655 4423 1760 Danke wieder zurückfolgen, da inzwischen die Bücher
2844 1777 3771 1880 von Entsch eingetroffen sind.
3303 1898 3837 2003 Hochachtungsvoll
3172 2009 4062 2156 Deutsches Theater zu Berlin
4014 2147 4176 2239 i.A.
3859 2258 4386 2368 Ad. Mewes,Secre.
