5049 4135
1087 412 1524 559 Mikkelinen i 7, järjestä:
944 713 1094 871 118
1659 795 1949 907 15.9.02.
334 866 2123 1027 steht noch gar nichts fest, als dass ich energisch möchte.
321 1018 1704 1129 Aber wie und wo - das muss die Zeit lehren.
332 1132 1406 1272 An Hugo schreibe ich heute auch.
644 1261 1212 1386 Herzlich der Ihre
989 1372 1183 1501 O.B.
3548 753 4297 878 Agnetendorf, 16.10.1902.
2856 878 4475 1020 Lieber Herr Schnitzler, ich habe mich geirrt, es geht
2856 1005 4598 1143 doch ein nächtlicher Zug nach Hirschberg, doch schön ist
2856 1129 4475 1263 er nicht, scheint es, und man muss 1-2 mal umsteigen -
2862 1245 4529 1341 worüber Sie am Bahnhof Friedrich Str. sich Gewissheit
2862 1341 4542 1477 holen könnten. Abfahrt 11.30 Fr.Str., wie mit dem Bres-
2807 1468 4524 1577 lauer Zug, Ankunft Hirschberg 5.48, ab 6.20, an Hermsdorf
2820 1595 4428 1722 6.53,i.e. 3½ Stunden drüher als über Breslau! Bitte
2804 1737 4511 1842 lassen Sie uns rechtzeitig wissen, mit welchem Zuge Sie
2804 1829 4415 1956 kommen, damit wir Ihnen einen Wagen schicken können;
2807 1929 4459 2052 und bringen Sie doch Goldmann mit! Es ist sehr schön
2811 2052 4500 2192 hier, und Sie würden sich sehr im Licht stehen, wenn Sie
2796 2187 3698 2317 weder 6.53 noch 10.30 kämen.
3319 2310 3715 2446 Herzlich Ihr
3760 2395 3938 2499 O.B.
