2526 4103
1211 414 1334 568 1.
1088 745 1926 893 40 Berlin, 26.Sept.1898.
778 870 1616 1010 Herrn Dr.Arthur Schnitzler
1663 929 1920 1025 wien IX.
1661 1005 2079 1109 Frankgasse 1.
755 1071 1553 1228 Sehr gehrter Herr Doctor!
537 1271 2242 1428 Die erste Aufführung von „Vermächtnis“ ist nunmehr auf
535 1413 2198 1544 Sonnabend, den 8.Oktober angesetzt, zwar noch nicht ab-
541 1534 2195 1652 solut sicher, aber doch höchst wahrscheinlich. Herr Di-
535 1661 2162 1778 rektor Dr.Brahm lässt Sie deshalb freundlichst ersu-
541 1767 2155 1888 chen, sich darauf einrichten zu wollen, dass Sie etwa
535 1879 2115 1975 von Montag künftiger Woche an den Proben beiwohnen
535 1994 2219 2121 können, doch würden wir Ihnen jedenfalls noch Ende die-
530 2132 1879 2210 ser Woche nähere Nachricht zukommen lassen.
1048 2236 1576 2365 Hoch achtungsvoll
1400 2346 2240 2473 Deutsches Theater z.Berlin
1582 2473 1722 2556 i.A.
1394 2579 1943 2681 Dr. Moriz Ehrlich.
