5025 4039
1612 866 1889 979 27.8.05.
339 947 2025 1087 bei diesem Werk sich als Novellisten anklagen, versteh
339 1074 2149 1184 ich nicht ; ich finde es dramatisch und sogar theatermässig
332 1184 2055 1293 wobei ich der Erfolgs-und Publikumsfrage nicht gedenke,
332 1309 2006 1443 ich rede nur sozusagen aesthetisch-blau. Nun aber die
332 1411 2055 1549 Praxis! - Lieber Schnitzler, der Teufel soll mich holen,
339 1547 2092 1685 gleich aus diesem Nebelnest heraus, das mich geboren hat,
339 1642 1983 1799 wenn ich einsehe, weshalb das Stück von uns weg zu R.
346 1769 2066 1912 tendirt. Die Meinung der geehrten Fachmänner, welche Sie
332 1884 2066 2036 mir citieren, und von denen ich übrigens den einen nicht
328 1999 2103 2136 lesen kann, macht mich nicht erschaudern; und ich wege die
321 2131 2066 2270 Behauptung, dass wir, nicht nur den Oberst mit Bassemann
351 2253 2025 2369 (wäre auch Sauer, Reicher denkbar und B. für den Vater)
321 2348 2085 2475 sondern auch die Mehrzahl der anderen Rollen ebenso gut,
321 2489 2110 2611 zum Theil besser als der Nachbar besetzen könnten. Und im
328 2588 2062 2724 Stil finde ich nichts, nicht, was uns eine Schwierigkeit
321 2717 2080 2840 bereiten könnte,- bis jetzt; denn natürlich, was der 3.Akt
321 2835 2177 2974 bringt, weiss ich nicht; Sie aber, wie mir scheint, auch nicht!
321 2927 2085 3108 Es gehört wirklich - Sie verzeihen - eine Idiosynkrasie
4204 882 4484 1000 27.8.05.
2849 963 4615 1087 gegen Lossing dazu,zu glauben, dass er diese 2 Akte nicht
2861 1101 4555 1194 tadellos insceniren könne; auch ist ja der Autor und my
2854 1226 4608 1309 humble self auch noch da. Ihr Eindruck von oder gegen L.
2865 1351 4534 1429 resultirt glaub ich noch aus den Proben zur Beatrice;
2854 1431 4472 1547 aber bedenken Sie frdl., dass er damals eine schwere
2872 1540 4594 1667 Krankheit in sich trug und - diese Erwägung wendet sich
2854 1695 4562 1771 an den Dr.med.A.S., den Vf.des Jacobson-Artikels!- dass
2861 1810 4491 1909 der Mensch ohne entzündeten, ja ohne jeden Blinddarm
2884 1919 4560 2041 (Sonnenburg hat ihn entfernt) ein Anderer inz-wird.-
3147 2025 4634 2147 Mein Standpunkt ist nun folgender. Ich habe den
2865 2138 4534 2251 Wunsch, beide Stücke zu geben, etwa zu den Terminen, die
2870 2265 4516 2373 Sie bezeichnen für mich und R.; Sie haben die Meinung,
2877 2366 4624 2503 dass zwei Bühnen Ihren Interessen besser dienen. Wie kom
2879 2503 4578 2616 men wir da zusammen? Vielleicht, wenn ich Ihnen für das
2879 2583 4597 2720 2.Stück eine gute Position dadurch sichere, dass ich Ih-
2877 2727 4627 2851 nen die Tantième garantiere. Ich erlaube mir also, Ihnen,
2879 2833 4645 2960 falls Sie diesem Gedanken nähertreten wollen, und mir das
2891 2951 4664 3108 Stück bis Neujahr übergeben, M.3000 als Anzahlung auf Tan-
