2546 4104
966 836 1080 951 14
1286 840 2110 1001 Piora bei Airolo 28.7.96.
450 1007 1061 1142 Lieber Herr Doctor,
454 1112 2076 1226 Wie gehts? Was machen Sie und was macht die Arbeit?
452 1215 2068 1352 Wenn die zwei glücklichen Tage, wie ich hoffe, inzwi-
463 1333 1986 1489 schen eingetreten sind, wäre es mir sehr lieb,Sie
463 1453 2183 1575 schickten mir das Manuscript baldigst. In meinem Spiel-
469 1585 2153 1697 plan hat sich nämlich allerlei verschoben, und es wäre
480 1705 2089 1817 vielleicht möglich, dass ich Ihr Stück so um den 20.
469 1808 2151 1948 Sept.herum bringen kann. Das wäre eine sehr gute Zeit
473 1909 2057 2042 für uns beide: Sie haben dann die ganze Saison vor
484 2048 2134 2153 sich, sowohl für Berlin wie für die Provinz und gewin-
480 2164 2102 2286 nen die Chance,wenn Fehlschläge nachkommen, dass man
484 2288 2072 2397 immer wieder auf Ihr Stück zurückgreift. So ist es
488 2402 2110 2539 letztes Jahr Hirschfeldgegangen und er ist dabei zu
493 2509 2125 2633 40 „Mitter",-Vorstellungen gediehen; die Premiere war
493 2633 2113 2783 im September.- Soll aber dieser schöne Gedanke That
495 2734 2136 2858 werden, so muss ich das Stück bald haben; d.h.ehe Sie
501 2856 2160 2976 nach Berlin kommen; bis der Mechanismus dann fungirt,
491 2963 2202 3126 mit Rollen schreiben u.s.w. braucht's eine ganze Weile.
