2546 4104
1185 790 1299 945 14
1686 825 2009 965 28.7.96.
448 965 2175 1129 Kleine Aenderungen, wenn vielleicht die allerletzte Hand
450 1085 2182 1232 noch nicht angelegt ist, lassen sich später immer leicht
457 1232 2162 1333 nachtragen; aber der Grund müsste jetzt gelegt werden,
463 1335 1566 1462 sonst gibt’s nachher eine Hetzerei.
459 1469 2145 1568 Also wie denken Sie darüber? Mich trifft bis 7.August
467 1561 2072 1699 incl. Nachricht und Sendung hier. Später wollen wir
465 1689 2158 1831 einige Querzüge durch die Berge,gen Zermatt und Inter-
465 1813 2180 1932 laken,machen, da ist es besser,Sie adressieren ins Thea-
467 1919 2139 2037 ter und schreiben dazu man solle nachschicken. Am 21.
463 2033 1923 2143 August Abends denke ich in Berlin einzulaufen.
467 2145 2087 2277 Was mögen Sie, während ich hier still an meinem Berg-
467 2264 2147 2389 see sass, alles Schöne gesehen haben, an Fjorden, Fällen
465 2393 2156 2505 und Gletschern! Wie gefallen Iunen die Skandinvierin-
472 2520 1421 2643 nen? Hoffentlich nicht zu gut,
472 2610 2048 2759 Sudermann war dieser Tage bei mir und brachte den
465 2729 2169 2890 Einakter Nr.3. Hirschfeld werkelt still und grüsst Sie
465 2875 1301 3009 herzlich. So thue auch ich,
1301 2920 1419 3028 Ihr
1441 2979 1727 3078 O.Brahm.
