5025 4039
695 833 1652 1005 Marienbad, 4.8.1905.
583 1057 1060 1188 Lieber Freund!
184 1119 1931 1266 Ich bin nämlich nicht ganz wohl und bediene mich meines
190 1259 1908 1434 Sie bestens grüssenden Bruders (thus ich auch), um Ihnen
190 1365 1998 1516 das Nötigste zu sagen. Der vorgeschlagene Titel wäre sehr
206 1523 1840 1626 fein,wenn er nicht so kompliziert auszusprechen wäre
213 1599 1961 1755 und in der That den witzelnden Populus provozieren müss-
213 1727 1970 1865 te.- Die Petersburger gedulden sich wohl noch ein wenig,
220 1830 1863 1984 bis Sie mit dem andenn Stück an den so nah gerückten
202 1954 1913 2080 Schluss gelangt sind und wir die Vertheilung der Güter
218 2092 1970 2209 zwischen hüben und drüben überschauen können. Ueber die
234 2181 1906 2340 Möglichkeiten einer Volkstheater-Aufführung der „Comö-
220 2319 1585 2438 die" vermag ich mir kein Urtheil zu bilden.
220 2436 1936 2553 Es ist mir in der Höhe von Villars auf die Dauer nicht
232 2539 1973 2681 recht gut ergangen, und ich bin gestern etwas marode hie-
232 2654 1973 2785 hergekommen, wo ich mich in den letzten 2-3 Ferienwochen
232 2801 2051 2931 bald zu erholen gedenke. Ich wohne Friedrich Wilhelm Stif-
241 2934 1126 3058 tung.- Herzliche Grüsse Ihr
1151 2982 1314 3067 O.B.
3656 858 4321 989 Helgoland, 20.8.1905.
3798 956 4147 1037 Villa Olga.
2766 1007 4530 1172 Lieber Freund, entschuldigen Sie, wenn ich diese Zeit über
2778 1154 4482 1287 ein schlechter Correspondent war. Ich lebte mit meinem
2766 1243 4454 1397 Körper in Unfrieden, Marienbad konnte den Streit nicht
2778 1390 4532 1507 schlichten, so brach ich, antiärztlich, nach Helgeland aus,
2778 1541 4237 1619 wo ich denn auch, verzeihen Sie das Wort,genas.
2782 1606 4530 1739 Gestern ging mir ein Brief Sudermanns zu, den die schlam-
2778 1739 4510 1860 pichte Mbader Post mit dem Vermerk: abgereist wohin un-
2789 1890 4578 1982 bekannt, versehen hatte. Hoffentlich ist Ihnen dergleichen
2796 2025 3282 2110 nicht passiert?
2801 2087 4464 2213 „Caecilie Adams“ ist, falls sich kein sachlicher Titel
2782 2188 4510 2308 findet, der Ihnen gentigt, jedenfalls einwandsfrei,wie al-
2789 2291 4631 2424 le Namentitel. Dass Sie sich bemühen, die Dame ungescheidter
2796 2450 4519 2567 zu machen, ist gewiss gut; Rittner-Albertus leuchtet mir
2782 2562 4526 2677 zunächst nicht sehr ein, ich will es aber s.Zt. nochmals
2780 2677 4493 2821 nachppüfen; Eberty ist durch Klars männliches Gebahren
2780 2775 4523 2929 für mehrere Monate dienstuntauglich, ich glaube, man wird
2796 2922 4528 3014 in die Pauly beissen müssen.- Meine Aeusserung „vom 27.
2789 3003 4448 3161 Juni“ hatte ich natürlich nicht verg ssen, danke aber
