2504 4103
1511 397 2002 544 : 1: 1 1 1: 4
1549 846 2130 980 Berlin, 30.11.1897.
1114 886 1245 1001 23
808 1058 1606 1188 Lieber Doctor Schnitzler,
481 1179 2162 1303 ich gratuliere schön zu dem Prager Erfolg, der hoffent-
474 1282 1943 1423 lich ein Vorbote des gleich grossen Wiener ist.
785 1406 2139 1522 Dass sich Ihr neues Stück so verbessert ist
476 1534 2097 1635 zu schön; dass es sich so verzögert, ist schade; hof-
474 1648 2082 1771 fentlich werden Sie nun recht bald fertig und legen
481 1750 2147 1851 es dann vertrauensvoll in meine, zu diesem Zweck Ihnen
476 1878 1368 2004 weit offen gehaltenen,Hände!
789 1992 2084 2090 Die Weihnachtsskizze, die ich als Dichtung
483 2118 2170 2212 sehr gern habe, würde, fürcht ich, auf der Bühne nicht be-
487 2208 2048 2342 stehen. Besten Dank noch für die feine Novelle, die
476 2349 2126 2435 Sie mr mit auf die Reise gaben; die Toten schweigen,
483 2470 2057 2544 aber die Leser reden und preisen den meisterlichen
481 2569 777 2695 Erzähler
800 2655 2099 2785 „Johannes" macht eine ganze Odyssee durch,
485 2787 2124 2917 definitiv frei ist er noch immer nicht,und wer weiss,
483 2909 2126 3003 wie viel Schwänze er in dieser Polizeifalle noch las-
481 3037 2130 3152 sen soll.- Unsern armen Fulda habt ihr ja schön zuge-
