4905 4056
743 732 1540 889 56 Wien 27.X.1905.
304 891 1976 1039 Lieber Freund, hier also noch ein weiterer zusatz, der
315 1002 2004 1133 die gemeine Deutlk hkeit der Dinge, um die es sich hier
317 1116 1953 1225 handelt, noch gemeiner und deutlicher macht. Aber bei
321 1248 2019 1370 mehr finge beinah schon die Fälschung an. Erinnern Sie
321 1347 1927 1497 sich nur, was Caecilie im 2.Akt sagt: „vielleicht war
321 1495 1916 1595 ich immer so...“ u.s.W.u.S.w. Sie offenen Arme sind
319 1582 1895 1745 doch auch ein wenig mit ihr auf die Welt gekommen,
321 1696 1927 1848 und an ihr bewahrheitet sich Amadeus' Satz, dass man
321 1835 1944 1955 aus Abenteuern vielleicht heiler nach Haus kommt als
321 1955 1964 2079 aus Wühschen, nicht zum wenigsten. Sie wäre eben noch
328 2077 2023 2193 zu halten - wenn Amadeus halten wollte. aber wäre das
336 2173 2030 2310 noch ein Glück, um das man etc. etc.“... Ich gebe meinem
336 2325 1955 2437 gutem Amadeus durchaus nicht so Unrecht (obwohl ich
334 2411 2053 2540 heute Nacht geträumt, dass ich den Albertus gespielt und
338 2533 1968 2664 zum xxx Aerger Kainzens die Nuance verg essen hatte,
336 2595 2032 2773 um das Zimmer zu laufen und Kainzens Wange zu strei-
343 2792 1940 2895 cheln.) - Im übrigen erfreut sich die Komödie nach
345 2912 2017 3043 wie vor sympathischer Ausverkauftheit, und ich wünsche
3966 649 4381 884 (27.X.1905.I
2880 852 4467 1019 uns beiden, dass das Stück auch in Berlin auf diese
2878 1026 3805 1139 Schiff-und Butterseite falle.
3323 1122 3775 1272 Herzlichst Ihr
3739 1255 3889 1383 A.S.
2880 1334 4533 1480 Olga und Heinrich erwiedern schönstensxix die lieben
2874 1473 3131 1604 Grüsse.
2874 1589 4527 1715 Ja richtig, stimmt es also mit dem Gatspiel? Im Volks-
2891 1717 4533 1837 theater scheinen sie leicht gekränkt, dass Sie mit der
2874 1835 4488 1946 Wieden abgeschlossen haben-- Wird es ernst, auch mit
2874 1946 4420 2092 dem Einsamen Weg, so möcht ich nun doch vielleicht
2874 2060 4462 2216 der wirklich nicht gar so unverständlichen Johanna
2871 2184 4413 2321 einige erklärende Worte in den Mund legen, die mir
2880 2308 3597 2441 überflüssig scheinen.)
