2500 4106
1611 800 1853 940 1.2.98
447 894 2010 1036 „Musotte“, wo auch Güte und Traurigkeit gemischt so
440 1013 1179 1166 rührende Accorde geben.
747 1113 2087 1259 Ich schütte also Ihrem Wunsch gemäss meine
449 1230 2034 1389 Notizen aus, so wie ich sie zufällig aufgeschrieben
460 1366 2070 1504 habe. Der Titel gefällt mir nach wie vor und sollte
453 1474 2121 1623 bleiben. In der Exposition ist es ein bischen schema¬
464 1593 2159 1745 tisch,wie eine Liebe nach der andern abgehandelt wird:
470 1730 2113 1845 erst Hugo-Agnes, dann Franzi-Ferdinand. Die fröhliche
468 1842 2132 1979 Stimmung des Anfangs,die Rennen-Heiterkeit hatten Sie
477 1955 2100 2104 mir lebhafter erzählt, als jetzt dargestellt. Und wa-
470 2057 2159 2210 rum haben Sie das Duzen von Gustav und Toni fortgelas-
485 2198 2115 2321 sen; fürchten Sie, es sei zu stark oder stimmungsstö-
489 2302 2142 2440 rend? (Dies ist so ein Beispiel dafür,wie sie kräfti-
489 2423 2200 2566 gere Schattirungen vermeiden. Ist das Gesammtton, Kunst-
489 2553 2145 2676 absicht, oder ist vielleicht das Stück nicht an allen
491 2681 1057 2815 Punkten fertig!!-
800 2751 2166 2921 Das lange Verweilen des Kindes auf der Sce-
494 2876 2168 3034 ne im II. Akt ist vielleicht bedenklich, zumal das Hin-
