5041 4152
1540 432 1723 651 <INS>
1752 988 2046 1067 11.8.04.
357 1033 2155 1149 aber anzeigten: sie wären mit Israels in Verhandlungen!
375 1167 2024 1278 Da Sie ohnedies an den Fasching denken, so wäre es ja
380 1273 2074 1391 wohl nicht eilig mit alledem! - Mir erschien der „Cas-
380 1404 2053 1524 sian" s.Zt. als nicht aufführbar, ich werde ihn mir in
369 1529 1456 1637 Berlin aber noch mal heraussuchen.
393 1612 2092 1748 Dass Sie sich in dem lustspielhaften Gebilde bestärken
380 1768 2094 1863 freut mich, trotz der aufziehenden und hoffentlich sich
378 1884 2101 1988 wieder verziehenden Wolken sehr; Ihr Frau, die ich herz-
380 1994 2123 2103 lich grüsse, soll Ihnen nur gute Sachen kochen, die nicht
393 2117 2155 2223 melancholisches Geblüt machen, so wirds auch werden. Auch
398 2239 2076 2340 den Taormineser Stoff wollen wir nicht vergessen, Frau
398 2354 2107 2453 Olga, und von Zeit zu Zeit hübsch begiessen.-Poto Einsa-
409 2458 2046 2576 mer Weg leuchtet mir die veränderte Schlussszene des
412 2564 2107 2680 I. Aktes ungemein ein, da ich vielfach eine Unsicherheit
405 2689 2089 2802 im Publikum traf, welcher Art die Beziehung der Beiden
412 2808 2173 2935 ist! Die Nothwendigkeit für den 4.Akt etwas zu tun, sei's
405 2926 2218 3050 auch durch den „Monolog“, würde dadurch freilich nicht auf-
412 3057 2202 3157 gehoben. - Ich lasse die Hoffnung noch nicht fallen, dass
409 3154 2087 3324 ich das Stück in dieser neuen Form sowohl im Tessing-
3446 432 4844 622 1 „ „ 4 „ —: „ 9 „
4389 999 4654 1108 11.8.04
2969 1051 4021 1153 Theater, wie in Wien spielen kann.
2969 1183 4665 1282 Wer den Hetmann in Hidalla spielt? Ja, guter Bruder, wer
2969 1321 4552 1393 ihn selbst nur hätte!- Ich bin noch im Studium des
2964 1434 4059 1508 Schwankens und bitte um Ihre Tips.
2964 1563 4613 1628 Hauptmann hat sich sehr gut erholt, sehr viele Pfunde
2976 1671 4642 1748 zugenommen, und wenn er sich auch den Winter noch wird
2964 1791 4688 1870 probenfrei halten müssen, so ist doch kein Grund zur Be-
2969 1918 4697 1988 sorgnis mehr. Im Sept. wird er voraussichtlich heiraten
2969 2019 4688 2101 können. Augenbl ick ist auch Rittner hier und schliesst,
2969 2153 4647 2227 zusammen mit mir, den Ring der starken Männer von Agne-
2969 2264 4235 2345 tendorf. Alles grüsst Sie aufs Schönste.
3656 2435 3806 2515 O.B.
2969 2526 3842 2659 bis 17.hier, dann in Berlin.
