5008 4136
1309 421 1488 602 1.° 11.
1640 419 1984 578 1 1/4:4
1666 858 1969 955 17.12.01.
329 948 2006 1047 Form, wie fein in der Stimmung finde. Wie hier der In-
333 1051 1976 1116 halt dseier Menschenleben, ihr Miteinander und Gegen-
329 1172 1961 1234 einander einem einem entscheidenden Moment vergegen-
333 1286 1939 1365 wärtigt ist, zählt für mich zu dem poetisch Besten,
329 1395 1105 1488 was ich von Ihnen kenne,
329 1522 2006 1621 Und nun überlegen Sie sich bitte unsern Vorschlag gut
1795 1589 2008 1662 brief-
333 1643 2062 1729 und ruhig,und geben Sie mir telegraphisch oder xxxx-
333 1759 2019 1840 lich Ihre Entscheidung. Hier stehe ich, ich kann nicht
322 1866 550 1969 anders.
608 1929 1165 2027 Herzlich grüs send
1253 2049 1408 2146 O.B.
329 2144 2036 2266 Den „Kakadu“ als Nr.4 zu nehmen,würde Ihnen wohl nicht
316 2283 561 2399 passen?
3674 430 4261 540 .... 4.
3472 871 3780 980 Telegramm
3775 879 4377 1038 Berlin, 18.12.1901.
2930 1084 4640 1178 Vollständige Inscenierung lässt sich noch nicht ermög-
2941 1187 4655 1305 lichen, doch wollen wir Montag mit Beleuchtung,Kostümen,
2937 1305 4607 1421 Frisuren so probieren, dass Sie ungefähres Bild erhal-
2941 1421 4638 1535 ten. Porträts noch nicht fertig. Dienstg müsste Feier-
2948 1570 4625 1692 tags weg n Probe unterbleiben. Bitte Nachricht,ob Sie
2941 1658 3586 1793 kommen. Gruss Brahm.
