5008 4136
904 743 1065 875 102
1611 827 1920 966 13.3.02.
281 937 2002 1072 N.S. soeben erhalten wir Veranlassung, Sie noch um eine
285 1074 1867 1193 andere grosse Gefälligkeit zu bitten. Ein Fräulein
281 1185 1920 1308 Lafrenz, die am Deutschen Volks Theater in Wien thätig
285 1302 1945 1450 ist, wird uns von privater Seite sehr warm zum Engage-
281 1425 1969 1549 ment empfohlen. Herr Dr. Brahm wäre Ihnen zu Dank ver-
274 1547 2046 1653 pflichtet, wenn Sie die Güte haben wollten, uns über diese
274 1682 2018 1783 Dame, ihro Erscheinung, ihr künstlerisches Wesen und ihre
267 1777 1540 1901 Leistungen etwas Genaueres mitzutheilen.
853 1918 1403 2038 Hochachtungsvoll
1355 2031 1527 2141 d.O.
4279 420 4517 570 1.° 1
3388 774 3589 897 103
3671 851 4237 975 Berlin, 29.3.1902.
2796 981 4500 1101 Lieber Herr Schnitzler,bitte verschaffen Sie mir doch
2798 1070 4519 1207 umgehend die genaue Adresse der Kaltwasseranstalt Sulz
2822 1198 4544 1339 (oder in der Sulz?) bei Kaltenleutgeben. Wenn ich nicht
2798 1315 4511 1452 irre, war Ihr Bruder dort und wird wissen, ob sie zu em-
2798 1459 4559 1565 pfehlen ist? (Kaltenleutgeben wird von dem patienten ab-
2807 1556 4517 1680 gelehnt). Käme sonst etwas nahe Wien in Betracht,falls
2809 1677 4453 1812 2. nicht gut ist? Entschuldigen Sie die Bemühung und
2798 1810 4369 1949 seien Sie in gile, herzlich und österlich, gegrüsst
3384 1932 3724 2029 von Ihrem
3700 2035 3868 2137 O.B.
