4980 4008
1696 738 2001 862 (1.9.02.)
571 847 2249 971 sucht. Keiner passt ganz, dem es kommt nicht wenig in
557 989 2125 1091 den fünf Akten vor, die übrigens nur 2 3/4 Stunden
560 1115 2195 1206 spielen werden.- „Unnütze Menschen“ - nein, nein!....
557 1206 2208 1378 Der Absturz-2 nein - Der Weg in die Tiefe... Der weg
564 1352 2197 1463 ins dunkle... (woraus Sie aber nicht schliessen dür-
566 1476 2232 1585 fen, dass Herr Reinhard zum Schluss in einen schwarzen
557 1566 1550 1692 Hemd aufzutreten hat) - u.s.w.
553 1714 2262 1816 Hugo fragte mich gestern,ob Sie nicht vor etwa 8 Tagen
553 1823 2243 1923 einen Brief von ihm erhalten hätten? Er arbeitet jetzt
549 1940 1158 2053 einiges prosaische.
533 2071 2160 2178 Von dem Stück, das ich im Juli entwarf,1 Theil auch
533 2197 2171 2304 geschrieben, hab ich Ihnen schon Mittheilung gemacht?
525 2293 2191 2400 Es ist wie geschaffen für Sie:17 Verwandlungen...Und
529 2417 1161 2519 was für welche!....
510 2532 2182 2639 Lassen Sie mich bald hören, dass Sie, auch im Berliner
527 2652 1479 2748 Strudel, frisch geblieben sind.
834 2768 1520 2892 Herzlichst der Ihrige
1476 2903 1648 3018 A.S.
3173 335 3360 510 11
4185 677 4610 817 17.12. 1902.
2970 838 4708 1015 Erlauben Sie mir, lieber Herr Brahm, in aller Bescheiden-
2979 993 4732 1111 heit einen freundschaftlichen Rath? Wenn Heine wirklich
2981 1124 4684 1265 frei wird engagieren Sie ihn als Schauspieler - u. Re-
2988 1232 4610 1381 gisseur. Mit L. allein kommen Sie ja doch auf die
2992 1359 4642 1487 Dauer nicht aus. Und H. ist vielleicht der beste und
2981 1485 4625 1607 klügste von den Regisseuren, die heute zu haben sind.
2994 1607 4640 1714 -Um jedem Misverständnis vorzubeugen: Ich habe Heine
2981 1727 4610 1840 nie gesprochen, nie mit ihm briefgewechselt, und von
2994 1847 4677 1979 dem Briefe hier, den ich, einem wie ich glaube nicht un-
2988 1962 4605 2099 glücklichen Einfall nachgebend, an Sie absende, weiss
2996 2071 4074 2221 weder Heine, noch sonst irgend wer.
3469 2191 3933 2328 Herzlichst Ihr
