5318 4088
1034 688 1430 875 263.262
1570 682 2192 849 Berlin, 27.12.1909.
1880 822 2138 916 ich hängst
927 851 1410 1014 Lieber Freund,
510 931 2196 1158 Schlenther sagt mir, dass er Ihnen geschrieben hat, und
506 1063 2199 1265 Sie bald zu sprechen hofft. Was jetzt, dank Alfred dem
528 1172 2201 1390 Wankelmütigen, bekannt wurde, Schl.'s: Ade Wien! hat er
526 1294 2252 1504 mir bei Meissl und Schadn schon gesagt, unter dem Siegel
535 1417 2294 1613 der V. Sie tun ihm mit Ihren Verdächten Unrecht, ganz ge-
544 1533 2236 1735 wiss; er war nur die letzten Monate in der heikelsten
548 1657 2252 1858 Situation, weil er aus Rücksicht auf Montenuovo von der
559 1762 2277 1996 Sdheideabsicht nicht reden konnte, und deshalb, sagte er
570 1884 2348 2105 mir, hätte er Sie lieber nicht gesprochen bisher; nun aber
572 1969 2292 2201 sei die Bahn frei, und es wäre ihm sehr sympathisch, mit
577 2114 2361 2330 der Inscenierung des „Medardus“ seine Wiener Werkstätten
584 2225 2279 2459 zu schliessen.- So, und das Andere mag er Ihnen selber
597 2481 815 2566 sagen.
604 2468 2301 2682 Der Bahr war ein wirklicher, ungewöhnlicher Erfolg, und
621 2599 2363 2798 das von Ihnen bewilligte halbe Dutzend Aufführungen wird
613 2698 2301 2929 schon in die ser Woche erreicht sein! Hält die Wirkung
621 2818 2370 3092 an, so werd ich meine Dispositionen etwas rücken müssen,
4480 702 4814 833 27.12.09.
3762 688 4114 846 263 262
3125 775 4912 973 und den Anatol im März bringen. Augenblicklich hängt uns
3143 924 4863 1085 der Himmel voller Weihnachtsgeigen, da wir an jedem Fei-
3134 1047 4921 1238 ertagabend 6000 M. eingenommen, und auf diese Weise erfah-
3136 1167 4778 1339 ren haben, dass es solche Einnahmen überhaupt gibt! -
3150 1292 4836 1432 Ihre Inscenierungswünsche, incl. Schneeflocken, hab ich
3152 1414 4860 1593 Herrn Tessing mitgeteilt.- Weshalb ein preiakter eines
3168 1521 4863 1713 Nicht-Schnitzler besser zur Mizzi passen soll, als zwei
3159 1628 4785 1815 echte Schnitzlerakte vermag mein Untertanenverstand
3168 1757 4840 1896 nicht einzusehen. Den „Wurstl“ will ich auch noch an-
3161 1880 4950 2036 sehn, aber ich glaube, ein Berliner Publikum kann das nicht
3170 2007 4892 2172 capieren.- Ueber Ihren guten „Ruf" habe ich mich natür-
3176 2138 4874 2281 lich sehr gefreut; und Ihren Abbruch der Reinh.-Brücke
3170 2234 4956 2397 kann ich Ihnen auch nicht übelnehmen, es lebe das Tempera¬
3170 2346 4834 2537 ment! Was Pötzleinsdorf betrifft - da besuch ich Sie
3188 2461 4896 2655 doch noch mal, wenn der junge Wein blüht; und so wünsch
3203 2575 4903 2729 ich Ihnen für 1910 Nerven von Eisen,Tantiemen von Gold
3194 2700 4958 2889 (ohne Garantie) und einen Burgtheaterdirektor nach Ihrem
3190 2885 3437 2985 Herzen.
4330 2873 4508 2998 O.B.
