5304 4279
498 593 2543 795 in dem bisherigen Geschäftsverkehr zwischen Bühne und
516 711 2566 905 Autor und der Vogelfreiheit des letzteren wird damit,
521 798 2523 987 so hoffen wir, ein Ende gemacht. Die betr. Entwürfe
527 897 2556 1079 sind Ihnen zugegangen. Wir erwarten, daß in unserer
509 966 2564 1176 entscheidenden Mitgliedeversammlung am 2. Juni (am
552 1076 2492 1224 4. tagt denn die Generalversammlung des deutschen
552 1138 2503 1309 Bühnenvereins) ein Vertreter Ihrer Gesellschaft er¬
544 1217 2513 1424 scheinen wird. Daß wir uns aber auf alle Falle
539 1322 2592 1493 einigen und vereinen werden, steht wohl außer Zweifel
736 1380 2589 1552 Was mich betrifft, so bin ich mit meinem Sterven
539 1472 2538 1659 ziemlich am Ende. Dieser Winter hat mich - und von
560 1554 2487 1725 nicht? – geliefert. Zu allem Trostlosen, das uns die
575 1656 2505 1851 Zeit bescherte, kommt noch mancherlei Trübes in
547 1710 2526 1910 meiner Familie hinzu. Mein einziger Bruder ist
580 1823 2554 2014 schwer leidend; meine Frau hat ihre jüngste Schwester
567 1897 2559 2096 im Wochenbett verloren. Und so hat Ieder neben dem
544 1973 2605 2193 allgemeinen Riesengeck nach sein Separatpäckchen
567 2076 2615 2290 zu tragen. Könnte ich arbeiten, so wäre nur lichter.
575 2173 2584 2334 Aber seit Monaten fühl' ich mich außer stand dazu.
764 2262 2612 2459 Hoffentlich sind Sie in dieser Hinsicht besser dran¬
603 2347 2602 2518 Ihr "Casanova" wenigstens, den ich mit Genuß gelesen
598 2416 2623 2628 habe, beweist, falls er aus dem letzten Jahre stammt,
596 2523 2602 2707 daß die Frische Ihrer Schiffenskraft dem entsetzlichen
611 2602 2109 2817 Zusammenbruch zu trotzen versteht.
759 2661 2408 2917 Mit herzlichen Grüßen von Haus zu Haus
1766 2799 1938 2983 Ihr
1690 2973 2508 3185 Ludwig Fulda
4890 2947 5161 3126 j'y opxie
4509 3801 4732 3988 G.C.F.P
4594 3949 4750 4087 G.C.F.P
