5303 4392
3914 116 4512 311 17.11.03
2716 220 3720 479 Liebe Herr Schnitzler!
4354 344 4598 492 The 2nd
2708 326 4313 595 Auf Ihre Namen hab ich eine Lage¬
1224 417 1413 551 23
2726 476 4776 694 reserviren lassen, die morgen Vormittag abgeholt.
2138 487 2374 712 1904.
916 551 2058 712 Berlin-Charlottenburg, den 1 9en 1
2690 577 4768 779 werden muß. Es war die einzige, die noch zu haben
986 673 1354 797 Uhlandstrasse 1.
2700 689 4758 888 war; im 3. Stock abselect nichts mehr. Ich hoffe,
2697 818 4220 1007 das wird Ihnen nichts ausmachen.
2910 870 4810 1155 Herzliche Grüße für Sie und Ihre werthe Gattin
963 950 1934 1175 Lieber Herr Schnitzler!
3899 1028 4269 1237 Ihrig
738 1209 2439 1388 Herzlichsten Dank für Ihr Telegramm, nicht
487 1364 2415 1517 minder für den »Einsamen Weg«, der mir durch
497 1450 1067 1595 Fischer Zuging.
730 1530 2446 1675 Ich habe Ihr neues Werk mit dem größten
3906 1533 4668 1729 W. 14.11.03
474 1644 2449 1781 Interesse sofort gelesen. Es gehört partisch gewiß
474 1753 2452 1903 zum schönsten, was Sie geschaffen haben, ja, zeigt,
463 1866 2475 2004 daß Sie an inneren Reichthum noch immer zunehmen
484 1988 2413 2112 Ob diese überaus feine Arbeit sich auch auf der
492 2074 2415 2203 Bühne behaupten wird, ob dort nicht manche ihrer
484 2190 2433 2281 Vorzüge zu Gefahren werden, ist freilich eine andere
474 2281 2374 2439 Frage, die Sie jedenfalls selbst sich schon vorgelegt
484 2387 2369 2558 haben; hoffentlich - das wünsche ich Ihnen von
500 2485 2402 2633 Leyen - wird die Antwort in günstigen Sinne
487 2594 916 2744 ausfallen.
611 2669 2433 2819 Ich würde gerne mit Ihnen darüber plaudern
487 2767 2449 2918 Leider werde ich Sie jedoch hier nicht sehen; denn
474 2866 2415 3024 Anfang Februar will ich mit Goldschmidt nach
474 2972 2490 3122 Aegypten Fahrn; erst im Frühjahr kehre ich zurück.
619 3091 2446 3226 Aegypten - da liegt der Vergleich mit einer
505 3179 2470 3327 Oase nah. Als solche erscheinen meiner Erinnerung
500 3275 2454 3435 an die Wiener Tage die beiden Abende in Ihrem
3112 1584 3264 1716 G.C.P.
3109 1685 3339 1843 S
2912 1631 3086 1828 P
2861 1701 4784 1929 Liebe Herr Schmitzlei! Mit Vergnügen
2837 1812 4825 2019 werde ich Montag Abend bei Ihnen erscheinen
2855 1947 4841 2143 Der Sicherheit halber will ich das noch einmal
2879 2045 4823 2242 ausdrücklich bestätigen. Mit der Bitte, mich
2907 2162 4745 2392 Jhaer Frau bestens empfehlen zu wollen,
3660 2294 4121 2493 herzlichst
4181 2345 4401 2524 Ihr
3213 2472 3415 2568 receu avec
4054 2480 4815 2703 Ludig Fulda
4924 2817 5128 2985 G.C.F.P.
4209 2871 4510 3060 11.03
3363 2879 4072 3104 Wien,
3246 3047 3694 3197 Votre très obéissant serviteur, comme
4921 2949 5092 3104 LIST.
4098 3013 4631 3161 Hotel Beistel.
2848 3086 3824 3352 Lebe Herr Schnitzler!
2793 3176 4862 3453 Heute in Wien eingetroffen, bitte ich Sie, mir
2853 3303 4859 3492 mitzutheilen, wann ich Sie in den nächsten Tagen
2853 3389 4877 3606 Nachmittags zu Hause taffe, oder wann und wo
2871 3477 4893 3686 wir uns an einen der nächsten Abende nach dem
2915 3575 4841 3821 Theate finden könnten. Ich richte diese Zeilen
2910 3653 4815 3893 an Ihre alte Adresse, da mir die unanricht
3013 3756 4929 3989 Dann bekannt ist. Also hoffentlich auf beldiges
2928 3886 4445 4095 Wiedersehen. Herzlich grüßend Ihr
4002 3981 4781 4227 Lestwig Fulda
