5303 4248
431 694 2296 862 guten und bösen Sinne zu feminin, und
433 799 2226 945 ich glaube doch, daß gerade Sie wie kaum
433 864 2222 1036 ein Zweiter des Zug hätten, uns aus der
431 983 2226 1108 überreichen Literatur, die von Frauen den
438 1048 2229 1167 Frauen erzählt ins Mannlich-Menschliche
422 1139 2233 1299 enporzuheben. Dies mein unmaßgeblicher
431 1230 2166 1367 Standpunkt, mit der selbstverständlichen
440 1306 2233 1451 Vollmacht, daß Sie das Recht haben, darüber
433 1411 2229 1563 zu lächeln und unbeirrt die Wege weiter
433 1497 1905 1646 zu gehen, die Ihnen gemäß sind
624 1588 2210 1730 Wir bleiben hier bis etwa 10. Juni
415 1674 2285 1821 und kehren dann zunächst nach Berlin zurück
426 1788 2231 1917 Im Sommer gehen wir vielleicht wieder
438 1870 2140 1991 nach Tafoi. Wie sehr wir beide uns
447 1968 2264 2110 freuen würden, mit Ihnen zusammenzu¬
431 2040 1330 2208 treffen, wissen Sie.
619 2138 1409 2301 herzlich der Ihrige
1404 2156 2271 2413 Ludwig Fulda
3423 377 4557 538 3.3. Frankfurt a. M. 28.4.01.
3894 473 4373 564 Beethovenstrasse 28
2899 533 4474 724 Lieber Herr Schnitzler! Ihren Brief ein
2927 673 4515 810 ich hier im Elterchaus, wo wir auf
2904 741 4543 876 der Rückreise Station gemacht haben. Wir
2899 824 4522 952 kehren in einigen Tagen nach Berlin zurück
2885 929 4462 1034 und werden dort das angekündigte Buch
2899 987 4534 1129 jedenfalls vorfinden. Wir freuen uns beide
2885 1055 4474 1195 lebhaft darauf, es kennen zu lernen.
2883 1150 4504 1276 Einstweilen Dank im Voraus! Unterwegs
2885 1216 4555 1351 lasen wir mit großen Interesse den Auf¬
2923 1299 4488 1421 satz von Brandes in der Fr. Pr. Mich hat
2904 1358 4557 1481 die Wärme des Tons sehr erfreut, während
2899 1444 4557 1611 mir das Ganze doch in wenig zu oberflächtig
2916 1509 4548 1663 scheint. Bandes hat sich die Sache zu leicht genau.
2923 1591 4541 1744 und nicht das letzte Wort über Sie gesprochen.
2999 2464 4606 2645 Geponné ae ou d'après de la Cemperes
2839 2629 4415 2771 Könnten wir uns nicht vielleicht dort
4497 2608 5023 2788 Londresse
2827 2722 4387 2848 treffen? Das wäre doch prächtig. Bitte
2827 2808 4406 2937 um eine kurze Nachricht nach Gardrne.
2827 2890 4427 3041 Und alle guten Wünsche auf Ihren Weg.
4557 2850 5130 3027 pereur et aiua
2839 2990 4182 3130 Herzlich grüßend von uns Beiden
4504 3002 5084 3176 Goss per maiptier
3665 3079 4131 3204 Der Ihrige
3724 3132 4385 3339 Liedvig Fulda
2944 3314 4439 3481 Wir haben uns neulich schändlich geäger¬
2839 3398 4432 3556 daß wir Iha Marionetten nicht schon konnten
2843 3500 4481 3654 Bis nach halb elf herrten wir aus; dann mußten
2827 3575 4385 3712 wir fort. Es war überhaupt recht ungeschickt
2855 3658 4376 3761 Die Tièce de résistance des Abends so weit
2827 3724 4446 3875 hinauszuschieben und einem ermüdeten Publikum
2815 3814 3304 3924 vorzuführen!
