5303 4231
3733 510 4643 705 x x cnapona paaakke
2113 638 3323 795 Berlin-Charlottenburg, den 18. ten 12.
3410 644 3628 785 1898.
4346 682 5020 815 est, mais il a fait
4379 802 4648 936 G.H.F.P
3966 754 4151 928 500.
3966 923 4146 1064 G.H.F.P.
4869 1059 5092 1179 B.F.P.
3971 1082 4184 1187 soo e
2128 1015 3102 1225 Lieber Herr Schnitzler!
1838 1241 3669 1374 Brahm hat die Idee, daß die „Freie Bühne“ zum
1654 1338 3705 1454 "Kakadu" noch einen unverbotene Einakter von Ihm
1707 1423 3705 1561 spielen könnte und hat mir dieserhalb Ihr „Gefährkin“
1677 1513 3669 1672 zur Lektür geschickt. Ich habe das feine Stückchen
1664 1600 3651 1731 mit großem Interesse gelesen, finde es zwar nicht so
1674 1733 3717 1848 stark und eigenartig wie den »Rekadu«, zumal es auch
1654 1792 3666 1925 in Stoff und Behandlung an bekannte frühere Arbeiten
1677 1874 3725 1997 von Ihnen anklingt, glaube aber doch, daß es bei guter
1646 1987 3699 2105 Darstellung nicht ohne Wirkung bleiben kann. Jedoch
1659 2084 3720 2192 das entscheidende Wort haben Sie hier zu sprechen. Würden
1682 2166 3717 2295 Sie einwilligen, daß das Stückchen mit dem „Rekadu“
1672 2261 3666 2395 zusammen unsere Matinea bildet? Dann waren
1672 2382 3633 2505 wir jedenfalls über die wesentlichste Schwierigkeit
1677 2438 3669 2582 hinaus: im passendes Ergänzungsstück zu finden.
3751 2428 4230 2602 12 % Chapoua :
4325 2451 4702 2628 G.H.F.P.
1672 2561 3682 2674 Und Bahm wär bereit u fells, wie ich nicht zweifle,
4325 2582 5056 2753 L'arreste est, aujus
1690 2659 3715 2800 mein Mitvorstand sich finanziell mit ihm einigt,
1659 2730 3687 2853 die Vorstellung schon am 29. Januar herauszubrin¬
4317 2702 4663 2864 Dr A0L60
3966 2705 4197 2859 soo: 4
1664 2820 3682 2959 gen. Ich will übrigens ehrlich genug sein, Ihnen ein
4330 2828 5189 3012 D'ATES HENF et OTURB
3971 2848 4230 2987 soe ee
1672 2912 3723 3082 Bedenken nicht zu verschweigen: Eine ganz harmonische
4317 2961 5128 3123 Draesaeu russeptial
1672 3007 3664 3166 und ganz logische Sache scheint es mir nicht, wenn
3989 2959 4197 3130 500:8
1664 3112 3687 3228 wir ein verbotenes Stück von Ihnen, nur um den
3984 3100 4222 3284 3,20:30
1672 3202 3720 3359 Morgen zu füllen, mit einen andern zusammenstelle
1672 3302 3705 3466 gegen dessen öffentliche Aufführung gar kein Baden¬
1672 3389 3723 3584 ken verliegt, das durch die Zusammenstellung vielleicht
1925 3735 2169 3899 G.C.H.F.P
