5303 4265
2484 387 2657 590 47
1611 433 2013 684 Friede
2310 524 3604 686 Berlin-Dahlem, den 28 ten Mai 1919.
2302 664 2687 785 Miquelstraße 86.
2226 851 2872 1026 Lieber Freund.
1889 1023 3682 1160 Es hat mich aufrichtig gefreut, etwas Persönliches
1666 1076 3609 1238 von Thun zu hören, und ich beeile mich umsomehr,
1651 1167 3672 1332 Ihnen zu antworten, als die Post noch immer höchst lang¬
1649 1271 3687 1451 sam ist. Ihr Brief hat eine Woche hierher gebraucht; außer¬
1644 1398 3568 1550 dem sind z. Z., wie man mich kürzlich belehrt hat,
1644 1426 3672 1641 Exposibriefe nach Oesterreich unzulässig. Werum, weiß
1689 1583 2457 1722 der liebe Himmel.
1866 1603 3621 1801 Ihrem musikalischen Schützling, vermag ich leider
1669 1694 3652 1907 nicht zu dienen. Ich habe über Rostands "Romantische"
1689 1765 3639 1975 keinerlei Verfügungsrecht und stehe mit den Erben
1671 1892 3659 2069 - wie sich das gegenwärtig je ohnehin von selbst ver¬
1679 1953 3604 2155 steht - außerhalb jeder Verbindung. Es wird dem
1679 2059 3644 2246 jungen Künstler nichts übrig bleiben, als sich nach
1679 2127 3637 2335 Friedeusschluß direkt an diese Erben zu wenden; nur
1671 2244 3687 2441 Euchte ich, daß sie sich einen „Feinde“ gegenüber schon
1687 2355 3695 2515 aus Angst vor dem in Frankreich herrschenden Chauvi¬
1666 2446 3670 2583 nistischen Terrorismus ablehnend verhalten werden.
1859 2525 3703 2697 Zwischen Ihrer neugegründeten Autoren-Gesellschaft
1687 2619 3708 2786 und unserem Verband hat inzwischen ein Telegramm.
1666 2712 3685 2910 wechsel stattgefunden. Ein gemeinsames Vergehen,
1697 2806 3695 2988 ja noch mehr eine enge Vereinigung ist im beider
1687 2905 3639 3090 seitigen Intresse unumgänglich. Umsomehr, als
1692 3006 3710 3173 wir hier je im Begriffe stehen, mit dem Bühnen¬
1694 3074 3710 3244 verein einen sogenannten Tarifvertrag abzuschließen.
1699 3226 3563 3345 der uns ganz bedeutende Vortiele und einen
1694 3313 3710 3495 außerordentlichen Machtzuwachs sichert. Der Anarchie
4371 712 4617 838 G.C.F.P.
4419 823 4624 955 H.O.I.C.O
3989 962 4204 1086 G.C.H.F.P.
4374 2477 4665 2619 Doote
3756 2510 4285 2624 Mais x Chapoua
4374 2588 5103 2748 mais ou il y ai-
4389 2740 4678 2900 P. T AOZoo
4022 2722 4244 2895 Soo: 4
4422 2834 5214 3006 peut-avoir-même, mais il est
4019 2852 4277 3021 soe ee
4369 2976 5179 3155 Dr. R.S.B.P.F.
4034 3034 4250 3173 soo e
4042 3148 4270 3280 :20:20
4495 3287 4655 3396 G.C.H.P.
4483 3948 4716 4100 G.C.F.P.
