<?xml version="1.0" encoding="UTF-8" standalone="yes"?>
<PcGts xmlns="http://schema.primaresearch.org/PAGE/gts/pagecontent/2013-07-15" xmlns:xsi="http://www.w3.org/2001/XMLSchema-instance" xsi:schemaLocation="http://schema.primaresearch.org/PAGE/gts/pagecontent/2013-07-15 http://schema.primaresearch.org/PAGE/gts/pagecontent/2013-07-15/pagecontent.xsd">
    <Metadata>
        <Creator>prov=READ-COOP:name=TrHtr:version=2.1.0:model_id=51170:date=25_07_2023_01:13</Creator>
        <Created>2023-05-01T21:53:46.655+02:00</Created>
        <LastChange>2023-07-25T01:13:05.417+02:00</LastChange>
        <TranskribusMetadata docId="1416425" pageId="54945725" pageNr="27" tsid="130579736" status="IN_PROGRESS" userId="64420" imgUrl="https://files.transkribus.eu/Get?id=MFXJSFDUCMLGKWSCHLFNDKSZ&amp;fileType=view" xmlUrl="https://files.transkribus.eu/Get?id=LBGCVUQLASJRRAYYJKSONQMC" imageId="44449810"/>
    </Metadata>
    <Page imageFilename="1416425_0027.jpg" imageWidth="5321" imageHeight="4280">
        <ReadingOrder>
            <OrderedGroup id="ro_1711832156270" caption="Regions reading order">
                <RegionRefIndexed index="0" regionRef="tr_1"/>
            </OrderedGroup>
        </ReadingOrder>
        <TextRegion id="tr_1" custom="readingOrder {index:0;}">
            <Coords points="596,367 5169,367 5169,3627 596,3627"/>
            <TextLine id="tr_1_tl_1" custom="readingOrder {index:0;}">
                <Coords points="3617,488 3667,483 3682,493 3706,483 3731,491 3786,453 3813,453 3810,374 3786,377 3766,357 3739,362 3667,332 3612,344"/>
                <Baseline points="3629,417 3718,423 3808,423 3820,429"/>
                <TextEquiv>
                    <Unicode>43</Unicode>
                </TextEquiv>
            </TextLine>
            <TextLine id="tr_1_tl_2" custom="readingOrder {index:1;}">
                <Coords points="1333,605 1358,600 1387,624 1439,592 1467,602 1484,597 1489,605 1519,602 1521,491 1484,483 1479,488 1457,471 1442,476 1422,468 1395,488 1360,466 1338,466"/>
                <Baseline points="1349,573 1432,579 1522,567"/>
                <TextEquiv>
                    <Unicode>42</Unicode>
                </TextEquiv>
            </TextLine>
            <TextLine id="tr_1_tl_3" custom="readingOrder {index:2;}">
                <Coords points="4591,652 4616,647 4653,609 4678,617 4717,600 4752,622 4774,617 4772,500 4744,500 4710,530 4663,525 4643,538 4633,533 4621,545 4588,545"/>
                <Baseline points="4602,579 4691,579 4781,584"/>
                <TextEquiv>
                    <Unicode>1912</Unicode>
                </TextEquiv>
            </TextLine>
            <TextLine id="tr_1_tl_4" custom="readingOrder {index:3;}">
                <Coords points="4308,629 4338,619 4365,639 4388,624 4405,629 4415,619 4425,622 4445,605 4494,600 4494,530 4482,530 4464,513 4450,520 4427,510 4393,510 4358,533 4343,525 4333,535 4308,530"/>
                <Baseline points="4321,584 4411,584 4500,584"/>
                <TextEquiv>
                    <Unicode>2.</Unicode>
                </TextEquiv>
            </TextLine>
            <TextLine id="tr_1_tl_5" custom="readingOrder {index:4;}">
                <Coords points="3610,629 3776,612 3845,627 3937,612 3959,634 4085,612 4160,624 4182,619 4184,533 4095,505 3934,528 3860,496 3612,525"/>
                <Baseline points="3623,602 3653,602 3742,602 3832,608 3921,596 4011,596 4100,590 4190,590"/>
                <TextEquiv>
                    <Unicode>Berlin W., den 15ten</Unicode>
                </TextEquiv>
            </TextLine>
            <TextLine id="tr_1_tl_6" custom="readingOrder {index:5;}">
                <Coords points="3555,696 3590,684 3706,694 3741,674 3793,696 3880,681 3914,701 3914,634 3885,619 3843,634 3810,619 3791,637 3783,624 3741,619 3672,632 3597,619 3555,632"/>
                <Baseline points="3569,668 3653,668 3742,668 3832,668 3921,656"/>
                <TextEquiv>
                    <Unicode>Kaiser-Allee 20.</Unicode>
                </TextEquiv>
            </TextLine>
            <TextLine id="tr_1_tl_7" custom="readingOrder {index:6;}">
                <Coords points="1298,741 2150,706 2480,741 2500,639 2346,632 2287,676 2069,632 1301,664"/>
                <Baseline points="1313,722 1325,722 1414,722 1504,722 1593,716 1683,710 1772,710 1862,698 1951,698 1999,698 2089,698 2178,692 2268,698 2357,698 2447,704 2501,704"/>
                <TextEquiv>
                    <Unicode>Berlin W., den 12ten 2 1912.</Unicode>
                </TextEquiv>
            </TextLine>
            <TextLine id="tr_1_tl_8" custom="readingOrder {index:7;}">
                <Coords points="4888,790 4903,790 4925,771 4935,775 4970,763 4992,773 5019,761 5034,768 5074,763 5071,694 5044,689 5032,694 5000,671 4985,679 4940,649 4923,647 4900,627 4883,627"/>
                <Baseline points="4900,740 4990,746 5079,746"/>
                <TextEquiv>
                    <Unicode>G.C.F.P.</Unicode>
                </TextEquiv>
            </TextLine>
            <TextLine id="tr_1_tl_9" custom="readingOrder {index:8;}">
                <Coords points="1264,803 1301,810 1345,798 1402,837 1430,820 1452,837 1509,800 1536,815 1558,808 1581,830 1623,815 1625,741 1558,733 1519,751 1489,733 1472,743 1407,733 1380,756 1328,733 1266,736"/>
                <Baseline points="1277,781 1361,787 1450,781 1540,781 1629,776"/>
                <TextEquiv>
                    <Unicode>Kaiser-Allee 20.</Unicode>
                </TextEquiv>
            </TextLine>
            <TextLine id="tr_1_tl_10" custom="readingOrder {index:9;}">
                <Coords points="3434,1122 3632,1152 3729,1117 3776,1137 4031,1105 4123,1127 4145,1122 4147,1033 4095,1055 4023,1043 3984,1008 3897,1021 3882,1003 3788,1033 3632,941 3436,986"/>
                <Baseline points="3450,1092 3527,1104 3617,1104 3706,1104 3796,1104 3886,1104 3975,1098 4065,1098 4154,1080"/>
                <TextEquiv>
                    <Unicode>Liebe Freund!</Unicode>
                </TextEquiv>
            </TextLine>
            <TextLine id="tr_1_tl_11" custom="readingOrder {index:10;}">
                <Coords points="1090,1162 1308,1174 1373,1204 1472,1162 1536,1204 1613,1152 1784,1152 1789,1043 1705,1063 1628,1013 1439,1068 1370,1011 1306,998 1150,1080 1095,1065"/>
                <Baseline points="1104,1152 1164,1152 1253,1152 1343,1146 1432,1146 1522,1140 1611,1134 1701,1128 1790,1116"/>
                <TextEquiv>
                    <Unicode>Liebe Freund!</Unicode>
                </TextEquiv>
            </TextLine>
            <TextLine id="tr_1_tl_12" custom="readingOrder {index:11;}">
                <Coords points="3171,1323 4457,1335 4844,1288 4844,1214 4670,1197 3174,1229"/>
                <Baseline points="3187,1307 3235,1295 3324,1295 3414,1289 3503,1289 3593,1289 3683,1289 3772,1289 3862,1289 3951,1283 4041,1283 4130,1283 4220,1277 4309,1277 4399,1277 4488,1277 4578,1271 4668,1271 4757,1265 4847,1265"/>
                <TextEquiv>
                    <Unicode>Der „Verband deutscher Bühmschriftsteller“</Unicode>
                </TextEquiv>
            </TextLine>
            <TextLine id="tr_1_tl_13" custom="readingOrder {index:12;}">
                <Coords points="862,1348 1373,1313 1430,1353 1598,1301 1784,1343 1910,1291 2413,1325 2482,1296 2485,1209 2401,1251 2304,1197 2022,1268 1719,1221 1313,1266 959,1204 865,1261"/>
                <Baseline points="877,1307 967,1313 1056,1301 1146,1301 1235,1307 1325,1301 1414,1295 1504,1301 1593,1301 1683,1301 1772,1295 1862,1289 1951,1289 2041,1289 2131,1289 2220,1283 2310,1277 2399,1277 2489,1271"/>
                <TextEquiv>
                    <Unicode>Auf Grund Ihres Briefes vom 5. habe ich</Unicode>
                </TextEquiv>
            </TextLine>
            <TextLine id="tr_1_tl_14" custom="readingOrder {index:13;}">
                <Coords points="2894,1462 4583,1375 4754,1442 4844,1415 4846,1308 3164,1375 3032,1318 2896,1370"/>
                <Baseline points="2907,1396 2972,1396 3062,1396 3151,1390 3241,1396 3330,1390 3420,1390 3509,1384 3599,1378 3689,1378 3778,1378 3868,1378 3957,1372 4047,1378 4136,1378 4226,1372 4315,1372 4405,1372 4494,1366 4584,1361 4673,1361 4763,1361 4853,1366"/>
                <TextEquiv>
                    <Unicode>hat gestern meinem Antrag gemäß beschlossen</Unicode>
                </TextEquiv>
            </TextLine>
            <TextLine id="tr_1_tl_15" custom="readingOrder {index:14;}">
                <Coords points="597,1447 2413,1402 2492,1308 600,1410"/>
                <Baseline points="614,1432 704,1426 793,1420 883,1420 972,1420 1062,1414 1152,1414 1241,1408 1331,1408 1420,1396 1510,1402 1599,1396 1689,1396 1778,1390 1868,1390 1957,1384 2047,1378 2137,1378 2226,1372 2316,1372 2405,1372 2495,1366"/>
                <TextEquiv>
                    <Unicode>eine Verstandssitzung unseres Verbandes einbe¬</Unicode>
                </TextEquiv>
            </TextLine>
            <TextLine id="tr_1_tl_16" custom="readingOrder {index:15;}">
                <Coords points="2899,1519 3112,1568 3766,1472 4536,1509 4749,1472 4752,1397 2899,1477"/>
                <Baseline points="2913,1504 2966,1498 3056,1498 3145,1498 3235,1498 3324,1492 3414,1486 3503,1486 3593,1480 3683,1474 3772,1468 3862,1474 3951,1468 4041,1468 4130,1468 4220,1468 4309,1462 4399,1462 4488,1462 4578,1456 4668,1456 4757,1444"/>
                <TextEquiv>
                    <Unicode>die Eingab an die Wiener Intendenz zu</Unicode>
                </TextEquiv>
            </TextLine>
            <TextLine id="tr_1_tl_17" custom="readingOrder {index:16;}">
                <Coords points="582,1529 711,1578 1952,1484 2017,1531 2470,1489 2473,1410 585,1489"/>
                <Baseline points="596,1510 686,1516 776,1516 865,1516 955,1522 1044,1510 1134,1510 1223,1510 1313,1504 1402,1504 1492,1498 1581,1498 1671,1492 1760,1486 1850,1486 1940,1480 2029,1474 2119,1474 2208,1468 2298,1462 2387,1462 2477,1462"/>
                <TextEquiv>
                    <Unicode>rufen lassen, die übermorgen stattfinden wird,</Unicode>
                </TextEquiv>
            </TextLine>
            <TextLine id="tr_1_tl_18" custom="readingOrder {index:17;}">
                <Coords points="2862,1623 3491,1655 4237,1563 4616,1610 4829,1553 4831,1486 2864,1583"/>
                <Baseline points="2877,1605 2954,1605 3044,1611 3133,1605 3223,1599 3312,1593 3402,1587 3492,1587 3581,1587 3671,1581 3760,1581 3850,1575 3939,1575 4029,1569 4118,1569 4208,1563 4297,1563 4387,1557 4476,1557 4566,1552 4656,1546 4745,1540 4835,1540"/>
                <TextEquiv>
                    <Unicode>richten, und zwar ebenso mit Bezug auf den</Unicode>
                </TextEquiv>
            </TextLine>
            <TextLine id="tr_1_tl_19" custom="readingOrder {index:18;}">
                <Coords points="580,1660 2302,1620 2520,1573 2522,1511 582,1608"/>
                <Baseline points="596,1623 644,1623 734,1623 823,1623 913,1623 1002,1623 1092,1617 1181,1611 1271,1605 1361,1599 1450,1593 1540,1593 1629,1593 1719,1593 1808,1593 1898,1587 1987,1581 2077,1569 2166,1569 2256,1569 2345,1563 2435,1557 2525,1552"/>
                <TextEquiv>
                    <Unicode>und über deren Resultat ich Ihnen jedenfalls</Unicode>
                </TextEquiv>
            </TextLine>
            <TextLine id="tr_1_tl_20" custom="readingOrder {index:19;}">
                <Coords points="2886,1739 3639,1687 4536,1717 4695,1660 4700,1591 4294,1652 4145,1596 3890,1667 3612,1628 3525,1685 2889,1650"/>
                <Baseline points="2901,1713 2913,1713 3002,1719 3092,1713 3181,1713 3271,1707 3360,1707 3450,1701 3539,1701 3629,1689 3718,1689 3808,1683 3897,1683 3987,1683 4077,1677 4166,1671 4256,1665 4345,1671 4435,1665 4524,1659 4614,1653 4703,1647"/>
                <TextEquiv>
                    <Unicode>Tantimerwers wie auf die verspätete</Unicode>
                </TextEquiv>
            </TextLine>
            <TextLine id="tr_1_tl_21" custom="readingOrder {index:20;}">
                <Coords points="582,1769 2351,1705 2534,1690 2537,1623 1650,1677 1417,1618 1239,1695 691,1655 585,1702"/>
                <Baseline points="596,1731 662,1725 752,1725 841,1725 931,1725 1020,1719 1110,1719 1199,1713 1289,1713 1378,1707 1468,1707 1557,1701 1647,1695 1737,1695 1826,1695 1916,1689 2005,1683 2095,1677 2184,1677 2274,1671 2363,1671 2453,1665 2542,1665"/>
                <TextEquiv>
                    <Unicode>berichten werde. Daß Sie unser Mitglied werden</Unicode>
                </TextEquiv>
            </TextLine>
            <TextLine id="tr_1_tl_22" custom="readingOrder {index:21;}">
                <Coords points="2874,1890 3488,1806 4747,1809 4831,1719 2879,1762"/>
                <Baseline points="2889,1820 2954,1820 3044,1808 3133,1808 3223,1802 3312,1802 3402,1796 3492,1796 3581,1796 3671,1796 3760,1790 3850,1784 3939,1784 4029,1784 4118,1778 4208,1778 4297,1772 4387,1772 4476,1766 4566,1760 4656,1760 4745,1766 4835,1772"/>
                <TextEquiv>
                    <Unicode>Auszahlung der Tantinnen den Quittungsstengel</Unicode>
                </TextEquiv>
            </TextLine>
            <TextLine id="tr_1_tl_23" custom="readingOrder {index:22;}">
                <Coords points="595,1848 1598,1856 2014,1786 2200,1828 2495,1781 2497,1690 595,1809"/>
                <Baseline points="608,1826 620,1826 710,1826 799,1826 889,1820 978,1826 1068,1820 1158,1814 1247,1814 1337,1814 1426,1808 1516,1802 1605,1802 1695,1796 1784,1796 1874,1790 1963,1790 2053,1784 2142,1778 2232,1778 2322,1772 2411,1772 2501,1766"/>
                <TextEquiv>
                    <Unicode>wollen, wurde mit großer Freude begrüßt; Sie</Unicode>
                </TextEquiv>
            </TextLine>
            <TextLine id="tr_1_tl_24" custom="readingOrder {index:23;}">
                <Coords points="2879,1950 4343,1880 4633,1942 4839,1898 4844,1814 2881,1888"/>
                <Baseline points="2895,1928 2966,1922 3056,1922 3145,1916 3235,1910 3324,1904 3414,1898 3503,1886 3593,1892 3683,1892 3772,1892 3862,1892 3951,1886 4041,1880 4130,1880 4220,1874 4309,1874 4399,1868 4488,1868 4578,1868 4668,1862 4757,1868 4847,1862"/>
                <TextEquiv>
                    <Unicode>mit hineinzuziehen, deren nahmen wir Abstand</Unicode>
                </TextEquiv>
            </TextLine>
            <TextLine id="tr_1_tl_25" custom="readingOrder {index:24;}">
                <Coords points="612,1947 1184,1967 1430,1905 1779,1962 1950,1890 2242,1945 2386,1833 612,1898"/>
                <Baseline points="626,1928 686,1928 776,1928 865,1928 955,1922 1044,1922 1134,1916 1223,1910 1313,1910 1402,1904 1492,1904 1581,1904 1671,1904 1760,1898 1850,1892 1940,1886 2029,1892 2119,1886 2208,1874 2298,1868 2387,1868"/>
                <TextEquiv>
                    <Unicode>werden von unserem Schriftführer über Ihre</Unicode>
                </TextEquiv>
            </TextLine>
            <TextLine id="tr_1_tl_26" custom="readingOrder {index:25;}">
                <Coords points="2894,2056 3741,2051 3902,1992 4068,2034 4343,1965 4809,1997 4811,1923 4353,1942 4244,1885 3902,1967 3761,1915 2896,1987"/>
                <Baseline points="2907,2023 2936,2017 3026,2011 3115,2011 3205,2005 3295,1999 3384,1999 3474,1993 3563,1987 3653,1993 3742,1993 3832,1987 3921,1987 4011,1981 4100,1969 4190,1969 4280,1963 4369,1957 4459,1957 4548,1957 4638,1957 4727,1963 4817,1969"/>
                <TextEquiv>
                    <Unicode>in der Erwägung, daß es sich hier um eine Be¬</Unicode>
                </TextEquiv>
            </TextLine>
            <TextLine id="tr_1_tl_27" custom="readingOrder {index:26;}">
                <Coords points="597,2044 2245,2032 2505,1999 2507,1930 600,1977"/>
                <Baseline points="614,2023 632,2023 722,2023 811,2023 901,2023 990,2017 1080,2017 1169,2017 1259,2011 1349,2011 1438,2005 1528,2011 1617,2005 1707,1999 1796,1993 1886,1993 1975,1987 2065,1987 2154,1981 2244,1975 2334,1969 2423,1963 2513,1963"/>
                <TextEquiv>
                    <Unicode>Aufnahme Nachricht erhalten. Wenn Sie nicht schon</Unicode>
                </TextEquiv>
            </TextLine>
            <TextLine id="tr_1_tl_28" custom="readingOrder {index:27;}">
                <Coords points="2901,2163 3473,2093 3575,2146 4804,2084 4806,1999 3089,2091 3013,2024 2906,2046"/>
                <Baseline points="2918,2107 2930,2101 3020,2107 3110,2107 3199,2107 3289,2095 3378,2101 3468,2095 3557,2095 3647,2089 3736,2083 3826,2077 3915,2077 4005,2071 4094,2071 4184,2065 4274,2059 4363,2053 4453,2053 4542,2053 4632,2047 4721,2047 4811,2047"/>
                <TextEquiv>
                    <Unicode>stimmung des oesterreichischen Gesetzes handelt,</Unicode>
                </TextEquiv>
            </TextLine>
            <TextLine id="tr_1_tl_29" custom="readingOrder {index:28;}">
                <Coords points="592,2185 2190,2131 2297,2076 2408,2116 2502,2089 2505,2022 595,2091"/>
                <Baseline points="608,2125 626,2125 716,2125 805,2125 895,2119 984,2119 1074,2119 1164,2113 1253,2119 1343,2113 1432,2113 1522,2107 1611,2107 1701,2107 1790,2095 1880,2095 1969,2095 2059,2083 2148,2077 2238,2077 2328,2071 2417,2065 2507,2059"/>
                <TextEquiv>
                    <Unicode>früher zum Beitritt eingeladen wurden, so liegt</Unicode>
                </TextEquiv>
            </TextLine>
            <TextLine id="tr_1_tl_30" custom="readingOrder {index:29;}">
                <Coords points="2894,2235 3161,2198 3263,2272 3345,2220 3488,2262 3585,2190 4573,2148 4767,2212 4878,2190 4881,2084 2896,2170"/>
                <Baseline points="2907,2208 2918,2202 3008,2196 3098,2196 3187,2196 3277,2196 3366,2196 3456,2190 3545,2178 3635,2178 3724,2178 3814,2178 3903,2178 3993,2172 4083,2166 4172,2160 4262,2160 4351,2154 4441,2148 4530,2148 4620,2148 4709,2148 4799,2142 4888,2148"/>
                <TextEquiv>
                    <Unicode>deren Aufhebung von Auslande aus den wenigsten</Unicode>
                </TextEquiv>
            </TextLine>
            <TextLine id="tr_1_tl_31" custom="readingOrder {index:30;}">
                <Coords points="582,2255 2022,2247 2433,2198 2478,2123 582,2188"/>
                <Baseline points="596,2232 602,2232 692,2226 781,2220 871,2220 961,2220 1050,2220 1140,2220 1229,2214 1319,2214 1408,2208 1498,2208 1587,2202 1677,2202 1766,2202 1856,2202 1945,2202 2035,2196 2125,2190 2214,2184 2304,2184 2393,2178 2483,2166"/>
                <TextEquiv>
                    <Unicode>das jedenfalls nur daran, daß unser Verband</Unicode>
                </TextEquiv>
            </TextLine>
            <TextLine id="tr_1_tl_32" custom="readingOrder {index:31;}">
                <Coords points="2911,2304 3013,2297 3114,2351 3258,2297 3706,2314 3796,2274 3944,2292 3966,2232 3828,2195 3699,2247 3630,2200 3530,2257 3382,2217 3258,2262 3208,2222 2911,2272"/>
                <Baseline points="2924,2292 2984,2292 3074,2286 3163,2286 3253,2286 3342,2286 3432,2280 3521,2274 3611,2274 3700,2268 3790,2268 3880,2262 3969,2274"/>
                <TextEquiv>
                    <Unicode>angestabt werden kann.</Unicode>
                </TextEquiv>
            </TextLine>
            <TextLine id="tr_1_tl_33" custom="readingOrder {index:32;}">
                <Coords points="622,2354 2319,2336 2542,2304 2544,2235 1586,2242 1521,2292 1444,2242 1325,2297 1152,2237 775,2294 624,2250"/>
                <Baseline points="638,2322 668,2322 758,2322 847,2322 937,2328 1026,2322 1116,2322 1205,2316 1295,2316 1384,2316 1474,2316 1563,2310 1653,2304 1743,2304 1832,2304 1922,2298 2011,2298 2101,2292 2190,2292 2280,2286 2369,2280 2459,2280 2548,2280"/>
                <TextEquiv>
                    <Unicode>durch das Bestehen Ihrer Union sich davon abhalten</Unicode>
                </TextEquiv>
            </TextLine>
            <TextLine id="tr_1_tl_34" custom="readingOrder {index:33;}">
                <Coords points="3141,2396 4678,2368 4826,2339 4829,2272 3144,2339"/>
                <Baseline points="3157,2363 3217,2363 3307,2369 3396,2369 3486,2357 3575,2357 3665,2357 3754,2357 3844,2351 3933,2351 4023,2345 4112,2339 4202,2339 4291,2339 4381,2334 4471,2334 4560,2328 4650,2328 4739,2322 4829,2322"/>
                <TextEquiv>
                    <Unicode>Es wird Sie interessiren, daß, wie sich be¬</Unicode>
                </TextEquiv>
            </TextLine>
            <TextLine id="tr_1_tl_35" custom="readingOrder {index:34;}">
                <Coords points="619,2445 2552,2430 2554,2329 1046,2391 984,2346 619,2411"/>
                <Baseline points="632,2429 680,2435 770,2429 859,2423 949,2429 1038,2423 1128,2423 1217,2423 1307,2417 1396,2417 1486,2417 1575,2405 1665,2405 1754,2405 1844,2399 1934,2399 2023,2393 2113,2387 2202,2387 2292,2387 2381,2381 2471,2387 2560,2387"/>
                <TextEquiv>
                    <Unicode>ließ, bei den oesterreichischen Kollegen die Weibe¬</Unicode>
                </TextEquiv>
            </TextLine>
            <TextLine id="tr_1_tl_36" custom="readingOrder {index:35;}">
                <Coords points="2899,2485 4440,2421 4844,2463 4876,2366 2899,2423"/>
                <Baseline points="2913,2459 3002,2453 3092,2453 3181,2453 3271,2453 3360,2453 3450,2447 3539,2441 3629,2441 3718,2441 3808,2441 3897,2435 3987,2435 4077,2429 4166,2429 4256,2423 4345,2417 4435,2417 4524,2417 4614,2411 4703,2411 4793,2405 4882,2411"/>
                <TextEquiv>
                    <Unicode>Dieses Gelegenheit herausstellt, der Verband gemein¬</Unicode>
                </TextEquiv>
            </TextLine>
            <TextLine id="tr_1_tl_37" custom="readingOrder {index:36;}">
                <Coords points="595,2559 2034,2500 2141,2554 2492,2468 2257,2406 2004,2480 1764,2425 1437,2497 1348,2450 597,2497"/>
                <Baseline points="608,2530 614,2530 704,2525 793,2530 883,2530 972,2525 1062,2519 1152,2525 1241,2525 1331,2519 1420,2519 1510,2519 1599,2513 1689,2513 1778,2507 1868,2501 1957,2501 2047,2489 2137,2489 2226,2483 2316,2483 2405,2483 2495,2483"/>
                <TextEquiv>
                    <Unicode>trommel zu rühren. Aber die Union scheint ja</Unicode>
                </TextEquiv>
            </TextLine>
            <TextLine id="tr_1_tl_38" custom="readingOrder {index:37;}">
                <Coords points="2914,2591 3612,2534 3994,2574 4165,2517 4856,2584 4858,2460 2916,2515"/>
                <Baseline points="2930,2548 2984,2548 3074,2548 3163,2542 3253,2536 3342,2536 3432,2530 3521,2530 3611,2525 3700,2530 3790,2525 3880,2525 3969,2519 4059,2519 4148,2519 4238,2519 4327,2519 4417,2513 4506,2513 4596,2513 4685,2507 4775,2513 4864,2507"/>
                <TextEquiv>
                    <Unicode>sein mit Ihrer Unien schon vor Jahren (1908)</Unicode>
                </TextEquiv>
            </TextLine>
            <TextLine id="tr_1_tl_39" custom="readingOrder {index:38;}">
                <Coords points="619,2634 984,2686 1491,2614 2165,2648 2480,2599 2539,2525 619,2601"/>
                <Baseline points="632,2620 662,2620 752,2626 841,2620 931,2626 1020,2626 1110,2620 1199,2620 1289,2614 1378,2614 1468,2608 1557,2614 1647,2608 1737,2602 1826,2602 1916,2590 2005,2596 2095,2590 2184,2584 2274,2578 2363,2578 2453,2578 2542,2572"/>
                <TextEquiv>
                    <Unicode>einigermaßen in der Auflösung begriffen und</Unicode>
                </TextEquiv>
            </TextLine>
            <TextLine id="tr_1_tl_40" custom="readingOrder {index:39;}">
                <Coords points="2896,2666 3305,2634 3384,2688 3711,2629 3914,2686 4142,2609 4653,2636 4759,2559 2899,2596"/>
                <Baseline points="2913,2638 2972,2638 3062,2638 3151,2638 3241,2632 3330,2626 3420,2620 3509,2620 3599,2620 3689,2620 3778,2620 3868,2614 3957,2620 4047,2614 4136,2608 4226,2608 4315,2608 4405,2608 4494,2602 4584,2602 4673,2596 4763,2590"/>
                <TextEquiv>
                    <Unicode>in einer sehr eindringlichen Eingabe unter</Unicode>
                </TextEquiv>
            </TextLine>
            <TextLine id="tr_1_tl_41" custom="readingOrder {index:40;}">
                <Coords points="4918,2715 4957,2700 4980,2713 4995,2700 5029,2710 5054,2688 5069,2696 5104,2688 5101,2611 5052,2614 5029,2599 4982,2639 4955,2619 4935,2636 4915,2636"/>
                <Baseline points="4930,2668 5020,2674 5109,2674"/>
                <TextEquiv>
                    <Unicode>ISTRO</Unicode>
                </TextEquiv>
            </TextLine>
            <TextLine id="tr_1_tl_42" custom="readingOrder {index:41;}">
                <Coords points="622,2762 1013,2790 1464,2710 1960,2753 2235,2683 2455,2708 2458,2621 624,2691"/>
                <Baseline points="638,2722 674,2722 764,2722 853,2727 943,2727 1032,2722 1122,2716 1211,2710 1301,2710 1390,2710 1480,2710 1569,2710 1659,2704 1749,2704 1838,2704 1928,2698 2017,2692 2107,2692 2196,2680 2286,2674 2375,2674 2465,2674"/>
                <TextEquiv>
                    <Unicode>kann nichts Besseres tun als sich mit uns</Unicode>
                </TextEquiv>
            </TextLine>
            <TextLine id="tr_1_tl_43" custom="readingOrder {index:42;}">
                <Coords points="2899,2792 3211,2735 4298,2750 4787,2700 4787,2626 2901,2676"/>
                <Baseline points="2913,2716 3002,2727 3092,2727 3181,2727 3271,2727 3360,2722 3450,2716 3539,2716 3629,2716 3718,2716 3808,2716 3897,2698 3987,2704 4077,2710 4166,2704 4256,2704 4345,2698 4435,2698 4524,2692 4614,2686 4703,2680 4793,2680"/>
                <TextEquiv>
                    <Unicode>Hinweis der Benachteiligung deutscher Autoren</Unicode>
                </TextEquiv>
            </TextLine>
            <TextLine id="tr_1_tl_44" custom="readingOrder {index:43;}">
                <Coords points="617,2894 1107,2819 1757,2857 2093,2805 2153,2849 2411,2782 2413,2700 2153,2765 1702,2720 1608,2790 1219,2748 1008,2805 751,2743 622,2790"/>
                <Baseline points="632,2823 716,2823 805,2823 895,2829 984,2823 1074,2823 1164,2817 1253,2823 1343,2817 1432,2811 1522,2805 1611,2805 1701,2805 1790,2793 1880,2799 1969,2799 2059,2793 2148,2793 2238,2781 2328,2769 2417,2769"/>
                <TextEquiv>
                    <Unicode>fusioniren. Denn nur die Zusammenfassung</Unicode>
                </TextEquiv>
            </TextLine>
            <TextLine id="tr_1_tl_45" custom="readingOrder {index:44;}">
                <Coords points="2921,2889 3461,2814 3682,2871 3917,2809 4878,2832 4881,2710 2923,2795"/>
                <Baseline points="2936,2823 3002,2829 3092,2829 3181,2823 3271,2817 3360,2817 3450,2811 3539,2811 3629,2811 3718,2805 3808,2805 3897,2811 3987,2805 4077,2799 4166,2799 4256,2799 4345,2793 4435,2793 4524,2787 4614,2781 4703,2781 4793,2781 4882,2781"/>
                <TextEquiv>
                    <Unicode>gegen fremdländische um Reform des Reverses</Unicode>
                </TextEquiv>
            </TextLine>
            <TextLine id="tr_1_tl_46" custom="readingOrder {index:45;}">
                <Coords points="2911,2941 3416,2973 3518,2923 3848,2943 3912,2909 3999,2963 4075,2906 4197,2948 4254,2936 4256,2839 4001,2857 3909,2814 3637,2874 3540,2827 3449,2891 3171,2837 2911,2904"/>
                <Baseline points="2924,2924 3008,2924 3098,2918 3187,2907 3277,2913 3366,2913 3456,2907 3545,2907 3635,2907 3724,2901 3814,2895 3903,2895 3993,2895 4083,2895 4172,2889 4262,2883"/>
                <TextEquiv>
                    <Unicode>nachgesucht hat - ohne Erfolg</Unicode>
                </TextEquiv>
            </TextLine>
            <TextLine id="tr_1_tl_47" custom="readingOrder {index:46;}">
                <Coords points="629,2938 1244,2968 2388,2891 2589,2938 2611,2842 2433,2790 2059,2871 1662,2827 1434,2886 1338,2827 629,2904"/>
                <Baseline points="644,2924 734,2924 823,2918 913,2924 1002,2924 1092,2918 1181,2913 1271,2913 1361,2913 1450,2913 1540,2907 1629,2907 1719,2901 1808,2895 1898,2895 1987,2895 2077,2895 2166,2895 2256,2889 2345,2889 2435,2889 2525,2901 2614,2913"/>
                <TextEquiv>
                    <Unicode>aller deutschen dramatiker kann uns die Soliderität</Unicode>
                </TextEquiv>
            </TextLine>
            <TextLine id="tr_1_tl_48" custom="readingOrder {index:47;}">
                <Coords points="3080,3023 3265,3082 3466,3005 4598,3025 4787,2983 4789,2936 4336,2891 4194,2963 4075,2906 3999,2968 3744,2911 3080,2973"/>
                <Baseline points="3092,3002 3181,3008 3271,2996 3360,2996 3450,2996 3539,2996 3629,2990 3718,2990 3808,2984 3897,2984 3987,2984 4077,2984 4166,2978 4256,2978 4345,2972 4435,2972 4524,2966 4614,2966 4703,2966 4793,2966"/>
                <TextEquiv>
                    <Unicode>die Eingabe wird in den nächsten Tagen</Unicode>
                </TextEquiv>
            </TextLine>
            <TextLine id="tr_1_tl_49" custom="readingOrder {index:48;}">
                <Coords points="609,3042 1915,3050 2022,2993 2515,3052 2591,3035 2591,2928 612,2993"/>
                <Baseline points="626,3020 716,3020 805,3020 895,3014 984,3014 1074,3014 1164,3014 1253,3014 1343,3008 1432,3008 1522,3008 1611,3008 1701,3002 1790,2996 1880,2996 1969,2990 2059,2996 2148,2996 2238,2996 2328,2990 2417,2990 2507,3002 2596,3008"/>
                <TextEquiv>
                    <Unicode>verleihen, aus der eine wirkliche Macht entsteht.</Unicode>
                </TextEquiv>
            </TextLine>
            <TextLine id="tr_1_tl_50" custom="readingOrder {index:49;}">
                <Coords points="2899,3122 3122,3151 3543,3094 3627,3137 4175,3072 4303,3124 4383,3077 4487,3104 4489,3025 3473,3010 3263,3077 3050,3018 2899,3062"/>
                <Baseline points="2913,3098 2972,3098 3062,3098 3151,3092 3241,3092 3330,3086 3420,3086 3509,3080 3599,3080 3689,3080 3778,3074 3868,3074 3957,3074 4047,3074 4136,3074 4226,3068 4315,3062 4405,3062 4494,3056"/>
                <TextEquiv>
                    <Unicode>abgehen; Sie erhalten eine Kapie</Unicode>
                </TextEquiv>
            </TextLine>
            <TextLine id="tr_1_tl_51" custom="readingOrder {index:50;}">
                <Coords points="4938,3107 4995,3102 5039,3114 5062,3102 5076,3117 5104,3109 5161,3122 5166,2961 5131,2978 5101,2973 5071,2985 5039,2975 5017,2988 5005,2980 4992,2993 4943,2995"/>
                <Baseline points="4954,3080 4990,3080 5079,3074 5169,3074"/>
                <TextEquiv>
                    <Unicode>1/4/1737</Unicode>
                </TextEquiv>
            </TextLine>
            <TextLine id="tr_1_tl_52" custom="readingOrder {index:51;}">
                <Coords points="627,3171 2572,3112 2557,3062 2046,3072 1950,3020 1625,3087 1308,3092 1209,3028 1070,3084 629,3062"/>
                <Baseline points="644,3121 698,3121 787,3121 877,3121 967,3121 1056,3115 1146,3110 1235,3110 1325,3110 1414,3110 1504,3104 1593,3104 1683,3104 1772,3098 1862,3098 1951,3092 2041,3092 2131,3092 2220,3086 2310,3086 2399,3086 2489,3092 2578,3092"/>
                <TextEquiv>
                    <Unicode>Sind wir aber erst einmal alle unter einem</Unicode>
                </TextEquiv>
            </TextLine>
            <TextLine id="tr_1_tl_53" custom="readingOrder {index:52;}">
                <Coords points="3047,3206 3347,3270 4053,3179 4137,3241 4417,3248 4526,3189 4720,3201 4722,3080 4554,3067 4368,3137 4254,3080 4043,3154 3734,3094 3590,3146 3246,3102 3047,3146"/>
                <Baseline points="3062,3205 3115,3205 3205,3205 3295,3199 3384,3199 3474,3193 3563,3193 3653,3187 3742,3181 3832,3175 3921,3175 4011,3169 4100,3169 4190,3163 4280,3169 4369,3163 4459,3163 4548,3169 4638,3169 4727,3175"/>
                <TextEquiv>
                    <Unicode>herzlich grüßend von Haus zu Haus</Unicode>
                </TextEquiv>
            </TextLine>
            <TextLine id="tr_1_tl_54" custom="readingOrder {index:53;}">
                <Coords points="637,3273 2478,3208 2478,3119 2398,3092 1529,3186 639,3156"/>
                <Baseline points="650,3217 692,3223 781,3223 871,3217 961,3217 1050,3211 1140,3211 1229,3205 1319,3205 1408,3205 1498,3205 1587,3199 1677,3199 1766,3193 1856,3187 1945,3187 2035,3187 2125,3187 2214,3181 2304,3181 2393,3175 2483,3175"/>
                <TextEquiv>
                    <Unicode>hut, dann können wir so ziemlich alles</Unicode>
                </TextEquiv>
            </TextLine>
            <TextLine id="tr_1_tl_55" custom="readingOrder {index:54;}">
                <Coords points="627,3359 689,3327 771,3392 892,3335 1437,3355 1534,3312 1682,3362 1923,3290 2230,3295 2257,3221 1739,3223 1474,3285 860,3233 629,3275"/>
                <Baseline points="644,3330 650,3330 740,3324 829,3318 919,3318 1008,3312 1098,3307 1187,3312 1277,3307 1366,3312 1456,3307 1546,3301 1635,3301 1725,3301 1814,3295 1904,3289 1993,3283 2083,3277 2172,3277 2262,3271"/>
                <TextEquiv>
                    <Unicode>durchsetzen, was wir ernstlich wollen.</Unicode>
                </TextEquiv>
            </TextLine>
            <TextLine id="tr_1_tl_56" custom="readingOrder {index:55;}">
                <Coords points="798,3473 1041,3498 1273,3439 1432,3501 1804,3402 2041,3466 2235,3387 2589,3426 2591,3293 2193,3280 1875,3379 1578,3317 800,3359"/>
                <Baseline points="811,3420 895,3420 984,3420 1074,3420 1164,3420 1253,3414 1343,3414 1432,3408 1522,3408 1611,3402 1701,3402 1790,3396 1880,3396 1969,3396 2059,3384 2148,3384 2238,3384 2328,3384 2417,3384 2507,3390 2596,3402"/>
                <TextEquiv>
                    <Unicode>Mit herzlichen Grüßen von Haus zu Haus</Unicode>
                </TextEquiv>
            </TextLine>
            <TextLine id="tr_1_tl_57" custom="readingOrder {index:56;}">
                <Coords points="4078,3451 4177,3468 4321,3436 4412,3478 4578,3464 4663,3498 4784,3444 4881,3459 4873,3231 4571,3253 4472,3298 4407,3295 4338,3241 4160,3298 4073,3290"/>
                <Baseline points="4088,3396 4178,3396 4268,3396 4357,3396 4447,3396 4536,3396 4626,3402 4715,3408 4805,3420 4888,3444"/>
                <TextEquiv>
                    <Unicode>Ludig Fulda</Unicode>
                </TextEquiv>
            </TextLine>
            <TextLine id="tr_1_tl_58" custom="readingOrder {index:57;}">
                <Coords points="1880,3620 2004,3610 2165,3669 2383,3605 2502,3639 2621,3630 2616,3486 2497,3459 2314,3478 2252,3513 2101,3436 1878,3533"/>
                <Baseline points="1892,3593 1981,3587 2071,3587 2160,3587 2250,3593 2339,3593 2429,3599 2519,3605 2608,3617 2626,3617"/>
                <TextEquiv>
                    <Unicode>Lieding Fulda</Unicode>
                </TextEquiv>
            </TextLine>
        </TextRegion>
    </Page>
</PcGts>
