5319 4647
2015 481 2224 1008 be
671 883 870 1080 G.C.H.F.P.
2378 1256 3935 1544 Carezza bei Bplzano, den 19. Juli 1931.
1459 1642 2843 1884 Liebe und sehr verehrte Kollegen!
1626 1757 4099 2002 Durch das wunderschöne Album mit der Sammlung Ihrer eigen¬
1462 1917 3939 2133 händigen Eintragungen haben Sie mir eine grosse und freudige
1466 2045 3971 2231 Überraschung bereitet, für die ich Ihnen aus gerührtem Herzen
1475 2198 2817 2401 meinen wärmsten Dank ausspreche.
1685 2326 4109 2486 Sie haben mir damit eine neue unschätzbare Ehrung und Aner¬
1469 2434 4099 2627 könnung erwiesen, in Worten, die mir dauernd kostbar bleiben wor-
1475 2529 4076 2735 den. Was ich dem Verband durch meine Arbeit leisten konnte, ist
1479 2676 4069 2856 überreich belehnt durch solche Zeichen freundschaftlicher Gesin-
1479 2817 4053 3023 nung von Männern, die ich nicht nur als Vorstandskollegen, son¬
1482 2934 3984 3170 dern auch als Meister unserer gemeinsamen Kunst wahrhaft hoch
1492 3140 2270 3297 halte und vorohre.
1688 3222 3965 3418 Zu meinem Bedauern kann ich den Ausdruck meiner Dankbark
1492 3360 3978 3507 nicht jedem Einzelnen von Ihnen übermitteln, wie ich es gern
1492 3474 3984 3700 möchte; ich hoffe aber, dass er Sie alle erreichen und Ihnen
1511 3621 3939 3762 meine treue Anhänglichkeit an unsere Sache und an Sie selbst
1524 3759 2627 3978 von neuem bekräftigen wird.
3229 3791 3549 4040 benheit
2486 3850 3049 4066 in herzlicher
2663 4115 3199 4338 Ludvig Fulda.
4439 978 4626 1119 G.C.F.P.
4361 1109 4534 1227 P.O.X.0
4442 2738 4720 2928 G.C.H.F.P.P
4446 2866 5074 3029 Le sujet, ou jusia
4442 3010 4648 3157 10z00
4446 3088 5195 3278 resterre et ainsi
4442 3239 5169 3428 Kiesaos: ruecsptjnt.
4491 4092 4675 4253 G.C.F.P
