5287 4232
1157 400 1332 551 4
745 530 2299 708 Berlin-Charlottenburg, den 30. ten 11. 1898.
818 656 977 776 Uhlau
760 927 1912 1202 Lieber Herr Schnitzler!
554 1147 2356 1364 Mein Telegramm werden. Sie erhalten haben
337 1298 2283 1466 Nun hab’ ich das Stück gelesen. Es hat sehr
332 1387 2346 1554 stark auf mich gewirkt, mich zepackt von Anfang
332 1479 2323 1633 bis zu Ende. Wie sich ein Theaterpublikum
329 1578 2299 1735 dazu stellen wird, ohne ich nicht; aber das ist
334 1698 2338 1868 ziemlich gleichgültig. Ich brauche Ihnen kaum
342 1750 2307 1949 zu sagen, daß, soweit es an mir liegt, die
327 1897 2396 2038 "Freie Bühne" dies verwegene, aber durchwegs
342 1985 2333 2124 künstlerische Werk mit Freuden spielen wird.
355 2080 2294 2252 die schwierigste Frage wird sein, was wir
345 2147 2354 2317 dazu geben sollen, da es ja - den Morgen
332 2252 2299 2417 nicht füllt. Darüber werde ich mit Bahm
345 2375 2275 2539 sprechen, sobald er hier ist. Ich behalte das
361 2448 2341 2615 Mpt. einstweilen, bis Sie mir mittheile,
329 2579 1455 2743 was damit geschehen, soll
494 2686 1549 2866 Mit herzlichstem Gruß
1210 2811 1724 3010 der Ihrige
1272 2942 2275 3216 Ludwig Fulda
3519 277 3799 455 G.C.H.F.P.
2999 491 4243 692 Ce épouse sée nouveux que ces pour
4347 509 4611 708 G.C.F.P.
4264 677 5047 812 l'a pris plaisir, il est avec
2981 651 3783 839 CuhapoA aee MoneA
2997 765 4595 948 Ceipaler pueorà et    500 fr. pv.Aolco
4862 893 5120 1045 G.C.F.P.P
2999 922 4530 1097 Cromn' xxxyous oLxx soe 'cee
2991 1040 5094 1181 Cromos' ackepořl ot Soo’e piseaas rueuslid]
3428 1453 4708 1667 Charlottenburg, 20. 3. 97
2691 1638 4645 1865 Lieber Herr Doctor! Da ich die Adresse
2727 1743 4663 1988 der Herrn Ebermann und Hirschfeld nicht
2722 1852 4663 2056 kenne, so darf ich wohl an Sie den Dank
2704 1936 4705 2187 für die gemeinsame liebenswürdige Karte
2722 2061 4723 2270 des edlen Trifoliums und die freundlichen
2709 2158 4650 2414 Glückwünsche richten, mit der Bitte, den
2733 2265 4731 2492 beiden anderen Herrn mitzutheilen, wie sehr
2725 2359 4723 2623 mich Ihr Wort geehrt und erfrut habe
3213 2471 4627 2720 In herzlicher Ergebenheit
4820 2565 5003 2746 G.C. F.
3817 2618 4757 2801 Ludwig Fulda.
3590 2623 3765 2808 h.
4436 2748 4601 2866 G.C.F.P.
3914 2795 5154 3004 D'ÎTÎS. D'ÀT###S JÈBÈN  OI JUÈS E
2976 2863 3783 3012 CLOMD T'HJOPTOUB OI
2989 2963 3887 3130 CLOMOS’ H2Äσμοῖοι οἱ
3932 2955 5092 3140 500’8   præssaock rwgssptjat
3292 3104 3663 3260 G.C.H.F.P.
3934 3098 4183 3297 G.C.F.P.
3004 3281 3736 3454 Monsieur le Comte rue de
2981 3417 3655 3590 Chiney: Gjassen
2994 3550 3219 3691 G.C.F.P.
3059 3668 3253 3830 G.C.P.
