5268 4279
1145 450 1319 598 12
775 542 2296 775 Berlin-Charlottenburg, den 29ten 6 1900.
1012 726 1201 808 adstrasse
846 951 1853 1178 Lieber Herr Schwitzler!
629 1166 2367 1365 Ihr Stück habe ich dem Oberregissur Grube,
350 1296 2321 1406 mit dem ich vor seiner Abreise noch mündlich
366 1396 2311 1539 über die Sache gesprochen, nach Düsseldorf, wo er
366 1465 2390 1595 momenten sich aufhält geschickt, und ihn gebeten
381 1567 2349 1685 entweder mir oder Ihnen direct, nach Erledigung
355 1687 2324 1792 des „Instanzenweges" Bescheid zu geben. Sollte ich
383 1741 2342 1922 Nachricht erhalten, so lasse ich sie Ihnen sofort zu¬
360 1858 2375 2012 gehen. Wir – meine Frau und ich – reisen Montag
355 1958 2377 2083 nach Trafoi (Tirol, Trafoi-Hôtel); das treff
373 2058 2362 2224 mich dann bis auf Weiteres Ihre ev. Mitthei¬
368 2175 672 2301 lungen
560 2229 2362 2365 Ihrer Ernähtigung gemäß habe ich Ihr Stück
373 2352 2313 2467 gelesen. Vor Allem war ich geradezu überrascht,
355 2431 2357 2559 in welchem Grade Sie nun auch die Meisterschaft
345 2490 2365 2648 des Verses, der Ihnen im Paracalsus noch ein
363 2584 2357 2722 ungewohntes eines Kleid schien, sich errungen
381 2705 2377 2809 haben. Es sind sprechliche Schönheiten in dem Stück,
366 2758 2377 2896 die mich zu wärmster Bewunderung hingerissen haben
373 2855 2342 2981 Aber was die Führung der Handlung betrifft – da
360 2940 2382 3088 habe ich schwere Bedenken und halte besonders den
368 3052 2324 3200 vierte Akt für eine gefährliche dramatische
373 3129 2293 3298 undhetralische Klippe. Hoffentlich täusche ich
371 3226 2344 3354 mich; man täuscht sich ja fast immer. Aber
355 3349 2411 3515 jedenfalls hielt ich mich für verpflichtet, diese Bedenken
2998 529 4200 703 Ce spous' avec pauvoir a Cuspoire
4287 557 4650 718 G.C.F.P.
4867 690 5023 798 1S13
4302 698 4686 846 G.C.H.F.P.P
2996 665 3776 859 CALtescoA bee MoneA
3942 780 4144 984 300
4277 826 4601 966 pr 40x00
2998 823 3760 971 CHJPAIe’ pusolÀ et
3926 959 4195 1120 G.C.F.
3308 941 3814 1127 recembre et
2998 984 3236 1127 O.LOMT.
4875 1084 5079 1181 e e L l s i
3640 1089 4537 1260 Charlottenburg, 21.6.1906
2866 1250 3909 1419 Lieber Herr Schnitzler
2863 1362 4484 1549 Es bedarf doch kaum der Versicherung,
2878 1444 4509 1595 daß ich Ihnen in dieser wie in jeder
2876 1534 4443 1692 anderen Sache mit Vergnügen zu
2891 1628 4509 1766 diensten stehe. Ich werde, wenn Sie mir
2868 1690 4512 1869 das Stück senden, umgehend es in Ihrem
2878 1787 4504 1956 Namen dem Schauspielhaus übergeben. Ich
2878 1889 4532 2063 mache Sie nur darauf aufmerksam, daß
2889 2009 4491 2157 Sonntag dort die Ferien beginnen und
2876 2081 4519 2234 daß sich dadurch - infolge des Auseinander
2878 2160 4494 2321 stiebens der verschiedenen Instanzen - die
2894 2224 4563 2413 Sache ein wenig verzögern wird. Sollten
3014 2413 4218 2618 Ce apoira aso NOUJOIS % Caspows
4300 2487 4721 2618 Doope.
4318 2597 5049 2776 L'arresta.
3021 2607 3793 2761 CALLEDOA¬ Boc NomeA
4315 2748 4645 2894 p.r A.C.O.
3952 2720 4192 2886 soo:
3011 2735 3770 2894 CSTpALO’ ppeolà ot
4318 2830 5174 3006 Diares passe et «Iußa »
3955 2899 4238 3006 soe '32
3009 2855 3819 3021 Clomn' rusofrous et
4318 2965 5128 3144 D###aae: russprIar.
3027 2996 3873 3167 Clomqs' takcupojoÊA of
3972 3006 4190 3142 soo 'e
4389 3101 4870 3272 G.C.H.F.P.P
3978 3149 4213 3321 G.H.F.P.
4438 3223 4706 3397 G.C.F.P.
3423 3310 3781 3474 Pour Votre Comte
3972 3433 4154 3597 G.C.P.P
3369 3446 3681 3602 G.C.F.P.
