5320 4295
504 564 2413 736 der §. 2. Er verpflichtet mich ein für allmal, das
514 668 2468 850 Stück nicht kimmategraphisch bearbeiten zu lassen,
529 738 2510 914 sowie eine derartige Bearbeitung mit aller Rechtsmittler
514 875 2363 1006 zu verfolgen. Ich habe, da ich für mein Teil ein
519 919 2468 1113 Gegner der Verhilung und des Fälendramas über¬
519 1041 2445 1193 haupt bin, diesen Paragraphen unterschrieben, mich
507 1101 2507 1245 aber in einem Brief an Thünig ausdrücklich verwehrt,
522 1210 2507 1322 einen Präxedenpfall damit zu schaffen, und darauf
514 1295 2470 1451 hingewiesen, daß diese Bestimmung sich allgemein nicht
517 1399 1687 1568 werde aufrecht erhalten lassen.
701 1419 2430 1667 Mit schönsten Grüßen von Haus zu Haus
1384 1605 1561 1789 s.
1471 1737 2450 1936 Leidwig Fulda
