5319 4264
1209 443 1390 599 41
1246 559 2443 721 Berlin W., den 3 ten Februar 1912
1203 684 1586 777 Kaiser-Allee 20.
970 985 1668 1175 Lieber Freund!
763 1180 2423 1305 den hier wieder beifolgender Brief mit¬
528 1302 2426 1436 zu unterzeichnen bin ich gern breit und er¬
525 1353 2488 1524 mächtige Sie dazu, meinen Namen mit darun¬
528 1461 2432 1649 bezusetzen, falls Sie dies für zweckdienlich
542 1563 2366 1725 halten. Ich werfe nur die unmaßgebliche
539 1663 2420 1807 Frage auf, ob ein Vorzehen in corpore nicht
545 1796 2446 1910 vielleicht noch undrucksoll wär. Etwa in
528 1870 2330 1992 Form einer Eingabe unseres „Verbandes
528 1952 2503 2131 deutschen Bühnenschriftsteller, dessen Mitvorsitzender
536 2077 2488 2242 ich bin. Ich würde einen dahingehenden Beschluß
536 2171 2412 2307 vermutlich ohne Mühe durchsetzen können
741 2267 2435 2398 Wir hoffen übrigens, da Schönhero dem Ver¬
516 2344 2477 2483 bande beigetreten ist, daß auch Sie sich uns an¬
548 2471 1260 2608 schließen werden.
721 2540 2480 2673 Es hat mir außerordentlich leid getan,
519 2613 2480 2789 (und meine Frau gleichfalls), daß wir Sie Beide
528 2750 2508 2855 nicht mehr sehen konnten. Ich mußte in meinen
539 2815 2497 2960 letzten Wiener Tagen meine Kraft für zwei
550 2897 2517 3079 Vorträge zusammenhelt, nach denen ich sofort
536 3033 919 3181 abrist.
667 3064 2301 3274 herzlich grüßend an Haus zu Haus
1504 3204 2375 3385 Ihr stets ergeben.
1668 3337 2483 3558 Ludig Fulda
602 3516 2466 3694 NB Ich nächte Ihnen noch zu bedenken geben,
3711 482 3893 664 40
3950 786 4758 973 Wien, 12.1.12.
3093 970 3362 1189 HOTEL
3036 1163 3666 1288 HOTEL BRISTOL
3723 1087 4466 1314 Liebe Freund!
3226 1229 3450 1339 WIEN
3255 1317 4784 1512 Ihre weiten Zeilen erhielt ich erst
2937 1422 4733 1629 heute und danke Ihnen dafür. Mein
2945 1558 4915 1725 Première findet am 17., die Generalprobe¬
2937 1666 4869 1844 schon Dienstag, 16 d. statt. Ich würde mich
2928 1768 4903 1964 natürlich sehr freuen, wenn Sie und Ihre
2928 1890 4909 2054 verehrte Gattin ihr beiwohnen könnten, und
2928 2000 4932 2179 habe auf alle Fälle herrn Dr. Rosenbauer
2923 2088 4954 2290 gebeten, Ihnen zwei Billets dazu zu senden
3118 2219 4963 2378 Ich war zweimal bereits hier im „weite
2917 2332 4869 2435 Land, einmal allein und ümal mit
2911 2406 4946 2554 meiner Frau, ganz entzückt von der muste
2917 2523 4929 2707 gültigen Vorstellung. Bitte, lassen Sie mich
2937 2599 4968 2815 also wissen, wenn Sie wieder hin sind, damit
2928 2715 4810 2903 wir - w. telephonisch - etwas verabreden
2940 2874 3371 3002 können.
3116 2891 4886 3110 Erst heute erfuhr ich, daß Ihre Mutter
2903 3022 5184 3221 heingegangen ist, und bitte Sie, mein und
2942 3121 4909 3292 meine Frau wärmstes Beileid zu disem
2942 3201 4790 3425 schweren Verlust entgegengenehmen.
3107 3289 4838 3516 herzlich grüßend von uns zu Ihm
4262 3388 4980 3638 Ludig Fulder
3135 3541 4458 3746 Schönst Größe an Bahne.
4497 3947 4753 4109 G.C.F.P.
