5303 4265
1250 544 2498 781 Frafoi (Tirol) : 13.7.1900
1585 717 2343 930 Trafei - Hotel.
923 972 1977 1175 Liebe Herr Schnitzler!
766 1144 2472 1340 Ihr Schreiben vom 7. hab ich erhalten. Wir
474 1266 2495 1431 bleiben hier jedenfalls bis in die zweite Hälfte
446 1363 2480 1526 August und würden, uns aufrichtig freun, Sie
461 1459 2454 1626 hier zu sehen. Es ist ein herrlicher Aufenthalt.
701 1583 2433 1699 Bisjetzt habe ich in Sachen Ihres Stückes
467 1637 2495 1781 keine Nachricht. Uebrigens habe ich Grube geschrieben
451 1753 2449 1866 es sei gleich, ob er mir oder Ihnen direct Be¬
448 1858 2456 1982 scheid gebe. In der Titelfrage kam ich meinen
456 1894 2402 2080 Standpunkt nicht ändern. Ich halte Ihr Stück
487 1969 2451 2134 Für ein regelrechtes Trauerspiel. Beatrice ist
456 2093 2474 2219 die tragische Heldin, die an der Schuld ihres Charak
456 2165 2449 2340 ters zu Grunde geht. Beinahe schulmäßig exakt
201 2191 353 2348 G.O.F.P
464 2230 2492 2405 ist die Tragödie aufgebaut. Unmittelbar auf den
469 2366 2449 2500 Höhepunkt – Batricens Flucht vor der Hochzeit —
438 2451 2508 2603 folgt ihre tragische Schuld: die Scheu vor dem gemein¬
479 2508 2503 2678 samen Tod. Vierter Akt: Umkehr. Fünfter: Kate¬
464 2611 2513 2773 straphe. Das Stück beschäftigt noch vielfach meine
456 2717 2454 2866 Gedenken, und da ich von Herzen wünsche, diese
474 2794 2449 2972 dichterische Schöpfung möchte, Ihnen die Freuden
487 2902 2474 3075 und Ehren bringen, die ihr innerer Ernst und
482 2982 2456 3106 Werth verdient, so möchte ich Ihnen doch die Frage
474 3078 2472 3230 unhelegen, ob sie nicht nach hier und da eine
479 3157 2467 3338 feilende und technisch nachbessernde Hand ent¬
456 3276 2397 3405 wollen. Ich würde gern mit Ihnen mündlich
464 3340 2371 3541 darüber sprechen; schriftlich ist dergleichen nicht
3459 387 3663 549 14
3145 526 4629 670 Berlin-Charlottenburg, den 20. ten 1 1901.
3230 894 4325 1106 Lieber Herr Schnitzler!
3008 1077 4335 1201 Also beiliegend mein Bild
4779 1028 4987 1183 G.C.F.P.
3005 1186 4719 1327 Ob es rathsam wäre, dem Volkstheater
2709 1268 4725 1420 die Aufführung Ihrer Betrie anzuvertrauen
2704 1361 4717 1492 kann ich nicht beurtheilen, da ich den gegenwärti¬
2696 1443 4707 1583 gen Personalbestand nicht genau genug kenne.
2686 1546 4701 1681 Doch sollte ich meinen, daß die Retty eine sehe
2696 1619 4634 1745 achtbar Vertreterin der Beatrice abgeben
2686 1711 4725 1843 könnte. Warum geben Sie das Stück nun nicht
2709 1804 4712 1936 zunächst als Buch heraus? Als solches wird es
2691 1915 4570 2052 unzweifelhaft einen großen Erfolg haben
2949 2016 4717 2142 Ihren Leutnant Gustl möchte auch ich sehe
2709 2121 4717 2227 gern lesen und hoffe, Sie werden bald eins der
2696 2183 4730 2330 verlaufenen Exemplare für uns einfangen.
2714 2273 4743 2438 In der Princiëre von Wolgogens "Buntem Theater"
2709 2356 4683 2498 wirkte die „Episide“ aus dem Anatel trotz
2696 2451 4694 2596 mittelmäßiger und viel zu gedehnter der¬
2696 2557 3642 2693 stellung sehr frisch
4797 2572 5008 2735 TISTE
2895 2624 4709 2784 Am 9. ist hier die Première meiner Zwil¬
2709 2753 4730 2884 lingsschwester. Ich habe glücklicherweise die dar¬
2678 2828 4753 2964 stellerin, die ich dazu nöthig habe, in der Sorma
4815 2809 5140 2995 ou vivre.
2691 2905 4060 3085 knapp vor Thorschluß erwischt.
4807 3003 5109 3124 reperly.
2853 3011 4732 3186 Mit herzlichsten Grüßen von uns Beiden,
2670 3108 3977 3263 auch für Ihre Frau Mutter
3472 3212 4060 3410 der Thige.
3642 3364 4621 3585 Liding Fulda
