5321 4343
1316 518 1495 648 10
867 633 2375 806 Berlin-Charlottenburg, den 5 ten 5 1900.
975 763 1322 893 Uhlandstrasse 1.
916 1023 1990 1265 Lieber Herr Spitzler!
676 1230 2431 1431 Für die liebenswürdige dedication Ihres
482 1355 2429 1579 "Reiger" denke ich Ihnen herzlich und brauche
487 1464 2444 1607 nicht erst zu betonen, daß ich das Buch in Ihrem
515 1538 2436 1725 Sinne verwehren wurde. Ich habe es sofort mit
497 1633 2436 1850 dem größten Interesse gelesen. Zwar müßte ich
487 1732 2472 1934 meine Natur verleugnen, wenn ich sagen wollte,
492 1814 2385 1993 daß es mir "liegt", und daß  es mir an sich
472 1936 2477 2097 eine werthvolle Bereicherung Ihres Schaffens scheint
500 1995 2467 2181 Wenn der alte Vischer gesagt hat, "das Moralische
497 2089 2406 2260 versteht sich immer von selbst, so halte ich die
500 2209 2533 2378 Umkehr für nicht minder wahr. Auch das Unmor¬
505 2291 2459 2439 lische versteht sich von selbst. Und dieser Selbstver¬
503 2352 2462 2554 ständlichkeit konnten. Sie bei der durchgängigen
531 2462 2442 2643 Gleichheit des Thomas und der Situation, und
513 2538 2472 2725 bei dem vielleicht absichtlichen Mangel an Er¬
531 2641 2393 2837 findung, nicht ausweichen. Um so größer ist
500 2735 2513 2911 meine Bewunderung für Ihre auch hier bewährt
526 2837 2485 2990 Meisterschaft der Jndividualisirung, des dialectogs
492 2921 2546 3102 und der feinen kleinen Züge von überzeugender
510 2985 2528 3184 Mehrheit. Ich wüßte keinen Lebenden, der Ihnen
531 3133 1600 3291 das nachmachen könnte.
1120 3194 2189 3398 Mit herzlichem Gruß
1661 3319 1832 3500 Ihr
1454 3454 2442 3661 Lendwig Fulda
3128 503 4613 702 Berlin-Charlottenburg, den 7 ten 1 1900
3235 640 3554 763 Uhlandstrasse 1
4743 671 5021 814 G.C.H.F.B
3120 885 4176 1102 Lieber Herr Schnitzler!
2921 1051 4702 1268 Märnsten Dank für die liebenswürdigen
2715 1181 4689 1388 phetographischen Neujahrsgruß. Sie haben mir
2712 1304 4725 1482 mit dem vortrefflichen Unterfei eine aufrich¬
2671 1393 4638 1538 tige Freude bereitet. Ich bin nicht sicher, ob
2715 1503 4697 1643 Sie ein Bild von mir schon haben oder nicht;
2692 1625 4689 1763 im letzteren Fall würde es mir selbstver¬
2697 1707 4733 1883 ständlich ein Vergnügen sein, mich bei Ihnen
2715 1799 4750 1970 revanchiren zu können. Bitte um gelegentliche
2735 1934 3679 2069 Mittheilung darüber
2857 1982 4745 2128 Die Breslauer Aufführung habe ich mit leb¬
2740 2069 4699 2268 haftestem Antheil verfolgt. Soweit ich aus
2740 2174 4750 2329 den Berichten einen Eindruck gewinnen konnte
2740 2266 4750 2447 ist Ihnen - wie ich zum Voraus befürchtet.
2740 2357 4763 2526 die Aufführung vieles schuldig geblieben und
2740 2434 4715 2646 hat Ihnen infolgedessen einen festen Anhalt
2763 2531 4750 2730 in Bezug auf die Wirkungsmöglichkeiten des
4830 2615 5026 2727 peu de moyen
2763 2658 4312 2824 Stückes nicht verschaffen können.
2908 2725 4766 2921 Mein Stück ist nun fertig und wird wohl
2753 2855 4694 2995 bald hier zur Aufführung gelangen. - Wir
4860 2822 5171 3021 Votre lettre est
2740 2908 4794 3079 wären über Weihnachten und Neujahr in Frank¬
4883 3000 5136 3130 Gepr JST
2750 3028 4715 3215 furt; meine Frau ist nach dort; ich erwart
2758 3118 4403 3312 sie morgen oder übermorgen zurück.
2888 3164 4771 3434 herzliche Neujahrswünsche für Sie und Ihre
3625 3306 4771 3513 Freundschaftlichst der Zeige
2740 3365 3449 3508 Frau Mutter!
3944 3429 4743 3638 Ludig Fulda.
