5259 4248
434 491 908 848 Feilves
1417 690 2502 900 München, 20. 2. 1896.
1066 1063 2061 1342 Sehr geehrter Herr!
795 1314 2513 1520 Soeben hab ich Ihre "Liebeleim gelesen", und
539 1439 2505 1595 es drängt mich, Ihnen zu sagen, welch einen
547 1562 2518 1673 hohen und seltenen Genuß diese Lectüre mir
522 1637 2538 1815 bereitet hat. Das Stück auf der Bühne zu sehen
529 1743 2510 1886 hatte ich leider noch keine Gelegenheit; aber
512 1835 2467 1966 seit langer Zeit habe ich keinen so starken
517 1936 2485 2089 künstlerischen Eindruck empfangen wie von
517 2016 2420 2182 diesem schlichten und echten Stück Poesie, zu¬
517 2134 2523 2259 dem ich Sie von ganzem Herzen beglückwünsche
705 2209 2492 2355 Vielleicht macht es Ihnen Freude, unter¬
539 2299 2405 2435 dem vielen Guten, was man Ihnen mit
522 2385 2528 2518 vollem Recht über Ihr Werk schon gesagt hat,
534 2492 2475 2615 auch die Stimme eines Mitstrebenden
529 2588 2510 2686 erklingen zu hören. Auf alle Fälle aber
522 2686 2465 2806 war es mir ein Bedürfniß, Ihnen dies
534 2758 2492 2924 auszusprechen, und seien Sie versichert, daß
552 2859 2472 2996 Sie in mir einen herzlichen Freund Ihres
559 2971 1848 3129 Schaffens gewonnen haben.
1316 3077 2279 3295 Ihr sehr ergebener
1499 3240 2475 3490 Ludwig Fulda
3119 544 4616 770 Berlin-Charlottenburg, den 1 ten März 1897
4844 504 5005 675 0
4717 690 5010 800 Jornta 13
4724 1071 5005 1166 G.C.H.F.P.
2976 1048 4052 1284 Lieber Herr Doctor!
2956 1276 4564 1477 Ihr liebenswürdiges, ins deutsche
2701 1397 4631 1580 Theater gerichtetes Glückwunschtelegramme
2663 1507 4589 1685 hat mir eine große Freude bereitet; ich
2653 1612 4624 1773 denke Ihnen herzlichst dafür. Die Wirkung
2653 1723 4634 1903 des Stückes, über das ich freilich innerlich
2635 1835 4614 2031 längst hinaus bin, war hier wesentlich
2660 1936 4619 2146 stärker als in Wien; nun, Sie wissen ja
2650 2051 4619 2224 selbst, von wie vielen und oft wie zu
2676 2174 4609 2342 fälligen Umständen unsere Wirkungen
2663 2304 3187 2455 abhängen.
2836 2372 4604 2568 Mit den schönsten Grüßen, auch von
2630 2502 3739 2668 meiner Frau, bin ich
4717 2603 4977 2718 OUWSTE
3250 2630 4614 2844 Ihr stets aufrichtig ergebener
4724 2806 5113 3024 f. 01 ###
3618 2844 4626 3124 Ludwig Fulda.
4732 2956 5088 3147 Geregistre
4298 3811 4619 4009 G.C.H.F.P.P
