5303 4312
1162 519 1315 653 18
1204 627 2181 815 Karlsbad, 28.5.01.
799 995 1803 1197 Lieber Herr Schnitzler
662 1178 2283 1357 Herzlichen Dank für die dedication Ihres
433 1299 2158 1431 "Leutnant Gustel", den ich von neuem
477 1384 2306 1546 durchgesehen und dabei noch lieber gewonnen.
477 1456 2239 1627 Ich halte ihn für eine ihrer glänzendsten
465 1563 2248 1720 Arbeiten. Darf ich Ihnen eingestehen, daß
451 1648 2218 1827 ich ihn der "Frau Bertha Garlau" vorziehe,
458 1739 2283 1905 die ich inzwischen auch mit dem größten
465 1840 2222 1968 Interesse gelesen. Ich verkenne nicht die
465 1921 2296 2070 Meisterschaft in Psychologie und Darstellung,
456 2030 2188 2165 mit die sie sich hier monographisch in
417 2081 2278 2218 eine Frauenseele vertieft haben. Aber der
477 2204 2229 2350 Steff erscheint mir zu eng und arm¬
463 2269 2227 2431 dergleichen können - cum grano salis -
465 2354 2236 2500 Andere auch. "Leutnant Gustel" erscheint,
465 2459 2278 2572 mir im Griff urwuchsiger und neuer;
447 2540 2299 2704 den macht Ihnen Niemand nach. Und nachdem
477 2644 2227 2797 Sie im "Schleier" der Beatrice" einen so
465 2711 2308 2878 hohen pretischen Schwung genommen, möchte
477 2817 2317 2972 ich in der Rolle eines aufrichtigen Verehrers
507 2917 2278 3021 Ihrer außerordentlichen Gaben und - wenn
488 2989 2329 3165 Sie mir gestatten - eines warmen Freundes
479 3077 2324 3248 Größeres und Weiteres von Ihnen fordern.
465 3192 2264 3352 Dieses Buch ist für meine Empfindung im
2764 137 4410 289 Die rückhaltlose Anerkennung aber die er¬
2776 206 4426 345 Ihnen nach Verdienst zollt, hat Ihnen gewiß
2746 306 4408 447 wohlgethan. Unsere Reise war sehr genußig,
2764 363 4368 509 besonders die Tage in Venedig und der
2753 433 4412 602 Ausflug nach Ravenna. In Venedig trafer
2734 532 4403 634 der Hauptmann. Schade, daß wir uns nicht
2753 611 4410 745 auf italienischen Boden begegnet sind. Ihre
2743 678 4401 826 Sonnungläne theilen Sie uns nur bitte ja
2757 738 4368 912 so früh als möglich mit; ich hoffe herzlich,
2750 829 4412 975 daß wir irgendwo zusammentreffen können,
2769 914 4412 1076 Eben sagt mir meine Frau, die mir gegen
2783 1012 4445 1132 über am Schreibtisch sitzt, daß sie auch an Sie
2764 1102 4151 1289 schreibt. Mit herzlichsten Gruß
3558 1218 4010 1368 der Thage
3558 1292 4371 1482 Ludig Fulda
4257 1521 4572 1618 21.4.01
3600 1563 4771 1739 Hier gab es Uebermanschen schon vor Nietzsche
3570 1695 4725 1827 Ein jeder Stein will es beredt bekunden.
3570 1769 4727 1889 Drum einen Gruß von Ihrer Beatrice:
3586 1840 4769 1998 Noch glänzt ihr Licht; ihr Schleier ist verschwunden
4206 1924 4461 2116 L. F.
3598 2116 4741 2366 Einen herzlichen Genoss dem
3565 2306 4530 2593 italienisdien Frühling
4000 2475 4764 2655 Stire dus Fulda.
4822 2630 5021 2776 derwahr
2776 2810 3637 2922 BOLOGNA: FONTANA IEL HETTUNO.
4718 2857 5139 3051 peu et elvée.
3771 2887 4401 3065 Ch. 25. 3. 01.
3030 3005 4616 3160 Lieber Herr Schnitzler! herzlichen Dank
4693 3049 5107 3174 Deceprier
3051 3130 4639 3246 für die soeben eingetroffene willkommen
3051 3236 4658 3350 Beatrice und Ohr Begleitzeilen. Ich sende
3056 3306 4635 3438 Ihnen gleichzeitig die „Zwilligsschwester,
3030 3398 4558 3514 die, falls Sie bereits unterwegs sein
3042 3459 4660 3598 sollten, wohl in Wien für Sie aufgeheten
3021 3560 4642 3692 wird. Auch wir reisen morgen. Rom
3007 3632 4623 3778 ist nur frilich für diesmal zu weit. Wir
3012 3706 4628 3864 Ehrn zunächst nach den Gardesen (Adresse)
3021 3794 4653 3929 Grand Hotel, Gardone-Riviera) und bleibe
3037 3898 4646 4012 dort ungefähr 14 Tage. Dann wollen wir
3037 3956 4623 4081 auf ein paar Tage nach Venedig, wo wir
3033 4033 4616 4186 also so um die Mitte April sein würden
