<?xml version="1.0" encoding="UTF-8" standalone="yes"?>
<PcGts xmlns="http://schema.primaresearch.org/PAGE/gts/pagecontent/2013-07-15" xmlns:xsi="http://www.w3.org/2001/XMLSchema-instance" xsi:schemaLocation="http://schema.primaresearch.org/PAGE/gts/pagecontent/2013-07-15 http://schema.primaresearch.org/PAGE/gts/pagecontent/2013-07-15/pagecontent.xsd">
    <Metadata>
        <Creator>prov=READ-COOP:name=TrHtr:version=2.1.0:model_id=51170:date=25_07_2023_01:13</Creator>
        <Created>2023-05-01T21:53:45.143+02:00</Created>
        <LastChange>2023-07-25T01:13:02.058+02:00</LastChange>
        <TranskribusMetadata docId="1416425" pageId="54945691" pageNr="18" tsid="130579727" status="IN_PROGRESS" userId="64420" imgUrl="https://files.transkribus.eu/Get?id=KCQOPSKCLPIZHFKESYOCWPJY&amp;fileType=view" xmlUrl="https://files.transkribus.eu/Get?id=XYNXNOAHKSNUXOEDVVCHHKPX" imageId="44449776"/>
    </Metadata>
    <Page imageFilename="1416425_0018.jpg" imageWidth="5303" imageHeight="4312">
        <ReadingOrder>
            <OrderedGroup id="ro_1711832148755" caption="Regions reading order">
                <RegionRefIndexed index="0" regionRef="tr_1"/>
            </OrderedGroup>
        </ReadingOrder>
        <TextRegion id="tr_1" custom="readingOrder {index:0;}">
            <Coords points="513,499 4664,499 4664,3444 513,3444"/>
            <TextLine id="tr_1_tl_1" custom="readingOrder {index:0;}">
                <Coords points="2600,619 2752,641 2922,594 2952,626 3086,569 3216,619 3308,581 3461,584 3500,564 3503,501 2607,499"/>
                <Baseline points="2615,597 2699,597 2789,597 2878,591 2968,585 3057,579 3147,579 3236,579 3326,573 3416,561 3505,549"/>
                <TextEquiv>
                    <Unicode>Vergnügen bereiten.</Unicode>
                </TextEquiv>
            </TextLine>
            <TextLine id="tr_1_tl_2" custom="readingOrder {index:1;}">
                <Coords points="499,654 1375,679 2098,601 2285,659 2470,621 2475,534 501,571"/>
                <Baseline points="513,650 597,650 686,650 776,650 865,650 955,645 1045,639 1134,639 1224,633 1313,627 1403,627 1493,627 1582,621 1672,615 1761,615 1851,615 1940,609 2030,603 2120,597 2209,597 2299,597 2388,603 2478,603"/>
                <TextEquiv>
                    <Unicode>nahme der ganzen Verhandlungen demnächst in</Unicode>
                </TextEquiv>
            </TextLine>
            <TextLine id="tr_1_tl_3" custom="readingOrder {index:2;}">
                <Coords points="2852,674 2992,714 3129,661 3231,701 4546,631 4611,619 4616,521 2854,606"/>
                <Baseline points="2866,656 2914,662 3004,662 3093,656 3183,656 3272,650 3362,645 3451,645 3541,645 3631,639 3720,633 3810,633 3899,627 3989,621 4079,615 4168,609 4258,603 4347,603 4437,597 4527,603 4616,603"/>
                <TextEquiv>
                    <Unicode>Sie haben hier mit dem „weiter Land“ einen</Unicode>
                </TextEquiv>
            </TextLine>
            <TextLine id="tr_1_tl_4" custom="readingOrder {index:3;}">
                <Coords points="514,748 2265,724 2398,694 2400,621 516,699"/>
                <Baseline points="531,722 615,728 704,734 794,734 883,728 973,722 1063,716 1152,716 1242,716 1331,710 1421,710 1510,704 1600,704 1690,698 1779,692 1869,692 1958,692 2048,686 2138,680 2227,674 2317,680 2406,680"/>
                <TextEquiv>
                    <Unicode>extenso als Buch erscheinen soll, und dieses</Unicode>
                </TextEquiv>
            </TextLine>
            <TextLine id="tr_1_tl_5" custom="readingOrder {index:4;}">
                <Coords points="2622,761 4518,731 4553,644 2625,689"/>
                <Baseline points="2639,746 2675,746 2765,740 2854,740 2944,740 3033,746 3123,740 3213,734 3302,728 3392,728 3481,722 3571,722 3661,716 3750,710 3840,710 3929,710 4019,698 4108,692 4198,686 4288,686 4377,686 4467,686 4556,686"/>
                <TextEquiv>
                    <Unicode>neuen großen Erfolg errungen. Die Aufführung</Unicode>
                </TextEquiv>
            </TextLine>
            <TextLine id="tr_1_tl_6" custom="readingOrder {index:5;}">
                <Coords points="524,838 2517,808 2522,699 524,763"/>
                <Baseline points="537,818 555,818 645,818 734,818 824,824 913,818 1003,812 1092,806 1182,800 1272,800 1361,800 1451,800 1540,800 1630,794 1720,794 1809,788 1899,782 1988,776 2078,776 2167,764 2257,764 2347,770 2436,770 2526,770"/>
                <TextEquiv>
                    <Unicode>wird. Ihnen dann ja zweifellos sogleich zugesandt</Unicode>
                </TextEquiv>
            </TextLine>
            <TextLine id="tr_1_tl_7" custom="readingOrder {index:6;}">
                <Coords points="2632,851 4359,821 4611,793 4613,704 2635,811"/>
                <Baseline points="2645,836 2735,830 2824,830 2914,830 3004,824 3093,818 3183,812 3272,812 3362,812 3451,812 3541,806 3631,800 3720,794 3810,794 3899,788 3989,788 4079,782 4168,782 4258,770 4347,770 4437,770 4527,770 4616,770"/>
                <TextEquiv>
                    <Unicode>wird allgemein gerühmt; wie haben sie noch nicht</Unicode>
                </TextEquiv>
            </TextLine>
            <TextLine id="tr_1_tl_8" custom="readingOrder {index:7;}">
                <Coords points="2630,968 4631,883 4636,796 2632,883"/>
                <Baseline points="2645,913 2669,919 2759,919 2848,919 2938,913 3027,907 3117,907 3207,901 3296,901 3386,901 3475,889 3565,895 3655,889 3744,889 3834,877 3923,877 4013,865 4102,860 4192,854 4282,854 4371,854 4461,854 4550,848 4640,854"/>
                <TextEquiv>
                    <Unicode>gesehen, glauben auch nicht, daß sie den untergeßlichen</Unicode>
                </TextEquiv>
            </TextLine>
            <TextLine id="tr_1_tl_9" custom="readingOrder {index:8;}">
                <Coords points="541,911 1554,931 2453,883 2455,831 2078,781 1717,861 1657,813 541,843"/>
                <Baseline points="555,901 579,895 668,901 758,901 848,901 937,901 1027,895 1116,895 1206,889 1295,889 1385,889 1475,889 1564,883 1654,877 1743,877 1833,871 1923,871 2012,865 2102,860 2191,854 2281,854 2371,854 2460,865"/>
                <TextEquiv>
                    <Unicode>werden. Schade bleibt trotzdem, daß Sie nicht an¬</Unicode>
                </TextEquiv>
            </TextLine>
            <TextLine id="tr_1_tl_10" custom="readingOrder {index:9;}">
                <Coords points="2650,1020 3623,978 3747,1025 4269,938 4606,986 4631,881 2652,943"/>
                <Baseline points="2663,997 2753,1003 2842,1003 2932,997 3021,991 3111,991 3201,985 3290,979 3380,979 3469,979 3559,979 3649,973 3738,973 3828,961 3917,955 4007,949 4096,943 4186,937 4276,937 4365,931 4455,931 4544,931 4634,949"/>
                <TextEquiv>
                    <Unicode>Eindruck erreichen könnte, den uns die am Burg,</Unicode>
                </TextEquiv>
            </TextLine>
            <TextLine id="tr_1_tl_11" custom="readingOrder {index:10;}">
                <Coords points="536,1018 2166,993 2460,971 2463,876 539,968"/>
                <Baseline points="549,997 585,997 674,991 764,985 854,985 943,985 1033,985 1122,985 1212,973 1301,973 1391,973 1481,967 1570,967 1660,961 1749,955 1839,955 1929,949 2018,943 2108,943 2197,943 2287,937 2376,943 2466,949"/>
                <TextEquiv>
                    <Unicode>wesend waren, um den Aufmarsch der charakte¬</Unicode>
                </TextEquiv>
            </TextLine>
            <TextLine id="tr_1_tl_12" custom="readingOrder {index:11;}">
                <Coords points="524,1125 2463,1068 2497,976 526,1030"/>
                <Baseline points="537,1086 621,1086 710,1086 800,1075 889,1080 979,1075 1069,1069 1158,1063 1248,1057 1337,1057 1427,1057 1516,1057 1606,1051 1696,1045 1785,1045 1875,1039 1964,1033 2054,1033 2144,1027 2233,1027 2323,1027 2412,1033 2502,1033"/>
                <TextEquiv>
                    <Unicode>ristischen Typen zu sehen; da konnt man Studien¬</Unicode>
                </TextEquiv>
            </TextLine>
            <TextLine id="tr_1_tl_13" custom="readingOrder {index:12;}">
                <Coords points="2652,1118 2904,1088 2959,1128 3179,1073 3244,1108 3316,1078 3363,1115 3473,1065 3540,1070 3543,1013 3436,988 3353,1023 3301,996 3256,1020 3029,996 2952,1038 2812,1008 2657,1025"/>
                <Baseline points="2669,1080 2741,1080 2830,1086 2920,1086 3010,1075 3099,1069 3189,1069 3278,1063 3368,1069 3457,1057 3547,1057"/>
                <TextEquiv>
                    <Unicode>theater hinterlassen hat.</Unicode>
                </TextEquiv>
            </TextLine>
            <TextLine id="tr_1_tl_14" custom="readingOrder {index:13;}">
                <Coords points="2847,1188 3573,1148 3742,1190 3812,1130 3967,1175 4219,1123 4459,1163 4573,1113 4578,1015 2849,1103"/>
                <Baseline points="2860,1164 2878,1164 2968,1158 3057,1152 3147,1152 3236,1146 3326,1140 3416,1140 3505,1146 3595,1140 3684,1140 3774,1134 3864,1128 3953,1128 4043,1128 4132,1122 4222,1116 4312,1116 4401,1116 4491,1110 4580,1104"/>
                <TextEquiv>
                    <Unicode>Und was nun schließlich unsere Freundschaft</Unicode>
                </TextEquiv>
            </TextLine>
            <TextLine id="tr_1_tl_15" custom="readingOrder {index:14;}">
                <Coords points="544,1180 711,1233 1018,1163 2295,1153 2455,1125 2458,1060 1559,1120 1432,1075 1357,1128 1045,1070 896,1140 546,1145"/>
                <Baseline points="561,1176 579,1176 668,1176 758,1170 848,1170 937,1164 1027,1158 1116,1152 1206,1152 1295,1152 1385,1140 1475,1140 1564,1140 1654,1134 1743,1128 1833,1128 1923,1122 2012,1116 2102,1116 2191,1116 2281,1104 2371,1110 2460,1116"/>
                <TextEquiv>
                    <Unicode>machen.  Sladek, dem ich vor ein paar Tagen</Unicode>
                </TextEquiv>
            </TextLine>
            <TextLine id="tr_1_tl_16" custom="readingOrder {index:15;}">
                <Coords points="2650,1252 2877,1305 3623,1220 4546,1233 4573,1158 2650,1180"/>
                <Baseline points="2663,1248 2699,1242 2789,1242 2878,1248 2968,1248 3057,1242 3147,1230 3236,1230 3326,1230 3416,1224 3505,1224 3595,1218 3684,1212 3774,1212 3864,1206 3953,1206 4043,1206 4132,1200 4222,1206 4312,1200 4401,1200 4491,1200 4580,1194"/>
                <TextEquiv>
                    <Unicode>betrifft, so schlage ich von neuem ein. Für den</Unicode>
                </TextEquiv>
            </TextLine>
            <TextLine id="tr_1_tl_17" custom="readingOrder {index:16;}">
                <Coords points="554,1275 791,1322 1005,1248 2136,1260 2490,1228 2517,1150 556,1213"/>
                <Baseline points="567,1266 639,1260 728,1260 818,1254 907,1254 997,1248 1086,1242 1176,1242 1266,1236 1355,1230 1445,1224 1534,1224 1624,1218 1714,1218 1803,1218 1893,1218 1982,1212 2072,1212 2161,1200 2251,1200 2341,1200 2430,1200 2520,1212"/>
                <TextEquiv>
                    <Unicode>von Ihrem Wunsch Kenntnis gab, versprach mir,</Unicode>
                </TextEquiv>
            </TextLine>
            <TextLine id="tr_1_tl_18" custom="readingOrder {index:17;}">
                <Coords points="2650,1370 4182,1332 4518,1250 3977,1213 3760,1275 3693,1218 3121,1297 2977,1257 2887,1312 2652,1267"/>
                <Baseline points="2663,1343 2729,1337 2818,1337 2908,1331 2998,1331 3087,1325 3177,1319 3266,1313 3356,1313 3446,1307 3535,1301 3625,1301 3714,1301 3804,1295 3893,1295 3983,1290 4073,1290 4162,1284 4252,1284 4341,1284 4431,1278 4521,1284"/>
                <TextEquiv>
                    <Unicode>Rest, der noch vor uns liegt, soll sich daran</Unicode>
                </TextEquiv>
            </TextLine>
            <TextLine id="tr_1_tl_19" custom="readingOrder {index:18;}">
                <Coords points="546,1410 1744,1315 1831,1377 2445,1395 2475,1260 2333,1213 1816,1285 1527,1233 1225,1312 549,1290"/>
                <Baseline points="561,1355 597,1355 686,1349 776,1349 865,1349 955,1349 1045,1343 1134,1337 1224,1331 1313,1331 1403,1325 1493,1313 1582,1313 1672,1313 1761,1307 1851,1301 1940,1295 2030,1290 2120,1290 2209,1295 2299,1295 2388,1290 2478,1295"/>
                <TextEquiv>
                    <Unicode>Ihnen außerdem eine Reihe von Zeitungsberichten</Unicode>
                </TextEquiv>
            </TextLine>
            <TextLine id="tr_1_tl_20" custom="readingOrder {index:19;}">
                <Coords points="2667,1447 2772,1485 3214,1412 3373,1460 4192,1377 4269,1427 4344,1367 4548,1385 4586,1317 3411,1307 3263,1380 2670,1392"/>
                <Baseline points="2681,1433 2711,1427 2801,1427 2890,1421 2980,1421 3069,1415 3159,1409 3248,1403 3338,1397 3428,1397 3517,1391 3607,1391 3696,1391 3786,1391 3876,1379 3965,1373 4055,1373 4144,1373 4234,1373 4323,1367 4413,1367 4503,1367 4592,1367"/>
                <TextEquiv>
                    <Unicode>nichts ändern. Höchstens wollen wir noch etwas</Unicode>
                </TextEquiv>
            </TextLine>
            <TextLine id="tr_1_tl_21" custom="readingOrder {index:20;}">
                <Coords points="554,1499 661,1465 748,1502 828,1450 853,1472 911,1447 1128,1455 1128,1415 1075,1415 1040,1392 976,1412 851,1355 801,1387 621,1375 589,1405 554,1405"/>
                <Baseline points="567,1439 656,1433 746,1445 836,1445 925,1439 1015,1439 1104,1439 1134,1439"/>
                <TextEquiv>
                    <Unicode>zu schicken. -</Unicode>
                </TextEquiv>
            </TextLine>
            <TextLine id="tr_1_tl_22" custom="readingOrder {index:21;}">
                <Coords points="2667,1547 4184,1467 4631,1519 4661,1402 2670,1467"/>
                <Baseline points="2681,1522 2693,1516 2783,1510 2872,1510 2962,1505 3051,1505 3141,1499 3231,1493 3320,1493 3410,1487 3499,1487 3589,1481 3678,1481 3768,1469 3858,1469 3947,1469 4037,1463 4126,1463 4216,1457 4306,1457 4395,1463 4485,1463 4574,1463 4664,1475"/>
                <TextEquiv>
                    <Unicode>näher zusammenwärken, um aus dem Beieinander</Unicode>
                </TextEquiv>
            </TextLine>
            <TextLine id="tr_1_tl_23" custom="readingOrder {index:22;}">
                <Coords points="714,1559 1013,1589 2118,1492 2288,1534 2547,1475 2063,1402 828,1450 714,1502"/>
                <Baseline points="728,1528 758,1528 848,1528 937,1528 1027,1522 1116,1516 1206,1516 1295,1510 1385,1510 1475,1510 1564,1510 1654,1499 1743,1499 1833,1499 1923,1493 2012,1487 2102,1481 2191,1481 2281,1487 2371,1487 2460,1493 2550,1505"/>
                <TextEquiv>
                    <Unicode>Die Ursprungszeit der „Labendigen Stunden“ ist mir</Unicode>
                </TextEquiv>
            </TextLine>
            <TextLine id="tr_1_tl_24" custom="readingOrder {index:23;}">
                <Coords points="2635,1654 4548,1567 4573,1485 2637,1554"/>
                <Baseline points="2651,1600 2693,1600 2783,1600 2872,1594 2962,1594 3051,1588 3141,1588 3231,1588 3320,1582 3410,1582 3499,1570 3589,1576 3678,1570 3768,1570 3858,1558 3947,1558 4037,1558 4126,1552 4216,1552 4306,1546 4395,1546 4485,1546 4574,1546"/>
                <TextEquiv>
                    <Unicode>stehen den verstärkten Halt zu gewinnen, den</Unicode>
                </TextEquiv>
            </TextLine>
            <TextLine id="tr_1_tl_25" custom="readingOrder {index:24;}">
                <Coords points="1744,1632 1801,1607 1966,1619 2001,1594 2083,1614 2123,1589 2196,1624 2483,1584 2480,1514 2423,1495 2303,1534 2148,1495 1742,1527"/>
                <Baseline points="1757,1574 1815,1576 1905,1576 1994,1576 2084,1564 2173,1564 2173,1564 2263,1582 2353,1582 2442,1582 2490,1582"/>
                <TextEquiv>
                    <Unicode>f „Stunden“ selber</Unicode>
                </TextEquiv>
            </TextLine>
            <TextLine id="tr_1_tl_26" custom="readingOrder {index:25;}">
                <Coords points="529,1672 654,1619 928,1672 1003,1614 1068,1649 1440,1602 1749,1624 1751,1514 1599,1504 1480,1577 1352,1539 1025,1592 946,1542 531,1569"/>
                <Baseline points="543,1606 591,1612 680,1618 770,1618 860,1618 949,1612 1039,1606 1128,1606 1218,1606 1307,1606 1397,1600 1487,1600 1576,1600 1666,1600 1757,1574"/>
                <TextEquiv>
                    <Unicode>so lebendig geblieben, wie die</Unicode>
                </TextEquiv>
            </TextLine>
            <TextLine id="tr_1_tl_27" custom="readingOrder {index:26;}">
                <Coords points="2660,1722 3513,1719 3703,1662 3822,1719 4192,1652 4326,1704 4466,1652 4469,1559 3630,1629 3513,1584 3089,1657 2972,1609 2662,1672"/>
                <Baseline points="2675,1702 2681,1702 2771,1696 2860,1690 2950,1684 3039,1678 3129,1678 3219,1678 3308,1678 3398,1678 3487,1672 3577,1666 3666,1666 3756,1660 3846,1654 3935,1654 4025,1648 4114,1642 4204,1636 4294,1636 4383,1636 4473,1636"/>
                <TextEquiv>
                    <Unicode>diese unerpunkliche Zeit erforderlich macht.</Unicode>
                </TextEquiv>
            </TextLine>
            <TextLine id="tr_1_tl_28" custom="readingOrder {index:27;}">
                <Coords points="546,1722 2483,1714 2485,1587 546,1667"/>
                <Baseline points="561,1708 609,1708 698,1702 788,1702 877,1702 967,1708 1057,1702 1146,1702 1236,1690 1325,1690 1415,1690 1505,1690 1594,1690 1684,1690 1773,1684 1863,1678 1952,1678 2042,1672 2132,1672 2221,1672 2311,1672 2400,1672 2490,1684"/>
                <TextEquiv>
                    <Unicode>die nun hoffentlich eine recht nachhaltige Neube¬</Unicode>
                </TextEquiv>
            </TextLine>
            <TextLine id="tr_1_tl_29" custom="readingOrder {index:28;}">
                <Coords points="2802,1789 2892,1776 2994,1809 3049,1789 3104,1836 3239,1771 3428,1776 3428,1734 3358,1739 3221,1687 3119,1727 3069,1699 3024,1729 2879,1697 2804,1707"/>
                <Baseline points="2818,1767 2896,1767 2986,1761 3075,1761 3165,1767 3254,1761 3344,1755 3434,1761"/>
                <TextEquiv>
                    <Unicode>Und so fortan.</Unicode>
                </TextEquiv>
            </TextLine>
            <TextLine id="tr_1_tl_30" custom="readingOrder {index:29;}">
                <Coords points="541,1821 2463,1819 2517,1727 544,1746"/>
                <Baseline points="555,1797 639,1803 728,1797 818,1803 907,1803 997,1797 1086,1791 1176,1785 1266,1785 1355,1773 1445,1779 1534,1785 1624,1779 1714,1773 1803,1773 1893,1773 1982,1767 2072,1761 2161,1761 2251,1767 2341,1767 2430,1779 2520,1791"/>
                <TextEquiv>
                    <Unicode>lebung erfahren. Es spricht für ihr gutes Gedächtnis,</Unicode>
                </TextEquiv>
            </TextLine>
            <TextLine id="tr_1_tl_31" custom="readingOrder {index:30;}">
                <Coords points="2827,1889 3922,1879 4291,1804 4631,1846 4636,1712 4214,1771 4034,1727 3815,1791 2832,1784"/>
                <Baseline points="2842,1851 2848,1851 2938,1851 3027,1851 3117,1857 3207,1851 3296,1845 3386,1845 3475,1839 3565,1833 3655,1827 3744,1821 3834,1815 3923,1809 4013,1809 4102,1803 4192,1803 4282,1797 4371,1803 4461,1809 4550,1809 4640,1821"/>
                <TextEquiv>
                    <Unicode>Mit herzlichen Grüßen, auch von meiner Frau,</Unicode>
                </TextEquiv>
            </TextLine>
            <TextLine id="tr_1_tl_32" custom="readingOrder {index:31;}">
                <Coords points="541,1919 2425,1901 2505,1834 2298,1781 998,1856 544,1821"/>
                <Baseline points="555,1893 627,1893 716,1893 806,1887 895,1893 985,1887 1075,1881 1164,1881 1254,1869 1343,1863 1433,1863 1522,1863 1612,1863 1702,1857 1791,1857 1881,1851 1970,1851 2060,1851 2150,1851 2239,1851 2329,1857 2418,1869 2508,1869"/>
                <TextEquiv>
                    <Unicode>daß Sie sich noch meiner kleinen dramaturgischen</Unicode>
                </TextEquiv>
            </TextLine>
            <TextLine id="tr_1_tl_33" custom="readingOrder {index:32;}">
                <Coords points="546,2001 1282,2023 1599,1949 2475,1994 2510,1909 2268,1859 1954,1919 546,1926"/>
                <Baseline points="561,1976 633,1976 722,1982 812,1976 901,1976 991,1970 1080,1976 1170,1970 1260,1958 1349,1958 1439,1952 1528,1946 1618,1940 1708,1940 1797,1935 1887,1940 1976,1940 2066,1940 2156,1946 2245,1952 2335,1952 2424,1958 2514,1964"/>
                <TextEquiv>
                    <Unicode>Winke von dazumal erinnern. Zwei Jahrzehnte!</Unicode>
                </TextEquiv>
            </TextLine>
            <TextLine id="tr_1_tl_34" custom="readingOrder {index:33;}">
                <Coords points="3775,2016 3860,2036 3942,2008 3997,2026 4079,1966 4242,1998 4336,1964 4386,1969 4389,1881 4321,1861 4269,1894 4117,1879 4059,1901 3977,1851 3922,1881 3887,1861 3780,1896"/>
                <Baseline points="3792,1970 3852,1976 3941,1970 4031,1964 4120,1964 4210,1958 4300,1952 4389,1952"/>
                <TextEquiv>
                    <Unicode>Ihr getreuer</Unicode>
                </TextEquiv>
            </TextLine>
            <TextLine id="tr_1_tl_35" custom="readingOrder {index:34;}">
                <Coords points="544,2103 1841,2041 2163,2121 2490,2046 2493,1966 2178,2013 1554,1959 941,2048 546,2001"/>
                <Baseline points="561,2078 615,2072 704,2072 794,2066 883,2066 973,2066 1063,2060 1152,2060 1242,2054 1331,2048 1421,2042 1510,2036 1600,2036 1690,2030 1779,2030 1869,2030 1958,2030 2048,2030 2138,2030 2227,2030 2317,2030 2406,2036 2496,2042"/>
                <TextEquiv>
                    <Unicode>Ja, wenn man rükschaut, ist's kurz – wie das</Unicode>
                </TextEquiv>
            </TextLine>
            <TextLine id="tr_1_tl_36" custom="readingOrder {index:35;}">
                <Coords points="566,2173 639,2166 719,2208 811,2156 883,2193 956,2171 1010,2203 1110,2151 1185,2208 1287,2168 1292,2081 1140,2096 1113,2071 1063,2091 1000,2066 831,2128 679,2068 609,2113 569,2101"/>
                <Baseline points="579,2161 668,2161 758,2156 848,2156 937,2150 1027,2144 1116,2144 1206,2138 1295,2132"/>
                <TextEquiv>
                    <Unicode>Leben überhaupt.</Unicode>
                </TextEquiv>
            </TextLine>
            <TextLine id="tr_1_tl_37" custom="readingOrder {index:36;}">
                <Coords points="3675,2231 3790,2203 3862,2241 3945,2206 4074,2270 4249,2178 4616,2226 4616,2083 4474,2061 4386,2101 4299,2058 4114,2158 3965,2113 3777,2168 3675,2146"/>
                <Baseline points="3690,2197 3780,2197 3870,2203 3959,2197 4049,2197 4138,2197 4228,2185 4317,2185 4407,2185 4497,2191 4586,2203 4622,2209"/>
                <TextEquiv>
                    <Unicode>Leedwig Fulda</Unicode>
                </TextEquiv>
            </TextLine>
            <TextLine id="tr_1_tl_38" custom="readingOrder {index:37;}">
                <Coords points="719,2275 828,2233 1492,2258 1612,2203 2313,2201 2383,2246 2433,2158 2123,2106 1669,2178 1472,2118 1193,2203 1110,2151 1010,2203 808,2156 721,2196"/>
                <Baseline points="734,2227 824,2227 913,2227 1003,2227 1092,2227 1182,2221 1272,2221 1361,2221 1451,2215 1540,2203 1630,2197 1720,2197 1809,2197 1899,2203 1988,2197 2078,2197 2167,2191 2257,2191 2347,2191 2436,2203"/>
                <TextEquiv>
                    <Unicode>Germ hörte ich, daß meine Uebertragung</Unicode>
                </TextEquiv>
            </TextLine>
            <TextLine id="tr_1_tl_39" custom="readingOrder {index:38;}">
                <Coords points="546,2328 1043,2363 1574,2295 1891,2343 2186,2273 2393,2300 2395,2243 1360,2221 1215,2288 863,2233 546,2303"/>
                <Baseline points="561,2323 609,2317 698,2311 788,2311 877,2317 967,2311 1057,2311 1146,2305 1236,2305 1325,2299 1415,2293 1505,2293 1594,2293 1684,2293 1773,2293 1863,2287 1952,2281 2042,2281 2132,2275 2221,2275 2311,2275 2400,2287"/>
                <TextEquiv>
                    <Unicode>der Schakesprare-Sonette Sie gefesselt hat.</Unicode>
                </TextEquiv>
            </TextLine>
            <TextLine id="tr_1_tl_40" custom="readingOrder {index:39;}">
                <Coords points="576,2445 1649,2380 2265,2418 2453,2385 2455,2288 2048,2343 1310,2303 958,2375 579,2335"/>
                <Baseline points="591,2418 645,2412 734,2406 824,2400 913,2400 1003,2394 1092,2394 1182,2394 1272,2388 1361,2382 1451,2382 1540,2382 1630,2382 1720,2371 1809,2376 1899,2371 1988,2371 2084,2372 2084,2372 2179,2359 2269,2359 2359,2371 2448,2371 2460,2371"/>
                <TextEquiv>
                    <Unicode>Ich hoffe, auch Ihr Sohn, mit dem ich mich so</Unicode>
                </TextEquiv>
            </TextLine>
            <TextLine id="tr_1_tl_41" custom="readingOrder {index:40;}">
                <Coords points="574,2562 918,2495 2475,2500 2497,2398 576,2448"/>
                <Baseline points="591,2514 621,2508 710,2508 800,2496 889,2496 979,2490 1069,2490 1158,2478 1248,2478 1337,2478 1427,2478 1516,2472 1606,2472 1696,2466 1785,2466 1875,2466 1964,2466 2054,2466 2144,2460 2233,2454 2323,2454 2412,2460 2502,2460"/>
                <TextEquiv>
                    <Unicode>gut verstand, und dessen geistigen Jugendericht</Unicode>
                </TextEquiv>
            </TextLine>
            <TextLine id="tr_1_tl_42" custom="readingOrder {index:41;}">
                <Coords points="649,2612 1577,2627 1819,2572 1989,2617 2355,2555 2420,2610 2475,2527 2141,2460 2021,2532 918,2495 651,2547"/>
                <Baseline points="666,2599 758,2586 848,2591 937,2591 1027,2591 1116,2586 1206,2586 1295,2586 1385,2586 1475,2574 1564,2568 1654,2568 1743,2562 1833,2562 1923,2562 2012,2562 2102,2556 2191,2550 2281,2556 2371,2550 2460,2556 2478,2562"/>
                <TextEquiv>
                    <Unicode>E hochschätzen lernte, zieht einige Anregung</Unicode>
                </TextEquiv>
            </TextLine>
            <TextLine id="tr_1_tl_43" custom="readingOrder {index:42;}">
                <Coords points="576,2710 621,2695 689,2730 734,2695 758,2707 888,2682 896,2695 936,2695 941,2640 883,2627 861,2642 841,2630 818,2642 751,2587 709,2595 624,2652 579,2645"/>
                <Baseline points="591,2687 674,2687 764,2681 854,2681 943,2657"/>
                <TextEquiv>
                    <Unicode>daraus,</Unicode>
                </TextEquiv>
            </TextLine>
            <TextLine id="tr_1_tl_44" custom="readingOrder {index:43;}">
                <Coords points="724,2814 1355,2747 1427,2804 1841,2730 2440,2774 2502,2767 2505,2687 2048,2677 1919,2597 1727,2715 1579,2660 726,2700"/>
                <Baseline points="740,2765 806,2765 895,2759 985,2759 1075,2753 1164,2753 1254,2747 1343,2741 1433,2747 1522,2747 1612,2747 1702,2735 1791,2735 1881,2729 1970,2735 2060,2729 2150,2723 2239,2723 2329,2723 2418,2735 2508,2747"/>
                <TextEquiv>
                    <Unicode>Ihre Absicht, demnächst nach Berlin zu kommen</Unicode>
                </TextEquiv>
            </TextLine>
            <TextLine id="tr_1_tl_45" custom="readingOrder {index:44;}">
                <Coords points="559,2859 744,2922 1552,2837 1839,2879 2460,2839 2463,2764 2126,2797 1836,2730 1455,2804 1280,2757 931,2832 659,2769 559,2814"/>
                <Baseline points="573,2842 585,2848 674,2854 764,2854 854,2854 943,2848 1033,2842 1122,2836 1212,2842 1301,2842 1391,2836 1481,2830 1570,2830 1660,2830 1749,2824 1839,2818 1929,2818 2018,2818 2108,2824 2197,2818 2287,2818 2376,2818 2466,2824"/>
                <TextEquiv>
                    <Unicode>begrüße ich lebhaft und stelle Ihnen, auch im</Unicode>
                </TextEquiv>
            </TextLine>
            <TextLine id="tr_1_tl_46" custom="readingOrder {index:45;}">
                <Coords points="589,2964 1282,2932 1774,2992 1966,2929 2103,2996 2423,2912 2425,2839 2313,2822 2223,2894 1761,2839 1607,2897 1417,2849 1255,2909 589,2884"/>
                <Baseline points="603,2950 639,2944 728,2944 818,2950 907,2944 997,2944 1086,2938 1176,2932 1266,2932 1355,2932 1445,2932 1534,2926 1624,2926 1714,2920 1803,2920 1893,2920 1982,2920 2072,2920 2161,2914 2251,2908 2341,2908 2430,2908"/>
                <TextEquiv>
                    <Unicode>Namen meiner Frau, nachmals unser Haus</Unicode>
                </TextEquiv>
            </TextLine>
            <TextLine id="tr_1_tl_47" custom="readingOrder {index:46;}">
                <Coords points="1712,3046 1796,3039 1866,3076 2003,3026 2211,3024 2293,3061 2413,3059 2465,3051 2468,2947 2228,2944 2128,2996 2063,2987 2011,2944 1931,2987 1839,2947 1714,2999"/>
                <Baseline points="1725,3045 1815,3021 1905,3021 1994,3016 2084,3016 2173,3016 2263,3010 2353,3010 2442,3016 2472,3016"/>
                <TextEquiv>
                    <Unicode>Sie könnten ganz</Unicode>
                </TextEquiv>
            </TextLine>
            <TextLine id="tr_1_tl_48" custom="readingOrder {index:47;}">
                <Coords points="584,3091 836,3109 1295,3064 1422,3106 1532,3064 1587,3094 1587,2977 1517,2987 1460,2944 1372,2982 1160,2962 916,2994 838,2959 584,2994"/>
                <Baseline points="597,3033 603,3033 692,3039 782,3045 871,3045 961,3039 1051,3039 1140,3039 1230,3045 1319,3033 1409,3033 1499,3033 1594,3038"/>
                <TextEquiv>
                    <Unicode>als Logis zur Verfügung</Unicode>
                </TextEquiv>
            </TextLine>
            <TextLine id="tr_1_tl_49" custom="readingOrder {index:48;}">
                <Coords points="596,3139 719,3186 1704,3179 1826,3119 2345,3171 2435,3159 2438,3051 596,3091"/>
                <Baseline points="609,3129 650,3129 740,3135 830,3135 919,3135 1009,3135 1098,3129 1188,3135 1278,3129 1367,3129 1457,3123 1546,3123 1636,3123 1725,3117 1815,3105 1905,3111 1994,3105 2084,3105 2173,3105 2263,3111 2353,3105 2442,3093"/>
                <TextEquiv>
                    <Unicode>ungezwungen bei uns wohnen und sicherlich</Unicode>
                </TextEquiv>
            </TextLine>
            <TextLine id="tr_1_tl_50" custom="readingOrder {index:49;}">
                <Coords points="601,3291 1754,3211 2083,3273 2280,3204 2435,3263 2495,3253 2497,3161 604,3196"/>
                <Baseline points="615,3236 621,3231 710,3236 800,3231 889,3236 979,3236 1069,3231 1158,3231 1248,3225 1337,3225 1427,3225 1516,3213 1606,3207 1696,3207 1785,3207 1875,3201 1964,3195 2054,3201 2144,3201 2233,3201 2323,3201 2412,3207 2502,3213"/>
                <TextEquiv>
                    <Unicode>behaglicher, als es gegenwärtig im Hotel mög¬</Unicode>
                </TextEquiv>
            </TextLine>
            <TextLine id="tr_1_tl_51" custom="readingOrder {index:50;}">
                <Coords points="596,3383 1904,3306 2333,3366 2418,3318 2505,3376 2535,3273 2171,3211 2051,3276 1911,3209 1806,3281 599,3293"/>
                <Baseline points="609,3338 698,3332 788,3332 877,3332 967,3332 1057,3332 1146,3332 1236,3326 1325,3320 1415,3314 1505,3308 1594,3308 1684,3308 1773,3302 1863,3296 1952,3296 2042,3302 2132,3302 2221,3308 2311,3308 2400,3314 2490,3326 2538,3338"/>
                <TextEquiv>
                    <Unicode>lich ist. Sie würden uns in keiner Weise stören,</Unicode>
                </TextEquiv>
            </TextLine>
            <TextLine id="tr_1_tl_52" custom="readingOrder {index:51;}">
                <Coords points="571,3458 933,3500 1320,3418 1657,3476 2038,3391 2348,3478 2480,3458 2483,3351 1881,3371 1592,3313 1462,3366 574,3376"/>
                <Baseline points="585,3434 609,3434 698,3428 788,3428 877,3428 967,3428 1057,3422 1146,3422 1236,3416 1325,3416 1415,3404 1505,3404 1594,3398 1684,3398 1773,3392 1863,3386 1952,3386 2042,3392 2132,3392 2221,3398 2311,3398 2400,3404 2490,3410"/>
                <TextEquiv>
                    <Unicode>uns durch Ihre Anwesenheit nur ein großes</Unicode>
                </TextEquiv>
            </TextLine>
        </TextRegion>
    </Page>
</PcGts>
