5303 4248
420 638 2275 838 guten und bösen Sinne zu feminia, und
432 768 2228 931 ich glaube doch, daß gerade Sie wie kaum
427 843 2221 1014 ein Zweiter das Zing hätten, uns aus der
416 935 2240 1096 überreichen Literatur, die von Frauen den
439 1038 2221 1191 Frauen erzählt ins Männlich - Menschliche
427 1137 2233 1247 enporzuheben. Dies mein unmaßgeblicher
434 1205 2166 1365 Standpunkt, mit der selbstverständlichen
427 1288 2238 1451 Vollmacht, daß Sie das Recht haben, darüber
432 1377 2233 1555 zu lächeln und unbeirrt die Wege weiter
427 1479 1894 1639 zu gehen, die Ihnen gemäß sind
624 1569 2210 1690 Wir bleiben hier bis etwa 10. Juni
416 1643 2282 1813 und kehren, denn zunächst nach Berlin zurück
434 1750 2226 1862 Im Sommer gehen wir vielleicht wieder
422 1845 2129 2006 nach Tafri. Wie sehr wir beide uns
439 1927 2240 2084 freuen würden, mit Ihnen zusammenzu¬
425 2019 1332 2182 treffen, wissen Sie.
622 2119 1402 2275 herzlich der Ihrige
1395 2152 2240 2384 Ludwig Fulda
3424 402 4559 545 3. Z. Frankfurt a. M. 28.4.01
3895 485 4369 594 Beethovenstrasse 28
2899 541 4503 743 Lieber Herr Schnitzler! Ihren Brief engst
2915 680 4547 817 ich hier im Elterhaus, wo wir auf S
2904 757 4552 882 der Rückreise Station gemacht haben. Wie
2904 845 4522 952 kehren in einigen Tagen nach Bewin zurück
2885 926 4457 1024 und werden dort das angekündigte Buch
2899 996 4540 1126 jedenfalls vorfinden. Wir freuen ins beide
2899 1070 4468 1205 lebhaft darauf, es kennen zu lernen.
2883 1156 4503 1279 Einstweilen Dank im Voraus! Unterwegs
2885 1221 4531 1353 lasen wir mit großem Interesse den Auf¬
2913 1295 4487 1423 satz von Brandes in der Fr. Pr. Mich hat
2899 1374 4540 1500 die Wärme des Tons sehr erfreut, während
2899 1444 4543 1620 mir das Gange doch in wenig zu oberflächtig
2911 1516 4529 1676 scheint. Bandes hat sich die Sache zu leicht genom¬
2915 1595 4533 1764 und nicht das letzte Wort über Sie gesprochen
3644 2377 4280 2505 Ch. 25. 3. 01
2915 2461 4468 2618 Liebe Herr Schnitzler! Herzlicher Dank
2922 2595 4510 2693 für die soeben eingetroffene willkommen
4568 2635 5042 2774 S.O.K.P.
2915 2665 4522 2783 Beatrice und Ohr Begleitzeilen. Ich sende
2915 2753 4499 2883 Ihnen gleichzeitig die "Zwillingsschwester",
2904 2837 4413 2936 die, falls Sie bereits, unterwegs sein
4598 2913 5088 3027 HJJ6pp of 9TK
2915 2920 4524 3050 sollten, wohl in Wien für Sie aufgeheten
2885 3018 4499 3138 wird. Auch wir reisen morgen. Rom
4582 3001 5118 3155 pere russeptal
2862 3090 4492 3201 ist mir freilich für diesmal zu weit. Wir
2881 3162 4510 3310 fahren zunächst nach dem Gardesen (Adresse:
2904 3252 4529 3380 Grand Hotel, Gardone - Riviera) und bleiben
2904 3336 4517 3449 dort ungefähr 14 Tage. Dann wollen wir
2892 3405 4480 3510 auf ein paar Tage nach Venedig, wo wir
2885 3484 4487 3635 also so um die Mitte April sein würden.
4740 3679 4928 3830 G.H.F.P.
