5319 4311
2678 530 4773 700 Aber die Reise selbst wird Theun gewiß manche An¬
2684 630 4783 789 regung bieten und Ihrem Einblick in deutsches Leben
489 589 2562 813 heit, wie ich sie überstehen mußte, stets eine Narbe¬
4897 668 5054 811 G.C.F.P.
2694 700 4759 857 verschaffen, wie man sie sonst nicht so leicht erhält.
505 743 2581 870 zurückbleibt, die mit Versicht und Schonung behandelt
2927 765 4794 938 Von allen möglichen Seiten werde ich drangselert
508 819 2592 981 sein will, so empfinde ich doch eine teife Dankbarkeit
2692 857 4805 1032 den Wiener Preßcongreß (Beginn am 11. September)
522 905 2524 1027 daß es mir wieder möglich ist, freim Athen zu
2689 973 4816 1100 mitzumachen. Solche Messenansammlungen sind mir
513 986 2551 1130 schöpfen und mich in der schönen Welt unbefangen
2705 1013 4737 1176 im Allgemeinen zwar höchst widerwärtig; aber da
522 1092 2508 1195 umzublicken. Erst jetzt kann ich ermessen, unter
2700 1103 4778 1292 ich vielleicht auch geschäftlich in Mein zu thun haben
516 1159 2524 1289 was für einen Furchtbaren druck ich gelebt habe,
2743 1213 4681 1340 werde, so ist es möglich, daß ich um diese Zeit
540 1257 2159 1405 erst jetzt, wie nahe der Schnitt an
2340 1232 2578 1338 Leben
2738 1270 4797 1435 dort auf ein paar Tage antreten würde. Nach Ihren
511 1354 1243 1478 vorbeigegangen ist.
2724 1365 4770 1538 Dispositionen werden Sie vermuthlich gerade dann
743 1400 2600 1530 Vor allem aber ist mir eine Arbeitsfrische und
2724 1481 4835 1597 nicht mehr in der Spöttelgasse zu finden sein; wenn
492 1516 2600 1627 Arbeitsfriedigkeit hier zurückgekehrt, wie ich sie längst
2735 1576 4716 1705 doch, so würde mir das natürlich eine Lockung
516 1619 2527 1711 nicht mehr erwartete, nicht eine für möglich
2719 1673 3392 1803 mehr bedeuten.
527 1678 2559 1813 heilt. Ich darf auch auf diesem Gebiet eine Ernau
2916 1703 4813 1903 Mit schönsten Grüßen für Sie und Ihre werthe
535 1784 2624 1908 rung hoffen; ja, es ist mir, als ob verschüttet Quellen
2738 1843 3400 2000 Frau Gemahlin
565 1859 2608 1978 in mir aufgebrochen wären und wieder zu sprudeln
3562 1878 4108 2051 der Thage,
551 1946 2511 2062 begännen. Neben mancherlei kleineren Dingen
562 2046 2632 2181 habe ich ein Stück, das ich hier begonnen, in einem
3651 2035 4581 2235 Lieding Fulda
557 2113 2589 2289 Zug so rasch gefördert, daß ich mit Bestimmtheit
576 2221 2543 2340 darauf rechnen kann, es fertig von hier mit
557 2313 1219 2462 fortzunehmen.
762 2340 2611 2505 Ich freue mich, daß auch Sie von Ihrem Sommer
559 2492 2578 2621 so Gedähliches berichten konnten. Wenn man sich
562 2540 2632 2708 in seinem Heim behaglich fühlt, so giebt es freilich
4875 2605 5048 2724 oude s'est
573 2640 2546 2743 kein bessers Retiro und keine angenehmern
581 2748 2554 2857 Sommerfrische. Auf die Früchte Ihrer Arbeit bin
578 2805 2627 2967 ich natürlich sehr gespannt. Hoffentlich hält sie der
595 2927 2613 3030 Roman nicht allzulange von dramatischer Thätig¬
565 2994 2643 3151 keit ab. Womit ich natürlich Ihrem epischen Scheffen
4892 2959 5097 3127 : p L I:
589 3081 2608 3216 nicht zu nahe treten will. In Gegentheil, wenn
600 3194 2651 3329 uns irgend Jemand den Wiener Roman bescheren
576 3289 1508 3427 kann, so sind Sie es
751 3340 2665 3505 Inzwischen werden Sie wohl auch mit dem Vertrags¬
540 3427 2500 3594 reise - Handel ins Reine gekommen sein. Das
516 3513 2686 3684 Abschreckende dabei ist die endlose, oder Correspondirerei
