5304 4279
577 733 2544 929 erfuhr ich, daß Herr Hernann Bahr mich einen
577 821 2577 1040 "gierigen Jobber genannt hat, der "mit Mei¬
594 942 2599 1106 nungen wie mit alten hohen hausirt.“ Und zwar
584 1065 2511 1217 befindet sich diese Injurie - wohl der äußerste
589 1151 2589 1274 Rekord an Unanständigkeit - nicht etwa in einer
584 1257 2569 1403 Kritik über mich, sondern zurückgreifend in einer
589 1363 2569 1496 Besprechung des Otto Ernst’schen Stückes. Ich möchte
592 1451 2499 1574 nun gern einmal festgestellt sehen, wie
594 1531 2620 1715 weit die persönliche Beschimpfung und Beschmutzung
594 1645 2541 1816 eines unbescholtenen Menschen unter dem
572 1745 2549 1884 Deckmantel der literarischen Kritik getrieben
594 1846 2587 1950 werden darf. Und darum habe ich durch meinen
612 1939 2637 2111 Wiener Anwalt gegen Herrn Bahr die Belückzungs¬
620 2065 1650 2224 klage erheben lassen. —
829 2123 2617 2285 Alle guten Wünsche zum Fest und zu Ihrem
620 2239 2562 2388 geplanten Ausflug ins Salzburgische. Im Vor¬
612 2340 2524 2504 frühling möchte ich wohl gerne südwärts. Doch
592 2456 2574 2592 haben meine Pläne noch keine bestimmt Frau
620 2579 2562 2682 angenommen; ich weiß nicht einmal, ob ich sie
620 2640 2632 2811 überhaupt werde verwirklichen können. Und Sie?
773 2745 2451 2907 Hoffentlich sicht man Sie, nach ihr der
612 2849 2582 2972 Winter zu Ende geht, noch einmal in Berlin,
620 2942 2534 3091 und zwar diesmal mit Ihrer lieben Frau.
728 3040 2426 3242 Mit herzlichen Grüßen für Sie beide
1688 3239 2625 3494 Ludwig Fulda
4844 2881 5111 2992 o! eIue
4818 3017 5070 3148 G:C:F:L:S:
