5303 4312
591 583 2022 815 Hiersein und Ferabliben allgemein
606 688 1932 862 bedauert werden und auf unsere
604 772 2025 957 ausländischen Gäste beinah wie eine
604 830 2059 1057 Dedann Demonstration wirken, die Sie
604 944 1895 1176 doch sicherlich nicht beabsichtigen
749 1023 2104 1210 Für Ihre neuen Bücher heute nun
598 1134 2069 1329 kurzen herzlichen Dank und ein ander¬
635 1252 1205 1424 mal mehr:
749 1268 2080 1511 Mit schönsten Grüßen, auch von
617 1474 1170 1608 meiner Frau,
1226 1450 1824 1653 ihr getreuer
1250 1616 2122 1856 Ludig Fulda
127 2217 303 2394 G.C.P.
1434 2684 1714 2876 Harn
1431 2831 2481 3058 Dr. Arthur Schnitzler
1540 3106 1998 3335 Wien
1416 3282 2502 3538 XVIII Stanwertgasse 71
461 3496 680 3633 tout
253 3873 440 4004 G.H.F.P.
3765 330 4864 604 R. - Dahlem, 20.12.27
2950 493 4993 759 Labe Freund! Nach Empfang Thor Kart heb ich
2900 675 4917 815 die Akademie gebeten, Ihnen das gedruckte Ver¬
2926 762 4917 989 zeichnis der Mitglieder (das Sie wohl schon früher
2918 883 4490 1110 mal erhalten) umgehend zu senden.
3095 981 4917 1213 Auch wir habe uns mit Ihrem Besuch
2900 1126 4948 1297 auswordentlich gefreut, namentlich auch über
2910 1199 5030 1424 Ihre gute Stimung. Ihr Sohn wird sich nun hoffentlich
2934 1334 4178 1550 öfter bei uns blicke lassen.
3061 1416 4972 1621 Mit herzlichen Grüße und Weihnachtswünsch
2924 1569 3656 1700 von und Allen,
3794 1545 4408 1732 Ihr getreuer
3825 1674 4798 1917 Ludig Fulda
3862 2278 4645 2449 Karersee bei Bozen, 20.8.27.
3962 2404 4263 2475 Haus Laurin
3121 2402 4627 2570 Liebe Freund!  Wilch frohe Ueberraschug.
3121 2544 4640 2665 Wir bitten Sie sehe, doch lieber um 8 Uhr
4756 2586 5046 2742 conrusre.
3127 2647 4537 2789 bei uns - ganz einfach – zu Abend zu
3121 2718 4682 2874 speisen; das ist gemütliche. Und vielleicht
3129 2816 4598 2974 kommen Sie schon um halb vier mit
4737 2808 5167 3019 o of the
3113 2895 4658 3048 Dr. Panzer u. Frau zum Ton zu uns. Sllten
4732 2976 5104 3129 G.C.K.F.P.
3121 2997 4661 3148 Sie Beides nicht können, so geben Sie Herrn
3113 3095 4645 3221 D. J. eine Nachricht mit, und wir kämen
4732 3137 4890 3266 G.H.F.P.
3103 3185 4682 3343 dann auf alle Fälle nach Tisch (gegen 9)
3071 3279 4611 3440 ins Touristenrestauamt. Wir hoffen aber
3108 3374 4627 3543 doch, Sie wenigstens einmal an unserem
