5303 4312
4330 554 4597 715 G.C.F.P.
2555 567 2729 689 25
3927 577 4231 689 Chépoux
2277 642 3298 834 Verein für Alpenhôtels in Tirol.
4470 694 4639 806 G.H.F.P.
2225 811 3412 1006 Karersee-Hôtel Tirol
2448 923 3178 1050 Haus und Pension I. Ranges
2022 967 3599 1185 an der neuen Dolomitenstrasse bei Bozen, 1670 m. ü. M.
3999 1058 4176 1201 G.O.I.
1965 1149 2516 1325 während der Telegramm-Adresse
2607 1190 2814 1302 September):
2118 1284 2555 1375 Karerseehôtel, T1,
3048 1286 3542 1437 22.8.04.
2315 1445 3358 1648 Lieber Herr Schnitzler!
2128 1624 3859 1798 Hätte ich Ihnen von der Freude, die Sie mir
1824 1754 3841 1887 mit Ihren letzten Brief bereitet haben, einen
1837 1817 3849 2009 rechten Begriff geben wollen, so hätte ich die Ant¬
1835 1933 3836 2082 wort ungehend folgen lassen müssen, statt sie
1814 1993 3898 2186 wochenlang zu vertagen. Aber ich war so in meine
1848 2123 3854 2287 Arbeit verbissen, daß ich Ihnen erst heute meinen
1817 2227 3807 2354 Dank für die warum, herzlichen Worte zu sagen
1824 2308 3849 2461 weiß, die Sie für mich gefunden haben. Da Ihnen
1848 2375 3903 2547 wohl bekannt ist, wie aufrichtig ich Sie als Menschen
1861 2500 3831 2635 und Künstler schitze, und wie freundschaftlich
1856 2604 3906 2757 ich Ihnen zugethan bin, so werden Sie mir nachfühlen
1861 2669 3896 2804 wie empfänglich ich für den Ausdruck der Gegenseitigen
1853 2781 3797 2960 keit dieser Empfindungen sein mußte. Es ist
1866 2879 3833 3015 vielleicht so etwas wie höhere Gerechtigkeit, daß
1874 2950 3883 3124 mein hartes Schicksal mir erst vor Augen rükt
1884 3048 3818 3215 wiwiel werthvoller Besitz mir beschieden ist.
1892 3126 3911 3319 Lassen Sie mich zu diesen Aktiven meiner inneren
1892 3215 3867 3360 Buhführung stets auch Ihre Freundschaft zählen! -
2063 3342 3903 3464 dieser Sommer hat mir endlich gebracht, was
1894 3399 3898 3576 ich in liegen, schlimmen Zeiten vergeblich suchte:
1866 3516 3922 3638 die Rückkehr meines Seelenfriedens und die Aus¬
1866 3589 3922 3797 sicht auf Gesundung. Wenn auch von solcher Kank¬
4337 2451 4626 2625 DeopR.
3968 2503 4259 2620 Chapowa
4363 2612 5073 2752 compré M. Curinaja
4002 2729 4223 2866 1.50.4
4356 2723 4652 2890 avec Vous
4363 2817 5198 3017 D'Arbé ̃ of ʼ̃a’a„a”
4002 2895 4252 3012 soe 32
4343 2976 5148 3150 Diegesaoe: Theosptier
4005 3025 4223 3137 soo'e
4036 3118 4244 3259 G.C.F.P.
