5304 4279
2508 455 2678 583 56
1679 479 2016 738 Sulo
2124 578 3575 740 Berlin-Dahlem, den 23 ten 1 1928
2117 715 2498 811 Miquelstraße 86.
2181 893 2810 1129 Lieber Freund!
1997 1065 3639 1271 Von allen Dank ich Ihnen aufrichtigst für
1765 1207 3629 1379 Ihr Apherismenbuch, das ich mit Genuß gelesen,
1743 1330 3629 1488 mehr als das, in mich aufgesogen habe. Es stehen
1731 1441 3666 1566 herrliche Sachen darin, und auf jeder Seite zeugt
1726 1522 3619 1679 es von dem hellen und tiefen psychologischen
1738 1640 3681 1790 Spürblick, der auch all Ihre Dichtung auszeichnet.
1731 1729 3686 1881 daß Sie sich mit manchem begegnen, was auch
1738 1849 3644 1987 ich auf meine Art gedacht und ausgesprochen
1731 1933 3614 2075 habe, ist mir dabei noch eine besondere privat
1748 2016 3651 2164 Genugtuuag. Nur Ihr - immerhin verklause
1738 2119 3580 2294 liertes - Eintreten für die Willenfreiheit kann
1748 2218 3624 2373 ich nicht mitmachen. Ich meiner, diese Frage ist
162 2191 342 2351 G.C.F.P.
1748 2341 3693 2451 in Schopenhauers klassisches Schrift endgältig ent¬
1738 2402 3609 2562 schieden; schon allein durch die geniele Unter¬
1756 2501 3629 2673 scheidung, daß der Mensch zwar – scheinbar – tun
1736 2594 3668 2742 kann, was er will, aber nicht wollen kann,
1756 2695 3602 2815 was er will. Ja, ich gehe nach weiter: viel
1743 2805 3661 2933 bedeutsamer noch ist, daß er nicht sein kann,
1741 2877 3676 3034 was er will. Reue Zehntel unserer Determina
1731 3002 3602 3118 tion liegen vor unserer Geburt, da wir nicht
1719 3110 3659 3238 wählen können, wie, wo, wann und als was
1731 3199 3661 3309 wir auf die Welt kommen: als Flüge, Frisch
1719 3268 3668 3418 oder Mensch, als Mann oder Weib, Genie oder
1714 3368 3641 3536 Dunnkopf, Eurgäer oder Wilde u. s. w. Ja, ich
1731 3484 3705 3614 behaupt sogar, daß dem Menschen, jedem Menschen
162 3799 460 3983 G.C.F.P.
3799 556 4694 693 Chapoua xxx
4807 553 5011 698 0
4313 684 5026 834 le passe, qui nous ne
4799 770 5087 920 G.C.P.
3932 779 4190 954 500.4
4305 841 4613 984 P.S.D.F.F:F.D'H P.D:F:D:
3932 932 4903 1099 E.S.G.E. 'DiaF.F. 'V. J.
3961 1045 5099 1215 500:0   præsssosk Jansan
3752 2510 4232 2626 le x Chapowa :
4313 2596 5058 2754 passere est, aujusi3
4340 2769 4654 2879 F.A.O.L.C.D.
3973 2724 4185 2884 soo.
4318 2828 5183 2992 Dr A1r3 1/4pp of 3 I.3/2.
3973 2869 4227 3007 D:o:S:
4330 2978 5136 3169 Drsorsos: Ingeregistri
3978 2982 4207 3140 300’8
4003 3164 4234 3287 20:20
