5303 4231
2803 401 4417 545 Die rückhaltlose Anerkennung aber, die er
2809 483 4448 611 Ihnen nach Verdienst zollt, hat Ihnen gewiß
2790 582 4435 707 wohlgethan. Unsere Reise war sehr gemüßig,
2790 639 4359 767 besonders die Tage in Venedig und der
2788 709 4423 868 Ausflug nach Navanna. In Venedig trafen
2772 792 4384 944 der Hauptmann. Schade, dass wir uns nicht
2772 870 4417 1006 auf italienischen Boden begegnet sind. Ihre
2772 946 4419 1090 Sonnengläne theilen Sie, uns nur bitte ja
2778 1016 4370 1170 so früh als möglich mit; ich hoffe herzlich,
2768 1114 4417 1232 daß wir irgendwo zusammentreffen können
2784 1189 4392 1320 Eben sagt mir meine Frau, die mir gegen
2803 1267 4425 1411 über am Schreibtisch sitzt, daß sie auch an Sie
2778 1365 3080 1509 schreibt.
3072 1378 4150 1552 Mit herzlichsten Gruß
3535 1493 4041 1639 der Thäge
3566 1571 4370 1789 Ludig Fulda.
2875 2083 4458 2260 Könnten wir uns nicht vielleicht dort
2903 2167 4437 2365 treffen. Das wäre doch prächtig. Bitte
2905 2256 4437 2412 um eine kurze Nachricht nach Gardrne.
2903 2352 4479 2507 Und alle guten Wunsche auf Ihren Weg¬
2914 2459 4238 2609 herzlich grüßend von uns beiden
3740 2539 4191 2667 Der Ihrige
3777 2597 4442 2796 Lidry Fulda
3035 2780 4505 2934 Wir haben uns neulich schändlich gänzt
2928 2877 4505 3008 daß wir Ihr Marianetten nicht schon konnten
2922 2957 4544 3093 Bis nach halb elf harrten wir aus; dann müßten
2928 3033 4479 3163 wir fort. Es war überhaupt recht ungeschickt,
2940 3111 4466 3249 die Šièce de resistance des Abends so weit
2934 3197 4532 3329 Einauszuschieben und einem erwüdeten Publikum
2934 3296 3389 3413 auszuführen.
