5303 4248
2427 410 2626 548 48
1654 470 3565 759 Filde Berlin-Dahlem, den 6 ten Dezember 1921
3650 553 4253 684 J'ai eu ee ou a p oma
4375 567 4666 713 G.H.F.P.
2168 657 2546 778 Miquelstraße 86.
4401 691 4799 822 G.C.H.F.P
3674 655 3839 805 G.H.F.P.
4460 834 4649 931 G.H.F.P.
2146 880 3540 1111 Lieber und verehrter Freund!
3701 1072 3909 1208 G.A.O.C.
4013 1048 4212 1210 300:0
1976 1082 3616 1310 Ihr schöner, warmherziger Brief hat mir
1705 1246 3591 1392 eine wahre Freude bereitet, und ich nehme
1707 1329 3630 1491 Ihre Dankswarte gerne hin als das Ehe einer
1722 1431 3671 1593 Gesinnung, die ich Ihnen seit bald einem Menschen¬
1693 1496 3630 1654 alten entgegentrage. Für diese besondere Gelegen¬
1688 1630 3594 1792 heit sind Sie mir aber eigentlich keinen Dank
1710 1710 3630 1875 schuldig. Denn so sehr es mich gefreut hat, für
1717 1792 3582 1976 Sr. und Ihr Werk zeugen zu können, so hätte
1702 1904 3582 2059 ich das um der Sache willen gewiß mit dem
1707 1986 3557 2175 gleichen Eifer getan, wenn ich Sie persönlich
1719 2078 3657 2289 gar nicht gekannt hätte. Wie die wohlvorbereitete
1714 2216 3635 2376 Offensive einer teils bornierten, teils bös¬
1722 2301 3587 2440 artigen Camarilla erfolgreich gewesen, so
1695 2420 3621 2573 hätte die Sache der Kunst einen ganz unübet,
1695 2498 3642 2670 sehbaren Schaden genommen; daß ich ein wenig
3732 2449 4253 2617 OLe « Chapoua.
4358 2469 4629 2643 Doope d
1729 2570 3618 2755 dazu beitragen konnte, diesen Angriff abzu¬
4360 2585 5097 2755 de la guerre et le monde
1690 2689 3368 2876 schlagen, ist eine Genugtuung an sich
4370 2750 4678 2881 D'A0L60
3996 2701 4241 2886 soo:
1887 2806 3611 2973 Mein Gutachten habe ich aus dem Stegreif
4360 2828 5197 3024 DrAppartierung, rueurg, ou grande
1727 2888 3642 3087 gesprochen. Ich hätte es schon darum nicht vorher,
4001 2857 4292 3002 Soe.32
1734 2973 3642 3133 entärfen können, weil ich zum großen Teil
4009 2968 5160 3140 500’8’.“„„ ̃„
3727 3017 3921 3174 OI
1739 3072 3674 3271 auf Fragen des Versitzenden, der Verteiliger und
1746 3152 3635 3337 des ommösen Herrn Brunner Rede zu stehen
4023 3160 4249 3264 G.C.F.P.
1719 3245 3674 3497 hette. Ich höre aber, daß die stenographisch Auf¬
4021 3274 4203 3439 G.C.F.P.
4416 3514 4712 3662 G.H.F.P.
