5320 4568
725 336 986 466 Filo
1301 351 2313 522 Berlin W., den 24. ten 12 1909
1276 497 1614 602 Kaiser-Allee 20.
773 563 2113 735 Liebe Freund Vorspäteten, abe¬
766 651 2210 835 wieder aufrichtigen Dank für Ihre
799 766 2249 922 Zeilen und im Austausch mit Ihren
797 863 2264 1004 Glückwünschen eben solche für Sie und
779 932 2320 1124 Ihr verehrte Gattin zur Ankunft Lilis
781 1042 2272 1201 Unser Junge, der nun 4 Monate alt
804 1135 2382 1296 ist, freut sich sehr auf ihre Bekanntschaft
984 1217 2318 1368 In die zweiten hilfte Irnuar hoff
786 1306 2336 1473 ich Sie in Wien zu sehen, wider ist es un¬
789 1406 2346 1555 sicher, ob meine Frau mich begleiten kann.
791 1475 2356 1649 da sie zur Zeit nach immer recht schrungs¬
1030 1721 1701 1839 Correspondenz-Karte
684 1824 1345 1967 Kareisée, 24.7.08
602 1939 1350 2059 Tausend Dank Ihnen Beiden
576 2013 1337 2134 und dem Mitunterzeihen
589 2095 1319 2233 Brahm für die liebe Karte
1452 2110 1742 2228 Herrn
553 2177 1306 2295 Letzteren lackt vielleicht.
584 2254 1357 2397 unstehende Ansicht des Hauses
1421 2213 2531 2395 D. Arthur Schnitzler
589 2333 1332 2464 Laurin. Sie einmal hierher,
571 2400 1327 2548 zu begleiten. Jedenfalls heiß
566 2484 1270 2615 liche Grüße für Sie alle
1752 2484 2046 2620 Seis
571 2556 1352 2684 Drei über den Schlem hinüber
581 2638 1309 2758 und hoffentlich auf Winde
1711 2602 2505 2784 Seiser Hof
569 2710 1273 2876 schen hier. Treulichst Ihr
758 2815 1306 2992 Eudig Fulda
707 3166 1893 3322 Karersee, 12.7.08. PESTKARTE
661 3304 1329 3430 Herzlichen Dank, lieber
633 3386 1329 3506 Freund, Ihnen und Ihrer
648 3453 1291 3573 verehrten Frau für Ihr
635 3527 1322 3619 libenswürdiges Telegen¬
640 3586 1337 3729 Mein nach der Spüttelgess
1511 3537 1742 3734 Herrn
640 3670 1276 3788 unlängst gesandter
635 3729 1322 3855 Brief ist Ihnen wohl
1465 3698 2546 3911 Dr. Arthur Schnitzler
643 3798 1322 3908 Finzwischen nachgegange,
958 3860 1347 3972 ihr, Sie noch hier
960 3926 1350 4044 und wünsche Ihnen
633 3924 797 4062 zu
635 3996 1332 4111 guten Aufenthalt in der
1660 4024 2144 4188 in Seis
643 4072 1345 4193 Nachbarschaft. Mit herzlichem
628 4147 1268 4254 Gruß für zu Beide und
630 4218 1304 4352 Berhin Ehe treu ergebener
1775 4152 2461 4390 Seiser Hof
850 4280 1304 4431 Ludig Fulda,
2792 110 3068 264 Fuhr
3591 190 4395 325 Karersee bei Bozen, 7. 7. 08.
3688 297 3983 392 Haus Laurin
2892 307 4459 479 Lieber Freund! Die allwissende Passe hat
2892 451 4418 589 meine Verlobung, die ich in aller Stille
2892 522 4418 676 abzumachen wünscht, cabi et orbi ver¬
2897 615 4403 758 kündet. Ich möchte daher auch Ihnen u.
2879 717 4469 832 Ihrer lieben Frau noch persönlich mittheilen,
4551 761 4820 891 G.C.F.P.P
2897 771 4410 917 daß ich mich zu einer neuen Ehe ent¬
2881 855 4457 999 schlossen habe, die, wie ich überzeugt sein
2889 963 4387 1081 dert, mir Heil und Frieden verbürzt.
3038 1014 4426 1181 Längst habe ich Ihre Roman gelesen
2871 1106 4421 1260 und die feine Führung, die aufs Neue
2858 1188 4382 1322 bewährten glänzenden Eigenschaften Ihres
2858 1263 4431 1391 Stils und Ihrer psychologischen Meisterschaft
3663 1573 4459 1724 Berlin, 4. 6. 08
3012 1660 3686 1803 Lieber Freund!
3002 1795 4644 1903 Eben im Begriff, nach dem Karersee auf¬
3002 1867 4562 1990 zubrechen, erhalte ich Ihre liebenswürdige
2984 1926 4590 2046 verthalle und willkommene Dedikation
2976 2003 4615 2149 für die ich, Ihnen sogleich meinen wärmsten
2966 2090 4564 2208 Dank aussprechen will. Ich brauche Ihnen
2976 2172 4603 2323 nicht zu sagen, mit welch freudiger Spann
2966 2251 4580 2392 ich mich albbald der Lektur Ihres nun
2984 2344 4597 2495 Werkes widmen werde 1 Alle guten Wunsch
2966 2449 4603 2546 Ihnen und Ohne lieben Frau für eine gedach¬
2976 2505 4610 2633 lichen Sommer, der Sie hoffentlich auch wieder
2966 2582 4567 2715 auf meine Höhe und in meine Nähe führt
2981 2661 5041 2797 Mit herzlichem Gruß für Sie Beide, in Verehrung
2963 2717 4585 2917 und Freundschaft der Thige Ludwig Fulda,
4026 2884 4288 3076 souvoir
4784 2953 4951 3068 o ee e
3091 2904 3888 3084 CLOMU L'ANOProue 21
3786 3025 4587 3184 Berlin, 26.11.05
4784 3033 5110 3196 Præs. B. L. I
3022 3171 4631 3360 Lieber Freund! Mit herzliche Glück¬
3004 3255 4644 3453 wünschen zu Ihrem gestrigen Erfolg denke
3007 3340 4654 3578 ich Ihnen für die freundliche Dedication
3022 3432 4641 3663 Ihres Stückes, zu dessen aufrichtigen Bewun¬
3015 3527 4664 3786 derern ich, wie Sie wissen, gehöre. Sollte
2956 3642 4708 3857 ich Sie hier nicht mehr zu Gesicht bekommen.
3025 3742 4649 3962 so wünsche ich Ihnen alles Gute für den
3020 3850 4608 4039 kommenden Winter und bitte Sie, Ihre
3009 3985 4574 4159 Gettin vielmals von mir zu grüßen.
3642 4060 4559 4249 Ihr treu ergebener
3908 4149 4674 4364 Ludwig Fulda
