5303 4248
541 617 2465 769 muß. Ein ganz überflüssiger Skrupel; denn
565 720 2474 847 man spielt das Stück auch so nirgends. Wenn
558 817 2418 969 Burgtheater ist es zweimal, unten der alten
583 908 2548 1060 und der neuen Direktion, abgelehnt worden.
798 1006 2516 1165 Ich hoffe, Sie sind wohlauf und schaffendlässig
583 1121 2484 1238 und kommen bald wieder nach Berlin. Denn
631 1209 2516 1356 nach Wien zu kommen habe ich unter sotanen
619 1300 2176 1432 Umständen leider keinen Anlaß mehr.
769 1398 2499 1557 Mir geht es weiter gut. Ich habe kürzlich eine
607 1486 2374 1640 neue Konädie beendet, in der ich durch
624 1581 2457 1740 meine Erkrankung unterbrochen worden war.
619 1674 2470 1850 Unser Junge hat vorgestwa seinen Referndro
644 1784 1033 1897 gemacht.
749 1818 2117 2046 Alles herzliche von uns Beiden!
1398 1953 1843 2100 In Treue
1865 2029 2075 2186 Ihr
1615 2142 2484 2467 Leedwig Fulda
4770 624 5012 813 Monsieur de
4800 2616 4976 2707 P.D.H.F.P.
4929 2822 5120 2981 G.C.P.
