5319 4264
552 725 2475 889 weniger dringlich geworden und kann in Ruhe
564 822 2546 955 erwegen würden. Brehm sowohl als ich tragen Be¬
554 907 2467 1050 denken, da wir jedes Jahr nur eine Vorstellung
554 1034 2503 1170 veranstalten, gleich wieder einen Einaktor von
552 1111 2556 1272 Hofmannsthel zu bringen, zumal wir Beide „Ma¬
552 1195 2587 1343 donna dianora für reifer halten als "Thor und
572 1297 2533 1481 Tod. Die Gleichartigkeit beiden Stücke, in ihrem
572 1407 2574 1527 vorwiegend lyrischen Charakter liegend, würde uns
554 1486 2587 1619 mit Recht den Vorwurf zuziehen, daß wir damit
557 1601 2569 1737 weder ein neues Talent eingeführt, noch ein schon
554 1680 2541 1806 von uns eingeführtes von einer neuen Seite
572 1775 2574 1928 gezeigt, noch endlich ein auf der öffentlichen Bühne
572 1885 2546 2043 unmögliches Stück vom Bann befreit hätten. In
572 1959 2592 2120 Hofmannesthals eigenem Interesse, den ich in hohem
552 2074 2533 2229 Grad schätze und anerkenne, halte ich es für
582 2150 2564 2319 besser, wenn wir ihn auf der freien Bühne nicht
562 2260 2564 2375 innerhalb zweier Aufführungen zweimal spielen
787 2360 2569 2480 Silbstverständlich können wir unsererseits
577 2444 2505 2615 Sie nicht hindern, wenn Sie den „Kakade“ der
582 2544 2572 2692 Münchener Lit. Ges. früher als uns zur Auffüh¬
590 2630 2597 2776 rung überlassen wollen. Aber vom freundschaftlichen
582 2740 2554 2911 Standpunkt würde ich Ihnen - trotz der Verschiebung
577 2860 2567 2993 rathen, dies nicht zu thun, vor Allem schon deshalb
564 2944 2572 3085 weil wir Ihnen eine bessere Aufführung bieten
572 3044 2574 3218 und gerade bei diesem Stück von der Darstellung
572 3172 1239 3299 viel abhängt.
700 3233 2538 3402 Ich hoffe, daß wir uns Anfang Februar in
572 3366 2561 3483 Wien sehen; dann können wir über die Ange¬
572 3481 2587 3629 legenheit mündlich weiter debattiren. Prist
3593 289 3803 478 Pour Votre
4870 684 5087 781 renais
2656 659 4707 866 Neujahr und herzliche Grüße, auch von meiner
2666 840 2939 953 Frau.
3146 830 3900 1034 Stets der Ihr
3680 973 4671 1208 Lieding Fulda.
4804 2618 5087 2740 TOUJWSTE
4776 2845 5159 2988 amnesseur de
4781 2962 5161 3136 De russepris)
