5476 8552
3384 236 4003 365 25 Dezember 1931
4590 236 4914 361 Nr. 3091
55 259 310 393 Seite 8
2149 282 2820 425 DER WIENER TAG
985 277 1433 411 Wien, Freitag
3790 458 4904 601 S 10•— Monatsraten
42 471 1165 693 Gottmiller & Leib
4544 573 4969 680 Soreisen Qualität, nach
3730 555 4267 684 für Herren- und Damen
319 624 1197 758 JEN Chos Jch. Carl Leib ENDETAIL
3730 647 4988 786 KleiderhausWerter, Wien, XVI. Ottakringerstr. 17,
51 684 1243 860 Sperialhaus für komplette Bahy-Ausstattungen
1414 624 3564 827 Jäs derwanschene
4197 730 4521 804 Tel A 21-50t
3730 758 4988 864 Kleider-Union, VI. Kaserneng. 8, Tel. B 20-2-8
37 781 1091 948 Wien, I.Rothgasse 6
3772 938 4978 1059 Weber: Ich komme fast jeden Sonntag
51 1003 1234 1133 Theodor: Gewiß. Sieh dich nur einma
3730 1008 4724 1123 her, zuweilen auch unter der Woche.
5 1063 166 1151 um.
2210 832 2806 1197 Haus.
3790 1059 4974 1197 Theodor (scheint sehr interessiert): Unter
83 1091 929 1230 Fritz: Sehr hübsche Mädeln!
3735 1128 4285 1234 der Wochel So! So!
60 1174 1243 1313 Theodor: Und jung, und gemütlich, unter=
3790 1165 4955 1290 Weber: Ja. Nämlich es wird auch
2177 1179 2760 1322 Von André Raurois.
60 1257 837 1341 — nicht besonders eigennützig
1313 1294 4988 1382 „Vor fünf Jahren, als ich so sehr krank=Penschen oder Orte wiedererkennt, die man Donnerstag abends von den Vorgeschrittenen
65 1304 1243 1414 Fritz: Warum wird denn nicht getanzt?
2505 1345 4974 1465 geliebt hat. Obwohl ich nie zuvor in dieser getanzt. Also, bitte, das ist doch immer ein an¬
69 1382 1225 1488 Theodor: Na, nur Geduld.... Wir
1271 1378 2492 1456 war," erzählte Frau von S..., „fiel mir auf
3753 1396 4683 1484 genehmes und billiges Vergnugen.
1257 1414 3712 1535 daß ich jede Nacht den gleichen Traum hatte. Gegend gewesen war, erkannte ich vollkom
5 1424 430 1530 schon kommen.
3790 1433 4992 1562 Theodor: Natürlich; insbesondere, wenn
1276 1475 3703 1567 Ich wandelte in einer Landschaft und sah von / men die Landschast wieder, die zu meine
2501 1525 4512 1650 Rechten lag. Die Wipfel von Pappeln über¬ es nur Vorgeschrittene sind.
1276 1562 2473 1641 weitem ein weißes, niedriges und lang
3786 1553 4983 1669 Weber: Nämlich, ich finde eigentlich
1271 1595 3703 1692 gestrektes Haus, umgeben von einem Linden=ragten eine Gruppe Linden. Durch ihr scho
9 1567 1188 1706 die Kleine dort, wie die schon herkokettiert.
3749 1622 4969 1729 immer, Sonntag oder auch Donnerstag abends
1262 1655 3707 1784 gehölz. Zur Linken des Hauses bildete eine dichtes Laubwerk ahnte man ein Haus. Da
79 1659 1257 1803 Fritz: Du, ich glaube überhaupt, wir
3749 1692 4974 1780 sollte dieses Loköhl nicht eine Tanzschule
1280 1720 3712 1831 mit Pappeln umstandene Wiese einen reizen, wußte ich, daß ich das Schloß meiner Träum-
9 1729 305 1835 fallen auf.
3744 1766 4974 1886 heißen. Denn warum; es sind ja keine Schüler
1276 1784 3703 1863 den Einbruch in die Symmetrie des Hinter= gefunden hatte. Ganz selbstverständlich wußt
69 1761 1225 1891 Theodor: Macht nichts. Wir schaun ein
3749 1826 3911 1909 mehr.
1276 1854 3703 1923 grunds, die Wipfel dieser Bäume, die aus der sich, daß ein paar hundert Schritte weiter en
9 1854 1230 1965 bißchen zu riegant aus... Na warte, wenn
3786 1849 4969 1997 Theodor: Ja, es sind lauter Vorge
1271 1904 3707 2025 Entfernung zu sehen waren, schwankten über schmaler Seitenweg von der Hauptstraße ab=
0 1928 1211 2002 wir uns dann unter das Volk mischen, wird
2505 1960 4031 2066 diegen würde. Ich schlug ihn ein. Er führte schrittene.
1350 1974 1627 2052 Linden.
5 1992 1220 2062 schon besser... Mach' kein so gelangweilte.
3790 1960 4969 2103 Weber: Oder vielmehr sogar Ausge
1354 2025 3730 2108 In meinem Traum wurde sch zu diesem mich zu einem weißen Gatter, und hier war
0 2057 1225 2140 Gesicht! — Mehr Jugend, wenn ich bitten
1276 2076 4992 2196 Haus hingezogen und schritt darauf zu. Der der Pfad, dem ich so oft gefolgt war. Unter lernte. Bitte, schauen Sie nur. In der Ope¬
0 2112 157 2196 darf.
3744 2131 4539 2247 tanzen sie auch nicht schöner.
1276 2149 3703 2242 Eingang war ein weiß angestrichenes Gatter. den Bäumen bewunderte ich den sanft
51 2140 915 2265 Fritz: Was soll ich denn tun?
3790 2173 4988 2279 Theodor: Freilich; die Wienerinnen sind
1276 2200 3707 2284 Dann folgte ich einem hübsch geschwungenen gelönten Teppich aus Schlüsselblumen, Mär
51 2205 2478 2362 Theodor: Heiterer sein!... Sonntag Pfad, der eingerahmt war von Bäumen
3763 2247 4983 2348 ja alle geborene Tänzerinnen. Sagen Sie,
2519 2284 3707 2371 zenbechern und Anemonen. Als ich aus den
0 2288 1179 2371 abends nimmt man das Leben nicht ernst.
3744 2325 4969 2408 Herr von Weber, kennen Sie dieses Fräulein
1257 2330 3703 2404 unter denen ich Frühlingsblumen zu finden Bogengang der Linden heraustrat, konnte ich
5 2357 1225 2431 Hier gibt es überhaupt keine Tragik. Hätte
2505 2404 4978 2519 den grünen Rasen und die kleine Treppe das dort neben dem Herrn mit dem schwarzen
1276 2399 2496 2487 pflegte, Schlüsselblumen, Märzenbecher und
0 2422 1026 2501 deine Sorgen zu Hause lassen können
3827 2445 4276 2542 chnurrbart steht?
1257 2445 3703 2538 Anemonen, die welkten, kaum daß ich sie ge- sehen, die mit der Tür aus lichtfarvener Eich
42 2478 1220 2579 Fritz: Die Art von Sorgen hab' ich nicht
3827 2468 4978 2626 Weber: O gewiß; das ist ein sehr liebes
1257 2524 3707 2644 pflückt hatte. Dann brach der Pfad ab, und ich endete. Ich kletterte aus meinem Wagen, fic
0 2547 1211 2663 die man nach Belieben mitnehmen und zu
2519 2575 4035 2667 rasch die Stufen hinan und zog die Glocke. Möhdchen
1276 2579 2436 2667 stand ein paar Schritte vom Haus entfernt.
0 2602 532 2709 Hause lassen kann.
3795 2589 4974 2755 Theodor: Sie, Sie! Sie cheinen die
1299 2635 2473 2732 An seiner Vorderseite streckte sich eine weit=
2519 2658 3726 2737 Ich befürchtete sehr, daß niemand kommen
51 2639 1225 2755 Theodor: So wirf sie überhaupt endlich
1262 2681 3721 2783 Wiesenfläche, geschoren wie englischer Rasen, würde, aber fast augenblicklich erschien ein Be-
3740 2681 4604 2778 Dame ja sehr genau zu kennen
5 2727 1211 2852 zum Fenster hinaus.... Na ja, es ist ja z
1271 2773 3707 2838 nahezu bloß, nur mit einem langen Beel diensteter. Es war ein Mann mit mancho
3795 2732 4978 2843 Weber (bescheiden abwehrend): O bitte,
0 2792 208 2894 dumm.
1257 2820 3707 2908 Veilchen bestanden, roten und weißen Blüten, lischem Gesicht, sehr alt, in schwarzer Tuch
3744 2829 4974 2917 gerade dieses Mädchen kenne ich sehr ungenau
51 2829 1225 2931 Fritz: Ich glaube, du hast mit mir kein
1257 2880 3721 2986 die eine entzückende Wirkung auf diesem jade. Bei meinem Anblick schien er betroffen
3790 2894 4854 2972 Theodor: Grade die! — Sie, Sie.
5 2921 2478 3037 Glück. Du siehst ja, ich störe der überall dein grühen Fleck hervorbrachten. Das Haus, aus
3795 2935 4992 3065 Weber: Nämlich, sie kommt sehr selten
2501 2968 3726 3074 und er betrachtete mich eingehend, ohne ein
0 2982 356 3065 Vergnügen.
1262 3018 2676 3097 weißem Stein, hatte ein mächtiges Dach Wort.
55 3000 1206 3120 Theodor: Lächerlich. Du kommst mi=
1262 3074 2468 3153 aus blauem Schiefer. Das Tor aus lichten
4059 3032 4641 3157 (Die Musik hört auf
2524 3037 3726 3180 „Ich bitte um Entschuldigung,“ sagte ich
5 3097 1206 3194 sogar sehr zustatten. Ich steche angenehm
1262 3129 2473 3222 Eichenholz mit geschnitzten Pfosten bildete der
3795 3092 4992 3222 Mizzi (mit einem Knicks): Danke sehr.
2515 3157 3716 3240 „Ich komme mit einem seltsamen Anliegen
0 3157 347 3273 von dir ab.
1257 3190 2459 3273 Abschluß einiger daraufzustrevender Stufen
3777 3194 4978 3277 Weber: Promenieren wir ein wenig durch
2515 3213 3712 3296 Ich kenne die Eigentümer dieses Hause
69 3190 661 3319 Fritz: Hübsche Rolle
1257 3245 3707 3342 Es verlangte mich, das Haus zu betreten, aber nicht, aber ich wäre ihnen sehr für die Er-
3753 3250 4978 3361 den Saal! — Habe die Ehre! (Gibt Mizzi den
46 3277 1206 3361 Theodor: Beim Himmel, ich hab' di
1257 3314 3656 3411 niemand wollte mir Antwort geben. Ich war laubnis dankbar, wenn ich es sehen dürfte.“
3744 3314 4789 3411 Arm.) Sind sehr feingebildete Herren.
643 3337 1220 3421 - (auf Mizzi weisend)
5 3342 578 3430 eine bessere zugedacht
1257 3379 2478 3499 tief enttäuscht: ich läutete, ich rief — und zu
3795 3374 4978 3508 Fritz: Ich sange an mich ganz wohl zu
2538 3388 3716 3471 „Das Schloß ist zu vermieten, gnädig
0 3411 1202 3495 Die kenn’ ich ja! — Mit der hab' ich in
1253 3435 1784 3522 letzt wachte ich auf
2501 3425 3943 3550 Frau,“ sagte er, „ich bin dazu da, es zu fühlen
0 3476 1211 3573 vorigen Jahr getanzt! Überhaupt sind da ein
1304 3453 2459 3573 Solcher Art war mein Traum, und
3809 3462 4895 3601 Theodor (angenehm überrascht): Ah!
2515 3527 2676 3624 zeigen
0 3532 1211 3619 paar bekannte Figuren! — (Zu Fritz.) N=
1262 3536 2468 3643 wiederholte sich Monat um Monat mit solche
3772 3569 4965 3656 Fritz: Es ist ganz merkwürdig, wie in ge
2542 3541 3726 3661 „Zu vermieten?" sagte ich. „Was für ein
0 3592 1216 3689 warte, heute schleichst du mir nicht so davon
1257 3619 2459 3707 Genauigkeit und Treue, daß sich mir zuleti
3749 3619 4969 3712 wissen Augenblicken etwas Gegenwärtiges ganz
2515 3633 3712 3712 unvermutetes Glück!... Wie kommt es, da
0 3656 435 3744 wie gewöhnlich.
1257 3670 2482 3772 der Gedanke aufzwang, ich müsse diesen Park
3744 3703 4969 3781 weit zurück zu liegen scheint. Ich denke daran
2487 3698 3707 3804 die Besitzer nicht selber in diesem bezaubern
1262 3753 3023 3837 und dieses Schloß in meiner Kindheit schon! den Haus wohnen?
3740 3763 4974 3841 daß ich mit einem Wagen in zehn Minuten
1262 3809 2459 3878 einmal gesehen haben. Trotzdem konnte ich e
3749 3814 4969 3906 dort sein könnte, im Salon, wo die Fächer¬
2547 3800 3707 3911 „Die Besitzer haben darin gewohnt, gnädig
5 3680 1206 3934 der? — Haft du vielleicht das Bedürfnis, ein
1262 3869 3707 3980 mir im Wachzustand nicht vor Augen rufen Frau. Sie haben es erst verlassen, als es
3749 3878 4951 3957 palme steht... daß ich in zehn Minuten mi=
0 3911 823 3998 Fensterpromenade zu machen?
1257 3925 2459 4012 und der Wunsch danach wurde zu solcher B
3763 3952 4983 4017 ihr sprechen könnte, mit ihr, mit ihr, ja mit
2501 3948 2912 4031 dem Haus zu
2894 3952 3291 4045 spuken anfing
79 3971 763 4063 Fritz: Ich bitte dich —
2561 3998 2912 4086 „Zu spuken?
2894 3975 3707 4082 sagte ich. „Das kann mir
1253 3975 2455 4082 sessenheit, daß ich eines Sommers, nachder
3749 3994 4974 4119 ihr — und es kommt mir zugleich wie eine
79 3985 952 4096 Theodor: Na, warum nicht?
1276 4054 2459 4119 ich einen kleinen Wagen zu steuern gelern
3749 4054 4253 4142 Unmöglichkeit vor
2496 4045 3703 4151 sicherlich nicht abhalten. Ich habe nicht ge-
9 4068 1220 4156 schon vorgekommen sein! — Besonders Sonn
1262 4091 3716 4202 hatte, meine Ferien damit hinzubringen ge¬ wußt, daß man in Frankreich noch an Ge
3790 4077 4969 4239 Theodor: Bleiben wir bei der Unmög¬
0 4142 1220 4211 tag, wenn Gesellschaft oben ist und du dich
1257 4156 2473 4253 dachte, die Landstraßen Frankreichs auf der
3740 4156 3948 4290 lichkeit
2519 4179 3000 4276 penster glaubt...
0 4211 2459 4322 nicht entschließen kannst, hinaufzugehen, und Suche nach dem Haus meiner Träume abzu
3786 4188 4969 4322 Fritz: In diesem Augenblicke fühl' ich mich
2538 4206 3703 4341 „Ich würde auch nicht daran glauben
0 4267 1220 4354 die gewissen Schatten an den Vorhängen er
1257 4271 1451 4364 fahren
2501 4308 4969 4387 gnädige Frau,“ sagte er in tiefem Ernst, auch gar nicht gequält. Warum kann man
0 4322 245 4414 scheinen.
1336 4322 2455 4424 Ich will Ihnen über meine Fahrten nich
3749 4359 4974 4451 diesen Leichtsinn nicht festhalten! Warum wird
2505 4354 3707 4461 „wenn ich nicht selbst so oft des Nachts in
55 4341 2455 4475 Fritz: Ah, die Zeit der Fensterpromenaden im einzelnen berichten. Ich durchjorschte d
3744 4438 4978 4525 mich schon heute abends wieder, wenn wir
2487 4414 3707 4535 Park dem Geist begegnet wäre, der mein
0 4414 287 4544 ist vorbei.
1257 4456 2459 4549 Normandie, die Touraine, Poitou; aber iär
2505 4488 3116 4581 Herrschaft verjagt hat.
3744 4484 4978 4590 von hier weggehen, meine Verdrießlichkeit,
28 4479 1211 4595 Theodor: Wär' nur das Ganze vorbei
1257 4521 2436 4609 fand nichts. Im Oktober kehrte ich nach Par
2547 4516 4692 4622 „Was für eine Geschichte!“ rief ich aus, mit mein Schmerz von neuem packen?
0 4544 1179 4687 ja, ja, wahrhaftig, ich gäb' was drum.
1262 4595 3716 4706 zurück und den ganzen Winter hindurch dem Versuch, zu lächeln, aber nicht ohne ein
3823 4604 4974 4733 Theodor: Dagegen kannst du dich
32 4622 1211 4747 Fritz: Hab' keine Sorge.... es geh
1262 4655 3180 4743 träumte ich weiter von dem weißen Haus  befremdliche Unsicherheit.
0 4687 203 4807 vorbei.
1257 4706 2459 4803 Vergangenen Frühling nahm ich meine Aus
2538 4710 3730 4812 „Eine Geschichte,“ sagte der alte Mann mit
3790 4692 4322 4831 Fritz: Wie denn?
42 4720 1220 4849 Theodor: Ich merke noch wenig davon
1262 4766 3707 4877 flüge in die Umgegend von Paris wieder auf. einem Ton des Vorwurfs, „über die Sie
3795 4747 4997 4904 Theodor: Indem du dir noch eine
0 4803 2455 4923 Wenn du dich nur innerlich davon befreien Eines Tages, auf dem Hugelzug unweit von
2496 4854 3952 4932 gnädige Frau. am wenigsten von allen lachen nimmst
0 4886 1211 4978 könntest, dann wär' mir um den äußeren Ab=
1257 4900 2441 5011 Orleans, fühlte ich plötzlich ein angenehme
3814 4909 4193 5011 Fritz (lacht).
2487 4928 3643 5011 dürften — denn das Gespenst waren Sie!
0 4941 476 5043 schluß nicht hang.
3814 4941 4978 5094 Der Klavierspieler schlägt die ersten Takte
1262 4955 3698 5094 Erschrecken, dieses seltsame Bewegtsein, das Berechtigte Übersetzung von Hans B. Wagen
42 4969 1220 5122 Fritz (lächelnd): Ich hab' ja die besten
1262 5020 2464 5117 man spürt, wenn man nach langer Trennung
3730 5048 4710 5182 einer Quadrille an. Döselmeyer r
4696 5052 4983 5177 „Zur
0 5057 240 5154 Vorsätze!
3994 5099 4710 5191 Qudrille! Zur Quadrille!
1257 5099 3689 5228 tuu annuuuduudutuuduusuud
42 5089 1202 5242 Theodor: Du bist nicht energisch genug,
3772 5136 4951 5247 Theodor: Ja, ich wünschte, daz du die
0 5182 1220 5270 (Die Musik setzt ein, einige Paare beginnen
1294 5186 2468 5316 Mizzi: Schön, freut mich. Wie heißen denn
2529 5205 4965 5311 Fritz: Schau, die dort (auf Christine auch in eine andere verliebst, und zwar so, das
0 5265 1673 5357 zu tanzen.) Na, da hast du jetzt den Tanz. eigentlich Sie?
2482 5288 3333 5367 weisend) ist wirklich nicht übel.
3749 5288 4955 5371 dir diese unglückselige Geschichte, in der man
0 5316 1211 5399 Schau dir das nur an. Ah, so tanzen siehst d
1304 5284 2436 5450 Theodor: Nicht fragen; ich hab' einen zu
2542 5311 3693 5431 Theodor: Die Blondine?... Die Blasse
3744 5348 4974 5441 ja immer für dich zittern muß, nicht mehr be¬
0 5371 1230 5450 nirgend. Diese kleinen Wiener Mädeln.....
1313 5381 1683 5464 dern Namen.
2519 5418 3684 5515 Fritz: Ja! — Die hat geradezu was Von
3749 5413 4969 5496 deutet als ein gewöhnliches Abenteuer. Dann
0 5445 1211 5529 Einige der vorübertanzenden Mädcher
1290 5427 2334 5533 Mizzi: Na. wird nicht so arg sein! —
2482 5450 3065 5570 nehmes im Ausdruck
3730 5482 4965 5561 wirst du auch darauf kommen, daß sie gar kein
0 5501 1220 5607 schauen ihn an, lächeln, er verbeugt sich
1280 5519 2445 5630 Theodor: Wenn ich nur Franz hieß,
2529 5496 4974 5626 Theodor (einwendend): Vornehm?... dämonisches Weib ist, sondern ein sehr liebes
1234 5565 2085 5663 oder Karl — es ist aber spät!
0 5561 314 5658 scherzhaft.)
3726 5602 4965 5681 Frauerl, mit dem man seine rechte Freude
2478 5584 3088 5690 Interssant, sagen wir!
3730 5667 4974 5750 haben kann. wenn man nicht sich und sie mit
2524 5616 3684 5746 Fritz: Die Herrengesellschaft ist sonderbar
3735 5718 4969 5838 Eifersucht und einer Leidenschaft quält, die sie
2529 5737 3684 5810 Theodor: Sind größteiteils Kommis
1248 5774 3680 5898 einen arroganten Namen, so einen unglaub= einige vielleicht Hausherrensöhne von de
3735 5783 4516 5875 weder versteht noch würdigt.
1234 5806 1498 5903 lichen
3920 5829 4780 5954 (Die Musik beginnt von neuem.)
2478 5852 3042 5963 „enteren“ Gründen
0 5852 1225 5982 Fräulein — wenn ich bitten darf. Kennen
1304 5847 2002 5963 Mizzi: Na, wie denn?
3777 5871 4955 6018 Döselmeyer junior: Zur Quadrille
2524 5875 4951 6060 Fritz: Im ganzen sieht es so aus, als ob Meine Herren, zur Quadrille! (Bei Theodo
0 5921 499 6018 Sie mich noch —?
1299 5935 1988 6032 Theodor: Raten Sie.
28 5958 1230 6111 Mizzi: Freilich. Sie war'n ja schon ein-
1294 5986 2394 6106 Mizzi: Einen arroganten Namen
2478 5991 3670 6106 diese Mädchen für die Herren, die da o¬
3716 6046 4969 6162 und Fritz.) Haben die Herren auch zur
2478 6051 3236 6166 sammelt sind, zu gut wären.
0 6060 231 6162 mal da.
1248 6032 2076 6157 einen arroganten Namen
2251 6083 2436 6194 (heftig
3735 6083 4299 6176 Quadrille engagiert?
32 6074 1216 6194 Theodor (im Tanzen): Ich hab' Si
1253 6120 2080 6213 Richard?... Nein! — Moriz?
2524 6097 3703 6217 Theodor: So... da ist das Fräulein
3786 6111 4960 6236 Theodor: Natürlich! (Zu Mizzi, die mit
0 6185 1206 6254 auch gleich erkannt. Sind Sie ganz allein da
1290 6166 2450 6277 Theodor: Na, Moriz ist doch kein arro=
2482 6162 3689 6291 Mizzi wieder. Sie kommt direkt auf mich zu
3726 6171 4955 6328 Herrn Weber promeniert.) Mein Fräulein, die
46 6245 1202 6319 Mizzi: Ich bin mit meiner Freundin de
1253 6254 2431 6370 ganter Name! Das wär' ein Unglück, aber do
2487 6259 4498 6347 Also! Eine Tour! Früher kommst du nicht in quadrille, meine Quadrille
46 6305 1202 6379 Theodor: So, und wissen Sie, daß Sie,
1239 6305 1659 6402 keine Arroganz
2464 6319 2801 6430 Stimmung.
3781 6310 4761 6425 Weber (läßt den Arm Mizzis los).
0 6356 1216 6448 Augen haben — die (er drückt sie etwas zu
1327 6333 2256 6458 Mizzi: Na, dann weiß ich nicht
3777 6374 4965 6481 Mizzi: So! Ich hab' schon gemeint. Sie
2519 6365 3703 6495 Weber und Mizzi (sind nun bei den
1317 6384 2686 6536 Weber (herzutretend): Darf ich um eine beiden)
0 6425 393 6527 heftig an sich).
3730 6453 4969 6587 haben vergessen! Aber was ist denn mit Ihrem
28 6444 2431 6587 Mizzi: Na — — und nicht reden während Tour bitten, Fräulein Mizzi? (Sich de
2515 6476 3680 6596 Theodor: Mein Freund ist so schüchtern
3726 6508 3957 6606 Freund?
0 6532 370 6638 dem Tanzen.
1248 6555 3693 6675 beiden Herren vorstellend): Weber! — Mein Fräulein Mizzi, wollen Sie ihn nicht enga¬
3767 6541 4965 6712 Theodor: Du, Fritz, du mußt uns
32 6573 1211 6680 Theodor: Aber dann... Übrigens Si
1253 6610 1715 6698 Name ist Weber!
3721 6629 4183 6726 vis=a=vis tanzen!
0 6670 1197 6758 brauchen mir nicht zu antworten — hören
1294 6643 2431 6800 Theodor: Sehr angenehm. (Drückt ihr
2561 6661 3689 6790 Nizzi (lachend): Darf ich um einen
3809 6684 4669 6804 Fritz: Ich hab' ja keine Dame
0 6735 610 6827 mir nur zu — Sie —
1239 6735 2228 6869 die Hand.) Ich heiße Theodor Kaiser.
3795 6716 4955 6864 Mizzi: Geben S' mir nur den Arm.
2464 6740 2875 6869 Walzer bitten?
28 6753 1206 6874 Mizi (hört auf zu tanzen): Wenn Sie mit
1331 6795 2441 6920 Fritz (ihm auch die Hand drückend): Frin
2524 6777 3675 6938 Fritz: Mit Vergnügen. (Tanzt mit ih=
3730 6818 4955 6920 Führt beide Herren nach hinten.) Christine
1331 6860 1609 6966 bheimer.
0 6855 1225 6971 so was Wichtiges zu sagen haben, so reden
3726 6911 4960 7017 Der hab' ich Sie nämlich für die Quadrille
0 6925 245 7031 Sie nur.
1294 6878 2441 7059 Weber (Mizzi um die Taille fassend): Ent-
2556 6911 4045 7026 Weber (der ein Gespräch mit Theodor an¬
28 6957 1687 7063 Theodor: Also... erstens... Ich bin schuldigen schon
2482 7003 3532 7109 zuknüpfen sucht): Bildschönes Mädchen
3763 6971 4946 7142 Fritz:Ah, da wird man also — so... aus-
0 7054 1128 7119 entzückt, daß ich Sie wiedergefunden habe.
1294 7022 2450 7174 Mizzi: Auf Wiedersehen! (Mit Weber
2524 7082 3906 7165 Theodor: Ja; eine Verwandte von geteilt.
0 7091 1590 7193 Zweitens: Sie werden die nächste Quadrille (wegtanzend.)
3777 7096 4789 7230 Mizzi: Ja! Und darf nicht muksen!
2459 7096 2681 7243 Ihnen:
0 7179 1211 7248 mit mir tanzen... Drittens — ah ja, dritten=
1280 7137 2436 7304 Theodor: Ist die nicht zum Beispiel seh
2519 7160 3693 7294 Weber: Onein, nur eine Bekannte. Und
3777 7197 4951 7294 Fritz (zu Christine): Mein Fräulein, da
0 7230 1142 7345 muß ich Sie meinem Freund vorstellen.
1253 7225 1424 7327 herzig
2464 7230 3083 7378 tanzt wie eine Ölfe...
3726 7220 4951 7391 Ihre Freundin es befiehlt, müssen Sie sich
37 7285 536 7391 Führt sie zu Fritz.)
1313 7257 2237 7382 Fritz: Sie hat ein liebes Gesicht.
2538 7308 3236 7410 Theodor: Wie meinen?
37 7322 1211 7470 Mizzi: Warum tanzt denn Ihr Freunde
3712 7317 4045 7433 schon fügen.
1294 7359 2436 7461 Theodor: Die werd' ich mir womöglich
2519 7331 3684 7475 Weber: Ich mein' — sie tanzt so leicht, so
3749 7359 4951 7516 Christine: Wo sollen wir uns denn
1248 7401 2450 7549 beibiegen. Im übrigen — wenn du viel¬
0 7414 180 7521 nicht?
2505 7451 3989 7562 wie man eben zu sagen pflegt, wie eine aufstellen?
46 7442 1202 7558 Theodor: Wird schon! — Hier ist er..
2501 7502 2681 7599 Elise
3767 7470 4253 7595 Mizzi: Da her.
0 7535 1211 7664 Mein Freund, das genügt eigentlich. Er heiß
1373 7516 2177 7632 ritz: Wer weiß, ob sie frei ist.
2515 7525 3684 7678 Theodor: Gewitz, gewiß — Sie besuchen
3763 7525 4951 7706 Theodor: Aber doch nicht so nahe zum
1280 7581 3559 7715 Theodor: Wir werden sie frei machen. diese Tanzschule öfters. Herr von Weber?
0 7609 402 7724 übrigens Fritz
3689 7609 4867 7780 Klapier hin, da kriegt man ja Kopfweh —
