5588 8856
91 532 395 659 Nr. 3091
2213 532 2859 677 DER WIENER TAG
4645 536 4904 686 Seite 9
1073 564 1523 691 Wien, Freitag
3418 559 4027 691 25 Dezember 1931
73 709 1304 877 Fritz (zu Christine): Ja, was ist Ihnen
3936 732 4977 873 zi: Aber wir können nicht zusammen
32 786 241 891 denn?
3936 818 4377 927 's fallt ja auf!
82 864 1273 968 Christine: Ich glaub', es wird doch
3800 850 4977 1004 Christine: Das ist wahr. Die haben da
32 914 1282 1036 noch nicht mit dem Tanzen gehn — ich brauch'
3741 954 4295 1050 gleich was zu reden.
1659 814 3300 1082 Fröhliche Weihnachten
18 1000 1291 1127 nur ein bissel schneller auf- und abzugehen,
3795 973 4977 1091 Theodor: Na, so gehn wir halt voraus
41 1054 845 1159 und's dreht sich schon alles.
3745 1077 4981 1186 und am Eck unten bei der Kirchen treffen wir
1850 1050 3127 1223 allen meinen geschätzten Kunden!
86 1109 1295 1227 Mizzi (sich umwendend): Was? Es dreht
3745 1136 4286 1223 uns. Ist’s recht so?
36 1168 704 1273 sich schon wieder alles?
3818 1182 4386 1300 Mizzi: Ja, gut is!
86 1232 1291 1345 Theodor: Aber wir müssen doch gar nicht
3818 1227 4863 1359 Christine: Das merken die ja auch.
41 1300 1295 1436 tanzen! Setzen wir uns daher und planschen
3813 1318 4818 1400 Mizzi: Das kann ja a Zusall sein!
45 1373 541 1454 wir miteinander.
3822 1373 5000 1477 Theodor: Also bleibt's dabei — unten
3759 1413 4722 1541 an der Ecke? — In fünf Minuten.
155 1427 1204 1523 Christine: Wär' mir beinah' lieber!
2500 1295 3613 1600 Julius Krupnik
150 1495 1304 1618 Mizzi: Das kann der Herr Döselmeyer
3831 1486 4290 1582 Mizzi: Gut is
3818 1550 4677 1663 Fritz: Also auf Wiedersehen!
32 1550 400 1641 nicht leiden!
2613 1545 3509 1709 VII., Kaiserstraße 115
4013 1613 4609 1723 (Ein Walzer beginnt.)
105 1586 1304 1700 Theodor: Überlassen Sie das mir!...
3822 1636 4890 1786 Theodor: Pah! — (Handbewegung.)
41 1663 1295 1768 So! (Er nimmt vier Stühle, stellt sie zu zwei
4077 1732 4722 1832 (Theodor und Fritz ab.)
41 1754 1291 1832 und zwei vis-à-vis voneinander auf.) Da
3786 1763 4954 1891 (Der Walzer ist sehr laut; die Paare tanzen
50 1804 1300 1900 nehmen Sie vor allem Platz schwindliges
2586 1809 3759 1913 Christine: Was wollen Sie denn mit
1373 1823 2509 1954 Christiue: Na also, das wissen Sie jetzt
3827 1873 4954 1968 Mizzi (zu Christine): Weißt, ich wer¬
59 1873 1064 1963 Fräulein — hier Sie, und jetzt...
2536 1868 2995 1968 der langen Rede?
2595 1891 5000 2009 Theodor: Ich schlage daher vor, dieses / sogar noch a Tour tanzen; damit s' nix merken.
114 1877 1750 2050 Döselmeyer junior (sehr zart): Aber ganz bestimmt!
1377 1927 2500 2077 Fritz (sie näher betrachtend): Halt — da
3850 1986 5000 2077 Weber (kommt an sie heran): Darf ich
50 2000 1091 2068 meine Herrschaften, was ist denn das?
1323 2023 3754 2145 muß ich eigentlich schon früher gewußt haben. Ballokal zu verlassen, eine halbe Stunde in
3800 2023 4550 2118 bitten. (Tanzt mit ihr weg.)
100 2059 1132 2173 Theodor: Das Fräulein ist
1373 2095 3741 2191 Christine: Wie so denn? — Ich kenne der herrlichen Abendluft zu bummeln
3831 2095 4727 2186 Christine (steht an der Tür).
64 2113 318 2200 ewas
2541 2132 3750 2218 eventuell spazieren zu fahren — und da
95 2132 1613 2277 Mizzi: Gehn S', Herr Döselmeyer, die Sie nicht.
3795 2141 5000 2263 Nach einer Tour schon bleibt Mizzi stehen,
1377 2168 3772 2318 Fritz: Wir müssen uns doch einmal be¬ schöne Fest bei einem gemütlichen Glase Wein
3795 2250 5018 2359 geht zu Christine hin, beide gehen zur
64 2204 1277 2359 Christine ist wirklich noch nicht ganz bei
2541 2250 2927 2341 zu beschließen.
1314 2272 1654 2386 gegnet sein.
3968 2295 4790 2400 Garderobe und verschwinden.)
2577 2286 3768 2441 Mizzi: Aber das geht ja nicht. Ich muß
68 2309 314 2386 nander.
1364 2282 2522 2418 Christine: Das wär' schon möglich. Man=
105 2332 1282 2463 Döselmeyer junior: Aber bitte sehr —
1323 2359 3191 2472 trifft sich ja auf der Straßen so leicht. Aber da/vor Zehn zu Haus sein.
3831 2341 5004 2454 Lina (kommt zum Ausgang; zu Dösel-
64 2422 1091 2513 wie's den Herrschaften angenehm ist
2582 2436 5013 2532 Theodor: Sie können vor Zehn zu Haus meyer junior:): Is die Fräul'n Mizzi und die
1323 2445 2513 2554 werden Sie sich doch kaum auf mich erinnern
114 2500 1114 2577 Theodor: Darf man da rauchen?
1373 2486 2691 2618 Fritz: O, das wäre schon möglich. Man sein.
3786 2495 4786 2604 Fräul'n Christin schon weggegangen?
105 2541 1295 2645 Döselmeyer: O bitte — nur nicht zu
2609 2518 3350 2645 Mizzi: Wie spät is denn?
3836 2532 5013 2650 Weidmann (ihr nach): Was willst denn?
59 2591 2522 2691 viel, bitte — es ist jetzt übrigens schon bald weiß selber gar nicht, wie sich einem manch
2604 2609 3759 2718 Theodor: Es ist noch nicht einmal neun
3836 2632 5009 2736 Döselmeyer junior: Ja, ich glaub', die
1059 2659 2522 2741 (Schlägt! Gesichter einprägen, die man mit einiger Auf
64 2686 1045 2750 aus, da geniert's nicht mehr. —
3804 2677 4713 2791 Damen haben sich bereits entfernt.
2600 2686 3768 2818 Christine: Mit dem Spazierengehen bin
1336 2713 2522 2845 merksamkeit angeschaut hat. Sicher hab ich Si=
68 2736 1291 2854 wieder in die Hände; die Paare haben sich
3850 2741 4259 2836 Weber: Ja.
2554 2736 3000 2854 ich einverstanden
1327 2795 1718 2900 schon gesehen.
64 2804 641 2909 rangiert.) Pantalon!
3850 2759 5009 2927 Weidmann: Und die zwei Gigerln sind
2586 2786 4213 2995 Theodor: Und das gemütliche Glas auch verduftet.
1377 2800 2522 2950 Christine: Wohnen Sie vielleicht au
2563 2868 3159 2959 Wein lehnen Sie ab?!
82 2868 1695 2991 Die Quadrille wird getanzt; Weidmann mit der Wieden?
3831 2904 5018 3032 Weber: Nein, nein, sind keine Gigerln.
2586 2909 5018 3082 Mizzi: Wir kennen uns doch kaum eine Rußerst scharmante, wirkliche vornehme
64 2972 1309 3032 Lina; Lina schaut zuweilen zu den vorn
1391 2945 2541 3068 Fritz: Nein, aber ich komme nicht selten
2563 3000 4018 3122 Stunde lang! Und Sie laden uns zu einem Herren!
59 3027 2536 3127 sitzenden Paaren hin. Weidmann scheint yle in die Gegend; ich had' nämlich die Wieden
2554 3072 2891 3150 Souper ein!
64 3091 1618 3182 zurechtzuweisen. Müller tanzt mit einem sehr gern.
3859 3072 4695 3191 Lina: Geh' mer auch — ja?
2604 3095 3759 3218 Theodor: Souper!! (Zu Christine.) Bitte
177 3141 1200 3254 jungen Mädchen, Weber gleichfalls.)
1382 3127 2536 3272 Christine: Ich hab' gedacht, daß Sie
3863 3136 5122 3281 Weidmann: Jetzt will s' gehn; jetzt will—
2550 3163 3777 3286 Fräulein, hab' ich ein Wort von einem Souper
118 3186 2304 3309 Theodor: So, da hätten wir nun unsre pielleicht an der Technik studieren.
3836 3227 5022 3354 gehn!... Jetzt sag' i aber: da wird blieben!
2563 3268 4131 3363 gesagt? Ein Glas Wein! Um Zehn sind sie zu Tanzt wird!
1395 3268 2532 3422 Fritz: Nein. — Raten Sie einmal, wa-
82 3300 1304 3395 ganze Behaglichkeit, Musik obendrein und
2586 3327 3772 3427 Haus! Zu essen kriegen Sie gar nichts, ab¬
3854 3327 5036 3481 Lina: I — geh'! — (Sie geht in die
77 3341 1563 3436 lassen die andern herumtanzen, als wenn sie ich bin.
1391 3372 2882 3527 Christine (lächelnd): Ihr Freund hat’s solut nichts.
3804 3400 4122 3509 Garderobe.)
77 3413 732 3495 unsere Sklaven wären.
2600 3404 3772 3554 Mizzi: Die Mutter wart' mit dem Nacht¬
132 3481 2159 3577 Mizzi (zu Christine): Schau dir das an! ja schon gesagt... Lebemann!
3863 3450 4731 3559 Weidmann (starr vor Wut)
2577 3500 2968 3581 mahl auf mich.
77 3500 1191 3641 Jetzt tanzt der Weber mit der Katharin!
3854 3518 5036 3636 Müller (ist dazugekommen): Die Fräul'n
2232 3509 2436 3631 raten
1413 3541 2159 3650 Fritz: Nein, im Ernst;
2618 3518 3772 3641 Theodor: Was gibt's denn heut Gutes
141 3554 1559 3713 Theodor: Kümmern wir uns um die einmal!
3813 3581 4386 3677 Lina geht schon fort!
2613 3622 3777 3736 Mizzi: Das ist egal. Zu Haus muß ich
1382 3609 2436 3759 Christine: Ich denke mir, Sie sind
3854 3613 5054 3791 Weidmann (zu Müller): Aff! (Er folgt
82 3654 491 3759 Skaven nicht.
2582 3659 2827 3772 halt sein.
136 3681 2268 3809 Christine (zu Fritz): Sind Sie auch nein, Beamter sind Sie keiner.
3813 3709 4131 3822 Lina rasch.)
2613 3700 3768 3845 Theodor: Aber um Zehn sind Sie ja
68 3772 973 3863 schon früher einmal dagewesen?
1345 3786 1736 3881 studieren Sie!
3854 3750 5068 3904 Müller (zu Weber): Warum ist er denn
2582 3795 3454 3904 schon eine Stunde lang zu Haus!
1409 3841 1927 3936 Fritz: Aber was?
3813 3813 4118 3927 so grantig!
150 3804 1314 3954 Fritz: Nein. Sie kommen oft hieher
2636 3872 3481 3959 Mizzi: Wenn's jetzt Neun ist.
3854 3859 5031 4009 Weber: Eisersucht! Eifersucht! — Ich bitt'
95 3895 377 4013 Fräulein?
1413 3863 2173 3986 Christine: Auf Advokat?
2622 3900 4422 4022 Fritz: Gehn wir endlich weg; gegen das Sie — die Weiber!..
123 3927 1323 4072 Christine: Jetzt war ich schon lang nicht
1400 3972 3791 4090 Fritz: Richtig! Aber es wird noch einige Spazierengehen haben Sie ja nichts einzu¬
3863 3981 5045 4109 Müller: Die weiber! Die Weiber? —
1364 4041 2791 4159 Zeit dauern! Vorläufig habe ich noch so viel wenden.
132 4036 1300 4172 Theodor: Ich muß sagen, hier gefällt':
3831 4072 4900 4186 Ja freilich! (Lacht vom ganzen Herzen.)
1345 4100 2068 4204 Zeit zum Spazierengehen!
2632 4081 3777 4218 Mizzi: Na ja... gegen ’s Spazieren
68 4131 1123 4250 mir besser als auf jedem großen Ball.
4022 4150 4845 4254 (Musik und Tanz dauern fort.)
1395 4127 2786 4281 Christine: Und da suchen Sie sich gerad gehen -
118 4222 1818 4322 Mizzi: Sie gehn sicher viel auf die die Wieden aus?
2618 4195 3791 4336 Theodor: Na, und das übrige wird sich
4259 4231 4600 4327 Vorhang
86 4263 473 4363 großen Bälle!
1395 4227 2772 4418 Fritz (sie betrachtend): Im Theater haben finden.
3859 4272 4745 4427 — — Ende des ersten... Rism.
150 4268 2036 4404 Theodor: Es ist nicht so arg. Warum wir uns einmal gesehn.
86 4372 836 4490 glauben Sie das übrigens?
1391 4381 4181 4500 Christine: Das wär' nicht unmöglich. d noch viele andre Gelegenheltskäufe!
4300 4354 5036 4504 S 5.90. 3.90
136 4404 2586 4568 Mizzi: Na — Sie schaun mir grad so Im vorigen Winter war ich öfters im
3668 4468 4186 4581 Fahrtvergütung!
2600 4477 3172 4590 ogabe vorbehalten!
86 4495 1318 4595 aus, als wenn Sie ein großer Drahrer
1364 4518 1586 4609 Theater.
82 4572 327 4668 wären!
1459 4536 1982 4663 Fritz: Nicht allein!
4622 4563 5113 4709 Freitag u. Samstag
141 4577 1318 4713 Theodor: Danke bestens. Stimm:
2618 4545 4531 4922 Timann II. Taborstrasse 48
1418 4613 2400 4722 Christine (einfach): Nicht allein.
4690 4650 5009 4727 geschlossen.
86 4690 1323 4759 übrigens nicht. Ich bin ein ganz kleiner
1418 4700 2313 4768 Fritz: Und den letzten Winter?
4636 4695 5113 4800 Verkauf ab Montag
86 4745 1336 4850 Drahrer. (Auf Fritz weisend.) Der da ist
1418 4731 2600 4831 Christine: Bin ich nirgends gewesen.
4677 4768 5018 4859 9 Uhr früh!
86 4822 300 4909 einer!
1413 4818 2582 4904 Fritz: Ja, was haben Sie denn an den
155 4845 686 4954 Christine: So?
1382 4854 2159 4950 langen Abenden angefangen?
2636 4913 5109 4990 keine Unterhaltung, auf kein Ball, in kein gegen): Vielleicht gefällig abzulegen — (Ist
159 4881 1336 5036 Theodor: Das ist geradezu ein Lebe¬
1413 4918 2595 5040 Christine: O Gott, es gibt immer was
3877 4963 5109 5077 ihnen selbst beim Ablegen behilflich. Theodor
2654 4977 2900 5072 Theater?
95 4995 318 5077 mann!
1373 4963 1586 5090 zu tun.
3891 5031 4486 5113 reicht ihm die Hand.)
2686 5000 3545 5127 Mizzi (gesellt sich zu ihnen).
155 5027 564 5145 Mizzi: So?
1418 5018 2595 5163 Fritz: Freilich, aber man sehnt sich doch
2695 5054 3850 5209 Christine: Nein; ich hätt' übrigens
3927 5063 5127 5190 Weidmann (zu Döselmeyer semior):
164 5109 523 5213 Fritz: Ja!
1382 5127 2036 5204 nach einer Zerstreuung.
3900 5145 5109 5268 Is das ein Bekannter von Ihrem Herrn
2659 5145 3132 5259 kaum Zeit gehabt.
159 5136 1350 5268 Mizzi: Aber warum machen S' denn
1432 5181 2609 5290 Christine: Ich hab' mich heuer nach gar
2677 5181 4081 5331 Lina: Ah, bitt' dich, wegen der Zeit! Ich Sohn?
86 5231 864 5322 dann kein lustiges Gesicht?
1382 5259 2595 5354 keiner Zerstreuung gesehnt, überhaupt nach
3945 5240 5109 5368 Mizzi: Den größeren kenn ich ja...
2654 5281 3604 5381 hab' im G'schäft auch viel zu tun!
164 5254 1341 5395 Christine: Du verlangst aber auch von
1377 5309 1677 5413 gar nichts!
2677 5336 5154 5459 Christine: Na ja, aber du bist doch den mit dem Pelzkragen. Der war heuer schon
114 5345 1073 5459 jedem, daß er immerfort lustig ist.
1436 5345 3709 5513 Fritz: Sehen Sie, — jetzt haben Sie mir schließlich bei deinen Eltern zu Hause.
3886 5409 4190 5499 einmal da!
173 5399 1986 5513 Fritz (zu Christine): Da hat Ihre Freun¬
2695 5477 3854 5577 Mizzi: Freilich, das ist was ganz
3945 5422 5059 5549 Lina: Schauen sehr elegant aus, beide.
118 5481 1341 5554 din auch ganz recht! Mit einem traurigen Ge=
1436 5472 2159 5590 Christine: Was denn?
3936 5531 5113 5636 Weidmann (ingrimmig): Fliegt schon
2654 5531 3854 5622 anders. Na ja gewiß... wenn man sich so
105 5549 1350 5631 sicht soll man nie unter die Leute geh'n. Denn
1450 5522 2604 5672 Fritz: Jetzt kenne ich Ihre ganze Lebens¬
2650 5599 3318 5704 selber alles richten muß!
3895 5590 4822 5668 wieder auf ein’ neuen Winterrock.
114 5618 1318 5690 unsre Traurigkeit geht niemanden was an.
1386 5613 1659 5736 geschichte!
2686 5618 3854 5736 Lina: Aber Arbeit bleibt Arbeit — mei=
3945 5640 5109 5754 Weber (zu Christine): Wollen Fräulein
164 5663 1354 5749 Christine: Das ist freilich wahr; aber
1445 5649 3868 5822 Christine: Gehen S'! Möchten S' mir Mutter macht mir doch keine Stickerei fertig
3895 5709 5104 5790 nicht etwas Weniges im Saal promenieren?
100 5722 1314 5822 man kann sich's ja doch nicht so anschaffen.
1400 5740 1882 5845 die nicht erzählen?
3909 5781 5113 5877 (Sein Hochdeutsch steigert sich mit jeder
2659 5781 3009 5890 fürs G'schäft
173 5804 1354 5881 Mizzi: Na ja; es komt schon manchmal
1450 5786 2613 5918 Fritz: Sie haben ihn viel zu gern gehabt
2686 5831 5113 5918 Mizzi: Na ja — aber per kocht dem Sekunde.) Wenn man schon das Glück nicht
105 5872 2236 5949 vor, daß einem alles zuwider ist, und man¬ Das ist er nicht wert gewesen.
2659 5895 5131 5986 Fräulein in der Früh ein Kaffee? — Die genießen kann, Rundtänze mit Ihnen zu
105 5936 1032 6027 weiß nicht einmal recht, warum.
1432 5895 2600 6031 Christine: Das könnt' schon möglich
2650 5972 2941 6049 Mutter —
3895 5977 4086 6049 tanzen
164 5990 1373 6095 Christine: Gewöhnlich weiß man's recht
3950 5981 5109 6099 Weidmann (zu Lina, die Fritz und
2677 5995 3854 6149 Lina: Na ja... na ja... das is schon
1450 6013 2836 6163 Fritz: Und dann... haben Sie sich halt wahr.
3891 6072 5113 6163 Theodor betrachtet): Komm', promenieren wir
182 6077 1654 6231 Döielmeyer junior: Ein Visavis! Ein gekränkt.
3895 6158 5122 6258 auch. — Fliegst vielleicht auch auf die gelben
2695 6122 3872 6240 Mizzi: Na, und so is mit tausenderlei
1441 6136 2609 6281 Christine (leicht verlegen, lächelnd): I
123 6163 1368 6281 Visavis! (Kommt zu den Paaren.) Bitte sehr
3895 6204 4695 6308 Handschuh’? (Führt sie weg.)
2650 6186 3672 6313 Kleinigkeiten. Ich seh's doch an mir!
1395 6240 1582 6331 wahr?
123 6249 1236 6336 wir brauchen noch dringend ein Visavis!
3909 6245 5140 6377 Mizzi und Christine setzen sich auf einen
2695 6245 3863 6368 Döselmeyer senior (tritt herzu): Ja
1468 6304 3795 6431 Fritz: Und haben sich eingebildet — alles wenn die schönsten Fräulein plauschen
177 6318 727 6395 Theodor: Aber
4313 6336 4677 6418 Diwan links.
182 6327 1654 6458 Döselmeyer: Ist ja gleich aus! Und ist aus.
2650 6395 3872 6518 und nöt tanzen, ja was soll'n denn dann die
1473 6390 2400 6499 Christine (sicht vor sich hin).
123 6418 1368 6522 unter der Quadrille kann man ja auch
2654 6463 3000 6554 Herren tun?
1468 6440 2613 6590 Fritz: Aber Sie waren selber dran schull
118 6499 900 6604 plauschen, so viel man will.
2695 6518 4918 6604 Weidmann (hinzutretend, sehr erregt): Baron, gefällig, weiter zu spazieren?
1473 6540 1982 6631 Christine: Ich!
182 6527 1314 6663 Theodor: Na, sollen wir uns opfern?
1473 6599 3859 6690 Fritz: Ja, freilich... Weil Sie's zu ernst/ Jetzt hab ich mit einer Dame getanzt, Lina
3936 6536 5122 6681 Theodor: Haben sich seit den letzten
191 6631 945 6727 Mizzi: Ist ja alles eins!
3895 6640 4868 6740 Wochen nicht ein bissel vergrößert?
2668 6636 3850 6758 die findet durchaus nicht, daß ich schlecht tanze,
1427 6672 2618 6745 genommen haben!... Man darf nicht gleich
191 6658 1373 6808 Christine: Und uns wollt ihr da allein
3945 6672 5127 6777 Döselmeyer junior: Nein, es sieht
2704 6722 3527 6808 Lina: Tanz' weiter mit ihr.
1409 6740 2632 6808 die Ewigkeit verlangen — irgend ein unge=
141 6745 504 6867 sitzen lassen?
3895 6749 5131 6845 nur so aus; da oben sind ein paar Flammen
2695 6758 3854 6881 Weidmann (auf ein Mädchen weisend)
1418 6795 2650 6867 heures Glück — und den Himmel selber. Man
195 6786 1368 6917 Fritz: Lassen wir sie nur gehn! Wir wer
3909 6822 5131 6908 mehr im Gasluster, dadurch ist’s freundlicher
1418 6854 3300 6954 muß auch mit einem kleinen blauen Eckerl zu=Mit dieser Dame dort!
136 6881 1045 6981 den uns schon allein unterhalten.
3895 6886 4168 6986 geworden.
2709 6858 3850 7017 Lina (ungeheuer verächtlich): Mit der?
1409 6908 1759 7022 frieden sein.
177 6908 1368 7022 Theodor und Mizzi fort zu den Paaren
3950 6904 4831 7036 Theodor: Ja, ganz richtig. -
1459 6949 3091 7040 Christine: Aber wenn man immer Tanz' weiter! -
132 7004 1382 7127 zu Christine): Jetzt passen S' auf, was das für
3945 6999 5122 7086 Döselmeyer junior: Die Herren wer¬
2704 6986 3713 7099 Weidmann: Willst nicht noch
1395 6999 2645 7122 gleich den ganzen Himmel versprochen kriegt
132 7067 632 7181 ein Lebemann ist.
3877 7031 4627 7177 den hoffentlich auch tanzen.
1477 7099 3722 7208 Fritz: Vor denen, die so viel versprechen, Tour versuchen? (Die Musik hört auf.)
3950 7127 4672 7217 Theodor: Na freilich!
4818 7086 5113 7213 Aber bitte,
495 7095 1064 7236 (Quadrille beginnt.)
2718 7158 3259 7258 Lina: Schon aus!
1427 7140 2218 7254 soll man sich in acht nehmen:
2713 7149 5127 7354 Müller (tritt herzu, sehr erhitzt): Das | stören Sie sich doch unsertwegen nicht länger.
205 7177 1377 7327 Fritz: Sagen Sie einmal, Fräulein, bei
1704 7222 2368 7313 (Die Quadrille ist aus.)
1432 7281 3472 7377 (Theodor und Mizzi zu den beiden nach vorn.) is die Liebe — ja ganz allein!
136 7254 1382 7390 hagt's Ihnen eigentlich da unter allen diesen
2718 7295 3872 7449 Weber (tritt herzu): Wie's jetzt aber bei
145 7340 382 7445 Leuten?
1491 7372 3854 7499 Mizzi: Ja, ob's aber die Christine wollen Ihnen zugeht. Herr Döselmeyer! Werden sich
209 7354 2013 7508 Christine: Ich muß mich erst allmählig wird? Du, Christin'!
2659 7440 3772 7554 ja bald den Sophiensaal mieten müssen!
141 7472 845 7567 wieder daran gewöhnen.
3950 7390 5109 7604 Fritz: Weißt du, wie lang sich finden
1486 7495 2663 7599 Theodor: Hochverehrtes Fräulein! Ich
2709 7513 3863 7604 Döselmeyer senior: Und schöne Leut
209 7495 1386 7640 Fritz: Sie schauen wirklich so ein gan
3895 7563 5118 7658 nicht in einer Tanzschule war? Acht Jahre
1432 7567 3700 7645 hab' soeben die Entdeckung gemacht, daß der kommen her! — Und noble Leut'! —
150 7590 923 7677 kleines bißchen leidend aus.
1436 7608 3854 7726 Karneval längst vorbei ist. Es ist Frühling. Fritz und Theodor (zwei elegante jung=
3877 7631 4213 7717 mindestens.
214 7604 1286 7745 Christine: Ah, ich bin immer blaß.
3936 7663 5127 7781 Theodor: Das ist sehr unrecht. Da hast
214 7717 3868 7817 Fritz: Eigentlich ist das sonderbar. Vor man hält's im Winterrock nicht mehr aus Leute, treten eben aus dem Stiegenhaus in
1432 7749 3072 7854 übermorgen gehn wir mit dem neuen Über= die Garderobe).
3891 7758 4800 7867 du jedenfalls sehr viel versäumt.
164 7767 1391 7863 einer Stunde bin ich noch spazieren gegangen
155 7826 2654 7931 habe überhaupt nicht daher wollen, hab' keine zieher spazieren, Veigerln im Knopfloch, und
3950 7813 4659 7936 Fritz (lächelnd): Na...
2709 7795 3904 7963 Döselmeyer junior (geht ihnen ent¬
1413 7876 2668 7999 heut' in vierzehn Tagen ist das erste Rennen
159 7904 1123 8036 Ahnung gehabt, daß Sie existieren.
