4216 8696
2221 411 2820 548 25 Dezember 1931
3354 407 3674 526 Rt 8091
78 443 283 562 reitag
960 452 1668 571 DER WIENER TAG
2728 914 2975 1037 B.
2504 919 2687 1060 M
1444 919 2399 1088 eben
1115 1092 2783 1261 Von Arthur Schnitzler T
87 1280 3761 1458 Erstes Bild der unbekannten Ortassung
1211 1444 2705 1631 des Schauspiels.
2632 1604 3775 1755 Müller (ihr Tänzer, ein Kommis): Lei¬
292 1673 1613 1782 Im Jahre 1908 erschien in dem seither Weber.
2577 1686 2961 1796 der, Fräulein!
247 1718 1321 1833 eingegangenen „Wiener Verlag“ ein von
1408 1737 1705 1823 Wendmann
2646 1741 3450 1846 Mizii: Wo is denn die Lina?
256 1791 1302 1874 Richard Specht herausgegebenen Ban;
1403 1810 1631 1883 Müller.
2646 1810 3770 1910 Müller: Die Fräulein Lina? — Fräu¬
247 1860 1321 1929 „Widmungen zur Feier des sieb¬
1426 1874 1673 1947 Christine.
2577 1892 3775 1997 lein Lina? — Ja, wo is denn die Fräul'n
260 1919 973 1993 zigsten Geburtsta
1088 1906 1312 2029 ter
256 1970 973 2034 dinand von Saarg.
2582 1951 2765 2034 Lina?
1408 1974 1563 2066 Lina.
2641 1979 3770 2084 Weber (unger Mann, mit vorstädtischer
247 2002 1257 2098 gesamte literarische Wien war darin
256 2070 1257 2162 Beiträgen vertreten. Mit der Ehr
2591 2070 3775 2152 Sonntagseleganz gekleidet, tritt herzu. will
1389 2075 1650 2189 Theodor.
247 2130 1307 2198 Eschenbach begann die Reihe und führt
2591 2120 3779 2248 sich eben eine Zigarette anzünden): Fraulein
1394 2152 1993 2271 Meier, Klavierspieler.
256 2180 1238 2248 über Peter Altenberg und Hugo von
2591 2171 3332 2299 Mizzi, meine Hochachtung! —
260 2239 1238 2335 mannsthal zu Schnitzler und Schönber
2646 2235 3775 2335 Döselmeyer senior: Bitte rech: sehr,
1353 2239 2559 2358 Tanzschule in einer Vorstadt, langgestrecktes
1138 2285 1321 2376 Bands-
302 2299 1152 2363 Artur Schnitzler steuerte zu den
2596 2317 3770 2390 mein Herr, auf der Stiege zu rauchen! —
1129 2317 1307 2431 ordnung bey dem
1348 2331 2568 2413 Lokal, mit hellen geblümten Tapeten. Fünf
256 2326 1037 2431 eine dramatische Szene bei. Si
2609 2363 3226 2472 Polizeiliche Verordnung!
1348 2395 2568 2486 Fenster. Born links das Klavier. Rechts die
256 2399 1033 2482 Titel Liebelei“, darunter
1101 2386 1307 2477 Erste
2655 2418 3789 2527 Mizzi: Kaum kommt er in Salon, hat er
247 2454 1302 2550 Bild, Schauplatz ist eine „Tanz
1362 2459 2564 2559 geöffnete Eingangstür, mit dem Ausblick auf
2609 2500 3656 2600 schon ein' Anstand! — Es ist schrecklich!
1362 2504 2573 2600 Garderobe und Stiegenhaus. Zwischen den
265 2514 1092 2596 schule in einer Vorstadt
297 2532 1312 2637 Wer Schnitzlers Werk in der Fassun
2651 2541 3779 2660 Weber (vertraulich): Aber Herr Dösel¬
1362 2582 2555 2683 Fenstern und an der linken Seitenwan
260 2614 1312 2683 kennt, in der es seinem Dichter früher
2600 2609 3423 2701 meyer — is ja nicht brennend!
1366 2641 2573 2728 Bänke, die mit ordinärer roter Seide über¬
256 2669 1330 2747 Ruhm eintrug und seither über zahllose
2655 2655 3793 2769 Döselmeyer senior: Bitte, entschul¬
1362 2696 2550 2801 zogen sind. — In der Garderobe ab und zu
265 2737 1325 2797 Bühnen der ganzen Welt ging, wird über
2614 2747 3793 2861 digen schon; es ist nur wegen der Verordnung!
1371 2756 2564 2861 Herren und Mädchen, die Überkleider ablegen
260 2779 1330 2870 diese unbekannte Szene erstaunen. Eine
2669 2797 3135 2884 (Wendet sich ab.)
1353 2829 2559 2916 und in den Saal treten. Während der Tanz
260 2829 1312 2948 Anmerkung gibt die nötige Aufklärung
2669 2847 3793 2948 Müller: Ja, wo is denn d'Fräul'n Lina?
1366 2893 2568 2980 pausen verlassen auch Mädchen, manchma
260 2902 567 2989 Sie lautet:
2651 2939 3793 3044 Weber: Oh,'s Fräul'n Lina hat auch die
1366 2948 2564 3030 mit Herren, den Saal und stehen in der Gar=
384 2916 1312 3034 „Liebelei’, jetzt ein Schauspiel in
1362 2989 3144 3094 derobe, um sich im Spiegel zu beschauen und I Ehre da zu sein —?
311 2998 1321 3085 3 Akten, war früher als Volksstüc
329 3057 1316 3140 in acht Bildern angelegt, und it
2651 3012 3697 3121 Mizzi: Ja, wir suchen s' allerweil! —
1362 3071 2573 3158 das Haar zu richten. Am Klavier sitzi der
311 3108 1312 3185 dieser Form bereits begon
2651 3108 3807 3236 Müller: Da beim Fenster steht s' ja mit
1366 3121 2577 3217 Klavierspieler und spielt beim Aufziehen des
320 3176 1312 3258 nen worden. Was hier vorliegt, ist das
1362 3181 2989 3286 Vorhangs die letzten Takte einer Ouadrille. Es mein Cousin!
311 3231 1321 3304 erste Bild jener ursprünglichen Fassung
2651 3199 3789 3318 Döselmeyer junior (herbeitretend
1371 3258 2582 3341 tanzen etwa 14 Paare. Herr Döselmeyer
311 3277 1344 3359 und nur einem freundlichen Wunsch des
2614 3295 3807 3405 etwas energischer als der senior): Bitte recht
1371 3309 2587 3418 junior, in einem etwas verschossenen Frack,
320 3336 1344 3428 Herrn Richard Specht Folge leistend.
2628 3364 3811 3478 sehr, hier nicht zu rauchen — auf der
1371 3377 2577 3464 arrangiert; Herr Döselmeyer senior steht in
320 3386 1092 3469 überoebe ich ihm das Manu
1152 3391 1330 3473 zu
2614 3428 2980 3523 S'tiege, bitte.
311 3437 1165 3569 Veröffentlichung in diesem Band
1371 3446 2582 3569 der Nähe der Türe und ruft auch zuweilen
2678 3450 3793 3565 Mizzi: Grad war Ihner Herr Vater da —
1892 3501 2075 3601 drein.)
2669 3546 3811 3661 Weber: Aber ich weiß ja schon! — Sie ist
315 3523 1325 3642 Wir veröffentlichen im folgenden di
1408 3542 2591 3674 Döselmeyer junior: Kolonne... zwei-
279 3610 3117 3757 lenbeit und dichterischen Anmut weit mehr mal vor! — Double été — Kolonne! — Saint ja nicht brennend!
274 3606 1316 3702 Szene, die in ihrer künstlerischen Geschlo
2678 3642 3798 3752 Mizii: Na, stecken S' es endlich ein
521 3711 2532 3839 als bloß ein Dokument zur Simonlenne! — Große Ronde... à place!
2637 3729 3821 3830 Ihnere Zigaretten, sonst konfiszieren s' Ihnen
256 3747 521 3825 darstellt
274 3811 521 3935 Literatur
521 3802 740 3889 Geschichte.
2619 3802 3313 3894 noch Ihren ganzen Tabak
1362 3789 2568 3926 (Während der ganzen Ronde Verwirrung
2669 3825 3807 3953 Weber (wischt das Mundstück der Ziga-
1764 3866 2198 3976 Rufen, Lachen.)
475 3862 978 3985 Arthur Schnitzler.
2632 3916 3816 4003 rette mit dem Sacktuch ab und verwahrt sie
1408 3916 2577 4031 Döselmeyer junior (sehr energisch)
612 3944 859 4040 Liebelei.
2637 3990 3807 4081 in der Gilettasche): Heiß is! Es ist wirklich ge-
1366 4026 2591 4113 Ko... lonne dreimal vor! — Chassez croisez
553 4012 896 4122 Erstes Bild.
2632 4054 3578 4140 scheiter, wir gehen ins Stiegenhaus
1394 4081 2605 4150 — (Schlägt dabei dem Klavierspieler auf die
2687 4108 3830 4186 Mizzi: Damit Sie rauchen können! —
530 4081 914 4204 Personen:
1362 4136 2573 4255 Schulter. — Die Musik verstummt. Der Kla=
2628 4159 3821 4278 Nein, ich geh' nicht auf die Stiegen. Neulick
142 4154 1307 4291 Döselmeyer senior, Inhaber einer Tän-
1362 4200 2317 4305 vierspieler blättert in den Noten.)
2623 4223 3322 4332 hab' ich mich so verkühlt.
119 4241 274 4346 schule.
1412 4264 2440 4383 Mizzi: Iessas! jetzt is schon aus! —
2673 4264 3839 4373 Klavierspieler Meier (ist aufge¬
155 4264 699 4410 Döselmeyer junior.
2628 4346 3834 4442 standen, etwa 40 Jahre, mager, freundlich,
475 4342 2582 4474 wyöntstiennunyksiä.
142 4369 393 4488 o
2628 4415 3839 4520 lange Haare; wie er an Mizzi vorbeikömmt):
2614 4469 3318 4565 Küß die Hand, Fräulein!
2678 4520 3821 4643 Weber (leutselig): Gehen jetzt ein bisse
2628 4597 3638 4712 ausschnaufen, Herr Meter, wie? —
2692 4661 3350 4753 Müller: Aber dann!
2678 4712 3848 4840 Mizzi: Sie, dann müssen S die Donau¬
2614 4771 3057 4894 wellen spielen!
2696 4840 3848 4968 Meier: Küß die Hand, Fräulein, — aber
2628 4917 3332 5036 's kommt dann a Mazur.
2696 4940 3734 5064 Weber: Lächerlich! Was heißt das?
2637 5022 3843 5128 's kommt a Mazur? Wenn die Fräul'n Mizzi
2632 5109 3450 5192 will, so kommt halt a Walzer!
2705 5137 3853 5278 Meier: Na, wer'n schaun — wer 'n
2728 5224 3254 5319 aun. (Will abgehen.)
2728 5256 3853 5388 Weber (ohne von den anderen gehört zu
2637 5351 3853 5457 werden): Lassen S' Ihnen auf mein Konto
2637 5411 3853 5525 a Viertel Wein hol'n, wenn S' an Durst
2646 5479 2847 5575 haben.
2696 5498 3546 5617 Mizzi: Was haben S' denn?
2696 5603 3542 5703 Weder (nobel): Ah nix, nix! —
2705 5658 3661 5740 Müller:... mit meinem Cousin!
2705 5712 3729 5795 Mizzi: Was ist denn mit'n Cousin?
2696 5754 3866 5886 Müller: Na, mit meinem Cousin steht
2710 5845 3565 5927 beim Fenster, die Fräul'n Linä!
2696 5900 3885 5987 Mizzi: Geh, Lina, komm daher, du wirft
2655 5964 3866 6055 dich ja wirklich verkühlen.'s kommt so a kalte
2646 6028 3409 6124 Luft herein von der Gassen.
2705 6060 3866 6201 Müller: Die Fräulein Lina ist halt so
2651 6142 3423 6256 viel hitzig! — (Lacht herzlich.
2705 6211 3871 6297 Lina (zu Weidmann, mit dem sie in der
2655 6279 3839 6357 Nische stand): Na, komm, gehn mer füri. —
2660 6339 3871 6430 Jessas, der Herr Weber! I hätt’ Ihnen bald
2646 6412 3853 6508 nit erkannt! Wo sein S' denn so lang g'steckt
2673 6467 3866 6549 Weidmann (junger Mensch, ziemlich
2655 6521 3866 6599 dick, von etwas brutalen Gesichtszügen, Sech¬
2651 6572 3862 6672 ser, aufgedrehter schwarzer Schnurrbart): Was
2660 6645 3875 6768 willst denn? Der Herr Weber ist doch alle
2651 6709 3016 6809 Sonntag da!
2692 6727 3885 6841 Weber (sehr geschmeichelt): Nein, am
2655 6841 3866 6942 vorigen Sonntag bin ich nicht da gewesen! Is
2651 6896 2980 7006 ganz richtig
2710 6924 3875 7070 Lina: Na, sehn S', wie ich mich an alles
2651 7020 2902 7120 erinner!
2696 7047 3866 7184 Weber (nimmt wieder seine Zigarett
2664 7152 3875 7257 aus der Gilettasche, Mizzi nimmt sie ihm
2651 7202 3341 7294 weg): Na, was is denn?
2705 7266 3889 7408 Mizzi: Haben S’ nicht g’hört, daß man da
2660 7330 3258 7449 nicht rauchen darf? —
2710 7394 3894 7527 Weber: Ja richtig! — Aber's is eigentlich
2673 7472 2980 7563 zu dumm.
3094 7467 3889 7550 Wir sind doch keine Kinder
2673 7518 3889 7623 nicht! — Wir wer'n doch die Vorhäng' nicht
2669 7582 3875 7714 anzünden! — Wir sein doch auf kein' Elitée-
2673 7664 2897 7751 ball! —
2710 7682 3875 7842 Weidmann: Da sollt' man wirklich mit
1120 7714 1709 7851 Wintermorgen.
