<?xml version="1.0" encoding="UTF-8" standalone="yes"?>
<PcGts xmlns="http://schema.primaresearch.org/PAGE/gts/pagecontent/2013-07-15" xmlns:xsi="http://www.w3.org/2001/XMLSchema-instance" xsi:schemaLocation="http://schema.primaresearch.org/PAGE/gts/pagecontent/2013-07-15 http://schema.primaresearch.org/PAGE/gts/pagecontent/2013-07-15/pagecontent.xsd">
    <Metadata>
        <Creator>prov=READ-COOP:name=TrHtr:version=2.1.0:model_id=51170:date=25_07_2023_02:33</Creator>
        <Created>2023-05-10T13:05:16.527+02:00</Created>
        <LastChange>2023-07-25T02:33:25.490+02:00</LastChange>
        <TranskribusMetadata docId="1428561" pageId="55408587" pageNr="219" tsid="130581067" status="IN_PROGRESS" userId="64420" imgUrl="https://files.transkribus.eu/Get?id=TCFWSJPUUBAARJCIARDDCBVD&amp;fileType=view" xmlUrl="https://files.transkribus.eu/Get?id=PMPUOLMFQVCQYPHLATPUWGYD" imageId="44682733"/>
    </Metadata>
    <Page imageFilename="1428561_0219.jpg" imageWidth="3384" imageHeight="4088">
        <ReadingOrder>
            <OrderedGroup id="ro_1711794699831" caption="Regions reading order">
                <RegionRefIndexed index="0" regionRef="tr_2"/>
                <RegionRefIndexed index="1" regionRef="tr_1"/>
            </OrderedGroup>
        </ReadingOrder>
        <TextRegion id="tr_2" custom="readingOrder {index:0;}">
            <Coords points="1136,484 3082,484 3082,1469 1136,1469"/>
            <TextLine id="tr_2_tl_1" custom="readingOrder {index:0;}">
                <Coords points="2648,560 2677,564 2693,581 2700,576 2724,581 2753,605 2762,600 2777,614 2798,612 2805,455 2779,452 2753,471 2741,471 2729,469 2717,452 2686,462 2653,452"/>
                <Baseline points="2661,537 2670,540 2715,540 2760,537 2804,534"/>
                <TextEquiv>
                    <Unicode>230</Unicode>
                </TextEquiv>
            </TextLine>
            <TextLine id="tr_2_tl_2" custom="readingOrder {index:1;}">
                <Coords points="2446,724 2560,712 2605,736 2650,705 2731,745 2784,707 2812,731 2858,731 2915,712 2919,612 2815,648 2762,617 2674,626 2612,595 2572,624 2450,602"/>
                <Baseline points="2458,698 2476,701 2521,698 2566,695 2610,695 2655,692 2700,692 2745,689 2789,686 2834,683 2879,680 2924,680"/>
                <TextEquiv>
                    <Unicode>mehmer n</Unicode>
                </TextEquiv>
            </TextLine>
            <TextLine id="tr_2_tl_3" custom="readingOrder {index:2;}">
                <Coords points="1164,848 2722,783 2962,826 3074,814 3079,698 2731,743 2393,669 2184,726 1860,669 1400,741 1169,672"/>
                <Baseline points="1178,823 1202,826 1247,823 1292,820 1336,820 1381,814 1426,811 1471,808 1515,808 1560,805 1605,805 1650,805 1694,802 1739,802 1784,802 1829,802 1873,802 1918,802 1963,799 2008,796 2052,793 2097,796 2142,793 2187,790 2231,790 2276,787 2321,787 2366,787 2411,784 2455,787 2500,784 2545,781 2590,784 2634,784 2679,781 2724,781 2769,778 2813,778 2858,778 2903,775 2948,772 2992,769 3037,766 3082,766"/>
                <TextEquiv>
                    <Unicode>ich wieder dein. Aber xxxx schon in die-</Unicode>
                </TextEquiv>
            </TextLine>
            <TextLine id="tr_2_tl_4" custom="readingOrder {index:3;}">
                <Coords points="1703,879 1793,876 1881,902 1915,874 1948,869 1988,895 2034,869 2096,869 2100,805 1974,819 1917,807 1836,843 1788,845 1705,817"/>
                <Baseline points="1715,877 1736,877 1781,874 1826,868 1870,865 1915,865 1960,865 1966,865 1969,865 2014,862 2058,856 2105,851"/>
                <TextEquiv>
                    <Unicode>me sont</Unicode>
                </TextEquiv>
            </TextLine>
            <TextLine id="tr_2_tl_5" custom="readingOrder {index:4;}">
                <Coords points="1560,891 1595,893 1605,902 1612,898 1622,902 1655,876 1691,879 1695,814 1672,819 1662,807 1645,822 1631,814 1588,850 1564,843"/>
                <Baseline points="1572,886 1605,883 1650,877 1694,877"/>
                <TextEquiv>
                    <Unicode>.C</Unicode>
                </TextEquiv>
            </TextLine>
            <TextLine id="tr_2_tl_6" custom="readingOrder {index:5;}">
                <Coords points="1253,907 1300,905 1334,924 1357,902 1379,914 1395,902 1448,898 1462,907 1479,895 1519,912 1524,838 1500,831 1479,841 1457,826 1424,824 1355,848 1331,838 1255,860"/>
                <Baseline points="1265,901 1303,898 1348,898 1393,895 1438,895 1483,892 1527,889"/>
                <TextEquiv>
                    <Unicode>in dem</Unicode>
                </TextEquiv>
            </TextLine>
            <TextLine id="tr_2_tl_7" custom="readingOrder {index:6;}">
                <Coords points="1160,995 1645,1022 2403,941 2824,979 2872,838 2574,802 1874,900 1162,905"/>
                <Baseline points="1172,981 1175,981 1220,978 1265,975 1309,975 1354,975 1399,972 1444,972 1488,969 1533,969 1578,969 1623,966 1668,963 1712,963 1757,960 1802,960 1847,960 1891,957 1936,957 1981,957 2026,957 2070,954 2115,954 2160,948 2205,948 2249,948 2294,945 2339,942 2384,942 2428,942 2473,942 2518,939 2563,942 2607,939 2652,936 2697,936 2742,933 2787,933 2831,930 2876,930"/>
                <TextEquiv>
                    <Unicode>sem Augenblick wusst' ich: dies darf</Unicode>
                </TextEquiv>
            </TextLine>
            <TextLine id="tr_2_tl_8" custom="readingOrder {index:7;}">
                <Coords points="1160,1157 1319,1191 2376,1105 2910,1141 2915,1033 2538,967 1162,1062"/>
                <Baseline points="1172,1139 1217,1139 1262,1136 1306,1133 1351,1133 1396,1130 1441,1127 1486,1127 1530,1127 1575,1124 1620,1124 1665,1124 1709,1121 1754,1118 1799,1121 1844,1121 1888,1118 1933,1118 1978,1115 2023,1115 2067,1115 2112,1113 2157,1113 2202,1107 2246,1107 2291,1107 2336,1104 2381,1101 2425,1101 2470,1098 2515,1098 2560,1098 2604,1095 2649,1095 2694,1092 2739,1092 2784,1092 2828,1089 2873,1086 2918,1077"/>
                <TextEquiv>
                    <Unicode>keine Rückkehr, dies darf nur der Ab-</Unicode>
                </TextEquiv>
            </TextLine>
            <TextLine id="tr_2_tl_9" custom="readingOrder {index:8;}">
                <Coords points="1124,1305 1695,1353 1822,1288 2817,1293 3010,1269 3015,1148 1129,1183"/>
                <Baseline points="1136,1303 1139,1303 1184,1300 1229,1300 1274,1298 1318,1295 1363,1292 1408,1292 1453,1289 1497,1289 1542,1286 1587,1286 1632,1283 1676,1283 1721,1280 1766,1280 1811,1274 1856,1274 1900,1274 1945,1274 1990,1268 2035,1268 2079,1268 2124,1265 2169,1265 2214,1265 2258,1262 2303,1259 2348,1256 2393,1256 2437,1256 2482,1253 2527,1250 2572,1253 2616,1253 2661,1247 2706,1247 2751,1247 2795,1247 2840,1244 2885,1241 2930,1238 2974,1235 3019,1235"/>
                <TextEquiv>
                    <Unicode>schied sein. [Denn nie fühlt' ich, wie we</Unicode>
                </TextEquiv>
            </TextLine>
            <TextLine id="tr_2_tl_10" custom="readingOrder {index:9;}">
                <Coords points="1172,1469 2817,1443 2969,1410 2974,1293 1767,1355 1176,1317"/>
                <Baseline points="1184,1459 1229,1456 1274,1456 1318,1456 1363,1453 1408,1450 1453,1450 1497,1450 1542,1444 1587,1444 1632,1441 1676,1441 1721,1441 1766,1435 1811,1435 1856,1435 1900,1432 1945,1432 1990,1429 2035,1429 2079,1426 2124,1426 2169,1423 2214,1420 2258,1420 2303,1417 2348,1414 2393,1411 2437,1411 2482,1411 2527,1411 2572,1408 2616,1408 2661,1405 2706,1405 2751,1402 2795,1402 2840,1399 2885,1396 2930,1393 2974,1393"/>
                <TextEquiv>
                    <Unicode>nig du mich gekannt hast - und wie we-</Unicode>
                </TextEquiv>
            </TextLine>
        </TextRegion>
        <TextRegion id="tr_1" custom="readingOrder {index:1;}">
            <Coords points="1190,1501 3154,1501 3154,3674 1190,3674"/>
            <TextLine id="tr_1_tl_1" custom="readingOrder {index:0;}">
                <Coords points="1176,1634 2707,1610 2777,1562 2931,1607 2962,1434 1181,1522"/>
                <Baseline points="1190,1614 1217,1614 1262,1614 1306,1614 1351,1611 1396,1611 1441,1608 1486,1605 1530,1602 1575,1599 1620,1596 1665,1596 1709,1593 1754,1590 1799,1590 1844,1590 1888,1590 1933,1590 1978,1590 2023,1584 2067,1584 2112,1581 2157,1578 2202,1575 2246,1575 2291,1572 2336,1572 2381,1569 2425,1569 2470,1569 2515,1569 2560,1563 2604,1563 2649,1563 2694,1560 2739,1557 2784,1557 2828,1554 2873,1554 2918,1551 2963,1551"/>
                <TextEquiv>
                    <Unicode>nig ich dir war. Du konntest mich neh-</Unicode>
                </TextEquiv>
            </TextLine>
            <TextLine id="tr_1_tl_2" custom="readingOrder {index:1;}">
                <Coords points="1179,1791 2507,1772 2853,1712 3031,1776 3034,1657 2788,1593 1181,1695"/>
                <Baseline points="1193,1769 1205,1769 1250,1766 1295,1766 1339,1766 1384,1763 1429,1760 1474,1757 1518,1757 1563,1754 1608,1751 1653,1751 1697,1748 1742,1748 1787,1745 1832,1745 1876,1742 1921,1739 1966,1739 2011,1739 2055,1739 2100,1739 2145,1736 2190,1733 2234,1733 2279,1730 2324,1730 2369,1730 2414,1727 2458,1724 2503,1721 2548,1721 2593,1721 2637,1718 2682,1715 2727,1715 2772,1712 2816,1712 2861,1709 2906,1706 2951,1706 2995,1703 3040,1703"/>
                <TextEquiv>
                    <Unicode>men, selbst im Glauben, dass ich Andern</Unicode>
                </TextEquiv>
            </TextLine>
            <TextLine id="tr_1_tl_3" custom="readingOrder {index:2;}">
                <Coords points="1198,1967 2950,1893 2953,1795 2765,1748 2600,1800 2429,1762 1591,1855 1450,1805 1203,1836"/>
                <Baseline points="1211,1933 1253,1927 1298,1924 1342,1924 1387,1921 1432,1918 1477,1918 1521,1915 1566,1909 1611,1909 1656,1909 1700,1906 1745,1903 1790,1900 1835,1900 1879,1900 1924,1897 1969,1894 2014,1894 2058,1894 2103,1891 2148,1888 2193,1888 2237,1888 2282,1885 2327,1885 2372,1882 2416,1882 2461,1879 2506,1876 2551,1876 2596,1873 2640,1873 2685,1870 2730,1867 2775,1870 2819,1864 2864,1864 2909,1861 2954,1861"/>
                <TextEquiv>
                    <Unicode>gehörte, und wusstest nicht, dass ich</Unicode>
                </TextEquiv>
            </TextLine>
            <TextLine id="tr_1_tl_4" custom="readingOrder {index:3;}">
                <Coords points="1203,2105 2267,2045 2512,2136 2622,2062 2946,2045 3000,1965 2405,1903 2184,1981 1593,1991 1510,1945 1207,2010"/>
                <Baseline points="1217,2076 1259,2079 1303,2079 1348,2076 1393,2073 1438,2073 1483,2070 1527,2067 1572,2067 1617,2064 1662,2061 1706,2061 1751,2058 1796,2058 1841,2058 1885,2055 1930,2052 1975,2049 2020,2049 2064,2046 2109,2046 2154,2046 2199,2046 2243,2046 2288,2044 2333,2041 2378,2038 2422,2035 2467,2032 2512,2029 2557,2029 2601,2029 2646,2029 2691,2026 2736,2020 2781,2023 2825,2020 2870,2020 2915,2020 2960,2017 3004,2017"/>
                <TextEquiv>
                    <Unicode>es nie vermocht hätte. Aber nur, wenn</Unicode>
                </TextEquiv>
            </TextLine>
            <TextLine id="tr_1_tl_5" custom="readingOrder {index:4;}">
                <Coords points="1212,2267 2915,2203 2919,2081 2681,2053 2522,2136 2150,2096 1214,2169"/>
                <Baseline points="1226,2243 1268,2240 1312,2237 1357,2234 1402,2231 1447,2229 1491,2229 1536,2226 1581,2223 1626,2223 1671,2220 1715,2217 1760,2217 1805,2214 1850,2214 1894,2214 1939,2211 1984,2208 2029,2208 2073,2205 2118,2205 2163,2205 2208,2202 2252,2202 2297,2196 2342,2196 2387,2193 2431,2193 2476,2190 2521,2187 2566,2184 2610,2184 2655,2181 2700,2181 2745,2181 2789,2178 2834,2178 2879,2175 2924,2175"/>
                <TextEquiv>
                    <Unicode>es unser Abschied war, muss ich mich</Unicode>
                </TextEquiv>
            </TextLine>
            <TextLine id="tr_1_tl_6" custom="readingOrder {index:5;}">
                <Coords points="1212,2429 2991,2365 3091,2334 3096,2215 1217,2305"/>
                <Baseline points="1226,2396 1262,2393 1306,2390 1351,2387 1396,2384 1441,2384 1486,2381 1530,2381 1575,2378 1620,2378 1665,2375 1709,2375 1754,2372 1799,2372 1844,2369 1888,2369 1933,2366 1978,2366 2023,2363 2067,2360 2112,2360 2157,2360 2202,2354 2246,2354 2291,2351 2336,2351 2381,2348 2425,2351 2470,2348 2515,2345 2560,2342 2604,2342 2649,2336 2694,2336 2739,2333 2784,2333 2828,2330 2873,2330 2918,2330 2963,2327 3007,2324 3052,2324 3097,2324"/>
                <TextEquiv>
                    <Unicode>dieser Nacht nich schämen. Denn wenn wir</Unicode>
                </TextEquiv>
            </TextLine>
            <TextLine id="tr_1_tl_7" custom="readingOrder {index:6;}">
                <Coords points="1198,2593 2862,2538 2962,2507 2969,2379 2588,2450 2336,2379 1653,2484 1205,2441"/>
                <Baseline points="1214,2557 1223,2557 1268,2554 1312,2551 1357,2551 1402,2548 1447,2545 1491,2542 1536,2539 1581,2536 1626,2536 1671,2533 1715,2530 1760,2530 1805,2527 1850,2527 1894,2527 1939,2527 1984,2524 2029,2521 2073,2518 2118,2518 2163,2515 2208,2512 2252,2512 2297,2509 2342,2509 2387,2506 2431,2506 2476,2503 2521,2503 2566,2500 2610,2497 2655,2494 2700,2494 2745,2491 2789,2488 2834,2488 2879,2485 2924,2482 2969,2476"/>
                <TextEquiv>
                    <Unicode>zusammen blieben, würde sie sich wie-</Unicode>
                </TextEquiv>
            </TextLine>
            <TextLine id="tr_1_tl_8" custom="readingOrder {index:7;}">
                <Coords points="1222,2734 1879,2748 1988,2691 2627,2665 2710,2715 3098,2648 3100,2591 2750,2517 1226,2622"/>
                <Baseline points="1235,2712 1268,2709 1312,2706 1357,2706 1402,2703 1447,2700 1491,2700 1536,2697 1581,2697 1626,2694 1671,2691 1715,2691 1760,2688 1805,2685 1850,2685 1894,2679 1939,2676 1984,2676 2029,2676 2073,2676 2118,2673 2163,2670 2208,2670 2252,2667 2297,2664 2342,2664 2387,2661 2431,2661 2476,2658 2521,2658 2566,2655 2610,2655 2655,2652 2700,2652 2745,2649 2789,2649 2834,2646 2879,2643 2924,2640 2969,2640 3013,2637 3058,2634 3103,2628"/>
                <TextEquiv>
                    <Unicode>derholen, und jede Umarmung würde um et-</Unicode>
                </TextEquiv>
            </TextLine>
            <TextLine id="tr_1_tl_9" custom="readingOrder {index:8;}">
                <Coords points="1222,2896 3003,2827 3062,2746 2722,2705 2038,2791 1226,2784"/>
                <Baseline points="1238,2867 1277,2867 1321,2864 1366,2864 1411,2867 1456,2861 1500,2858 1545,2855 1590,2852 1635,2852 1679,2849 1724,2846 1769,2843 1814,2840 1858,2840 1903,2840 1948,2837 1993,2837 2038,2834 2082,2831 2127,2831 2172,2828 2217,2825 2261,2825 2306,2822 2351,2819 2396,2816 2440,2816 2485,2816 2530,2813 2575,2810 2619,2810 2664,2807 2709,2807 2754,2804 2798,2801 2843,2801 2888,2798 2933,2798 2977,2798 3022,2798 3067,2801"/>
                <TextEquiv>
                    <Unicode>was gemeiner und erniedrigender werden,</Unicode>
                </TextEquiv>
            </TextLine>
            <TextLine id="tr_1_tl_10" custom="readingOrder {index:9;}">
                <Coords points="1245,3043 1788,3065 2593,2972 3024,3015 3105,2977 3110,2881 2791,2858 2510,2927 1998,2874 1248,2943"/>
                <Baseline points="1259,3028 1277,3025 1321,3025 1366,3022 1411,3019 1456,3016 1500,3016 1545,3013 1590,3010 1635,3007 1679,3004 1724,3004 1769,3004 1814,3001 1858,3001 1903,3001 1948,2998 1993,2998 2038,2995 2082,2992 2127,2989 2172,2986 2217,2986 2261,2986 2306,2983 2351,2983 2396,2980 2440,2977 2485,2977 2530,2974 2575,2972 2619,2969 2664,2969 2709,2966 2754,2963 2798,2960 2843,2960 2888,2957 2933,2954 2977,2954 3022,2957 3067,2957 3112,2963"/>
                <TextEquiv>
                    <Unicode>als die vorige.... Weil ich dich liebte,</Unicode>
                </TextEquiv>
            </TextLine>
            <TextLine id="tr_1_tl_11" custom="readingOrder {index:10;}">
                <Coords points="1241,3200 3091,3167 3098,3029 2691,3091 2253,3043 1245,3096"/>
                <Baseline points="1256,3180 1265,3183 1309,3180 1354,3180 1399,3177 1444,3174 1488,3171 1533,3171 1578,3168 1623,3165 1668,3165 1712,3165 1757,3165 1802,3162 1847,3162 1891,3159 1936,3157 1981,3154 2026,3148 2070,3148 2115,3151 2160,3148 2205,3145 2249,3145 2294,3145 2339,3142 2384,3139 2428,3139 2473,3136 2518,3136 2563,3133 2607,3133 2652,3127 2697,3127 2742,3124 2787,3121 2831,3121 2876,3118 2921,3118 2966,3115 3010,3112 3055,3109 3100,3112"/>
                <TextEquiv>
                    <Unicode>konnte es heute geschehen, und weil ich</Unicode>
                </TextEquiv>
            </TextLine>
            <TextLine id="tr_1_tl_12" custom="readingOrder {index:11;}">
                <Coords points="1233,3372 2781,3331 3010,3289 3015,3203 2396,3253 2165,3193 1910,3243 1779,3205 1472,3267 1241,3229"/>
                <Baseline points="1250,3347 1271,3347 1315,3344 1360,3342 1405,3342 1450,3339 1494,3336 1539,3333 1584,3333 1629,3330 1673,3327 1718,3327 1763,3327 1808,3324 1853,3324 1897,3321 1942,3321 1987,3318 2032,3315 2076,3315 2121,3312 2166,3309 2211,3309 2255,3306 2300,3300 2345,3300 2390,3297 2434,3297 2479,3294 2524,3291 2569,3291 2613,3288 2658,3285 2703,3282 2748,3279 2792,3276 2837,3276 2882,3276 2927,3276 2972,3273 3016,3273"/>
                <TextEquiv>
                    <Unicode>meine Liebe, mich und dich und unsere</Unicode>
                </TextEquiv>
            </TextLine>
            <TextLine id="tr_1_tl_13" custom="readingOrder {index:12;}">
                <Coords points="1214,3531 2969,3477 2977,3308 2362,3324 1455,3450 1222,3403"/>
                <Baseline points="1229,3500 1232,3503 1277,3503 1321,3503 1366,3500 1411,3497 1456,3494 1500,3491 1545,3491 1590,3491 1635,3485 1679,3485 1724,3482 1769,3482 1814,3479 1858,3476 1903,3473 1948,3470 1993,3470 2038,3467 2082,3464 2127,3464 2172,3461 2217,3461 2261,3458 2306,3458 2351,3455 2396,3452 2440,3452 2485,3449 2530,3446 2575,3443 2619,3443 2664,3440 2709,3434 2754,3434 2798,3434 2843,3434 2888,3434 2933,3434 2977,3437"/>
                <TextEquiv>
                    <Unicode>Erinnerungen nicht beschmutzen möchte,</Unicode>
                </TextEquiv>
            </TextLine>
            <TextLine id="tr_1_tl_14" custom="readingOrder {index:13;}">
                <Coords points="1262,3696 1822,3674 2081,3781 2303,3717 2624,3848 3143,3691 3153,3474 1781,3562 1510,3522 1267,3603"/>
                <Baseline points="1274,3664 1318,3664 1363,3664 1408,3661 1453,3661 1497,3658 1542,3655 1587,3652 1632,3652 1676,3649 1721,3646 1766,3646 1811,3643 1856,3640 1900,3640 1945,3637 1990,3634 2035,3631 2079,3628 2124,3628 2169,3625 2214,3625 2258,3622 2303,3616 2348,3619 2393,3613 2437,3610 2482,3607 2527,3604 2572,3604 2616,3598 2661,3595 2706,3592 2751,3592 2795,3592 2840,3592 2885,3589 2930,3589 2974,3586 3019,3583 3064,3583 3109,3580 3154,3574"/>
                <TextEquiv>
                    <Unicode>darf es niemals wieder sein!</Unicode>
                </TextEquiv>
            </TextLine>
        </TextRegion>
    </Page>
</PcGts>
