3528 4200
2268 492 2463 650 233
1044 706 3003 954 C: Mir öffnet sich hier keiner mehr. Ich
1241 966 2103 1105 such nach andern.
1241 1034 3025 1268 Du darfst nicht! Nein! Wir hatten ein¬
1059 1166 1185 1290 A:
1168 1227 2969 1431 ander Wahrheit geschworen - wenn einer
1270 1324 3020 1572 sein Wort gebrochen, bist du's, nicht
1283 1453 3015 1723 ich! Du liessest mich an eine Schuld
2220 1599 2753 1735 nicht ich habe dort
1256 1626 3147 1891 glauben, die nicht bestand, du hast mich
1224 1825 2998 2042 belogen!... Von Anbeginn an, warst du
1280 1986 3076 2203 es, die mich hineingleiten liess - ja,
1339 2081 3008 2351 die mich hineingetrieben hat! Deine
1295 2273 3147 2519 Spaziergänge mit Sigismund, die Blicke,
1322 2412 3079 2667 mit denen du ihn betrachtetest, deine
1329 2565 3161 2816 Schwärmerei für ihn, die Zärtlichkeit,
1302 2706 3110 2989 mit der du von ihm sprachst...... Manni-
1392 2913 2052 3071 safr die so gegrält.
1416 2852 3105 3149 All das war ja wahr. Aber wie leicht
453 3003 1188 3234 Man hebt es zurück
1373 3057 3225 3305 hättest du mich damals noch zurückholen
1217 2981 1326 3193 C:
501 3171 1090 3346 (i mal.. de vous
1392 3161 3166 3458 können! Wie bereit war ich! - Aber du
509 3288 908 3422 nal nicht
528 3303 1224 3512 Vielleicht geh de recht.
1448 3312 3210 3626 wolltest ja flattern! Jedes Wort, das
540 3407 1193 3614 aber die Jullis itz
550 3490 1261 3704 an franciem i. von de
1463 3478 3256 3811 du von mir hörtest, war dir eine will-
538 3653 930 3853 sultfuit
