3432 4088
2671 395 2802 555 71
918 582 3064 777 Amad: Nein, Cäcilie, wir hatten nur geschwie-
1110 761 2655 929 gen - das ist doch etwas Anderes.
915 902 3024 1051 Cäc: Es giebt ein Schweigen, in dem man sich
1150 1062 2960 1236 findet, und es giebt eines, in dem man
2367 1153 2794 1260 und mehre.
1102 1228 3096 1350 sich von einander entfernt. Es ist uns bei
1108 1401 2850 1537 den manchmal angst geworden in diesem
1102 1465 3120 1689 Schweigen.. erinnere dich nur. Zum Beispiel
512 1604 827 1823 A. S. d.
1110 1716 3098 1825 heuer im Winter, wenn wir hier zusammen ge¬
1102 1860 3106 1948 sessen sind und gerade nicht gearbeitet ha
1156 2007 2957 2135 ben - oder der Bub nicht da war - ganz
1113 2172 3024 2292 hang war uns in solchen Momenten. Und wir
1110 2332 3048 2423 haben angefangen, ven ganz gleichgiltigen
1116 2463 3024 2647 Sachen zu spreehen, nur weil uns vor dem
1110 2618 2196 2730 Schweigen se angst war.
600 2650 977 2840 Zh er nicht
1233 2778 2954 2949 (Das ist ja nun verbei und kann nicht
582 2810 1174 2973 Amad:
1132 2954 2978 3098 wiederkommen. Alle diese Befangenheiten
350 2981 643 3106 Kennisn
1124 3101 3133 3283 schwinden jetzt Du hast ja Recht, Cäcilie:
1137 3213 3109 3427 es bereitet sich lange ver, und man hat es
1132 3424 3114 3579 immer gespürt, man war ja nicht einmal be-
1134 3573 3154 3691 sonders erstaunt darüber. Endlich musste es
