3464 4120
2536 463 2719 577 153
1253 640 1731 754 er wollte.
1048 767 2177 919 Anad: Gestern Abend?...
1066 919 3027 1094 Cäc: War das wirklich erst gestern?... Ja.
1539 1020 2716 1245 :Pause :    Jhr he auf!
1058 1131 2850 1392 Amad: Der arme Sigismund! (Kunterich)
1405 1144 1529 1283 De'
1025 1354 2913 1549 Cac: Beklag ihn doch nicht. Er ahnt es
1261 1572 3022 1721 nicht. Das sind Dinge, die man seinem
1273 1645 3020 1860 Freunde gesteht, nicht) andern Leuten,
1096 1891 2508 2033 Amad: Die einem näher stehen.
1114 2025 2197 2190 Cäc: Und darum ferner.
1109 2109 3002 2354 Amad: Hm... Also aas ist wel auch einer
1309 2278 3035 2496 der Gründe, die aich veranlassen wer-
1319 2433 3124 2670 den, den Berliner Antrag in Erwägung zu
1726 2584 2853 2769 Also weiss die das noch B. geh
1326 2714 1681 2845 ziehen.
1696 2741 2255 2908 Mog tredu
1152 2714 3081 3010 Cäe: Das?!... Niemals! - Warum denn? Der
1385 2946 2901 3131 Zauber ist verbei; und der kommt
1354 3070 2678 3321 nicht wieder, das spür' ich.
1185 3258 2220 3491 Amad: Aber andere....
1195 3475 2141 3665 Cäc: Das hoff' ich.
1159 3534 3197 3812 Amaa:  zuekt ganz leise: Aber - wirst du
