3432 4136
1239 542 2257 741 Scheidung. Und warum?
1072 697 2998 908 Alb: Nun, warum lässt man sich scheiden?
1267 864 2922 1025 Damit man die Möglichkeit hat, sich
1277 1018 2881 1204 wieder anderweitig zu verheiraten.
1040 1163 2702 1362 Amad? Wie?... Ha! ich und Iselde!
1059 1340 2979 1545 Alb: Nein, davon hab ich nichts gehört.
1075 1504 2664 1709 Amad: Cäcilie und der Fürst....?
1075 1680 2405 1866 Alb: Ja, davon spricht man.
1125 1693 3071 2018 Amad: Es ist tell! - Du dementierst doch
1422 1986 3042 2355 Nun ja. /:Aergerlich: Ich dage,
1160 2081 1368 2352 Alb:
1365 2276 3058 2472 dass ihr nicht daran denkt. Und wenn
1365 2412 3071 2626 dir das nicht genug scheint, so kann
1365 2582 3055 2768 man ja die Sache plakatieren lassen.
1378 2711 3099 2926 Oder wenn du Wert darauf legst, mach
1409 2815 3007 3080 ich ein Stück draus, mit möglichst
1419 2941 3080 3241 durchsichtigen Decknamen, damit ist
1419 3187 2172 3326 Kerle begreifen.
703 3171 3241 3452 xxx Amad: Das ist gar keine so üble Idee. - Und
1428 3294 3279 3603 wie viel Entwürfe zum letzten Akt wirst
712 3424 1097 3569 C.M. & G.
835 3531 1078 3714 minfall
