3448 4184
2726 517 2911 639 189
1329 747 3037 930 Höre, mein Lieber, das geht zu weit!
1066 777 1264 925 Al b:
1301 935 3006 1081 Ich dachte immer, es handelt sich um
1306 1091 2916 1241 ein Duell - indess geht aus deinen
1301 1219 2869 1397 Bemerkungen hervor, dass du etwas
1309 1384 2831 1550 Ernstliches gegen ihn im Schilde
1314 1542 1652 1698 führst.
1407 1685 3154 1853 Du wirst es vielleicht beklagen, dass
1081 1705 1319 1828 Amad:
1314 1835 3107 2014 du selbst in einer solchen Stunde übel
1319 2006 2846 2161 angebrachte Scherze nicht lassen
1321 2136 3079 2314 kannst. Die Sache ist ernst, so ernat
1316 2302 3042 2482 als nur rigend etwas in meinem Leben
1321 2447 2467 2613 war. Ich will ihn töten.
1352 2620 2969 2751 Hm... Ist deine Frau damit einver-
1083 2638 1294 2756 Al b:
1326 2788 1718 2974 standen?
1093 2914 3107 3062 Amad: Es ist nicht üblich, in solchen Fäl-
1331 3057 2986 3247 len, seine Frau zu Rate zu ziehen.
1369 3215 3074 3415 Das ist richtig. Aber auch Abmachun-
1096 3242 1301 3385 Alb:
1339 3400 3057 3596 gen wie die euern sind es nicht. Ich
1344 3553 2954 3726 kann mir sehr gut vorstellen, dass
