3464 4184
2747 568 2934 699 213
1183 868 1528 998 stehen.
899 988 2957 1152 S: Und Sie meinen, dass sie noch in diesem
1175 1162 2353 1329 Hause lebte - mit Ihnen?
914 1239 2900 1492 A: Sie wissen sehr gut, wie wir leben! Es
1203 1439 2816 1615 ist also überflüssig, wenn Sie mir
1216 1623 2911 1820 aus einer nicht angebrachten Ritter¬
1216 1774 2877 1981 lichkeit die Meinung aufektreyieren
1219 1897 2908 2084 wollen, dass eine Frau von der Frei-
1226 2089 2849 2278 heit, die man ihr einräumt, keinen
1244 2291 1953 2435 Gebrauch macht
1103 2394 3013 2580 Hier handelt es sich nicht um Ritterlich-
922 2468 1039 2604 S:
1254 2532 3011 2714 keit, sondern darum, dass ich Cäcilie
1267 2729 2880 2880 liebe, sie zu meiner Gattin machen
1275 2875 3013 3062 wollte und mich selbst dessen für un-
1285 2995 3128 3200 würdig hielte, wenn ich die Achtung für
1295 3182 2931 3366 sie nur einen Moment lang vergessen
1905 3267 2650 3410 nicht hielfältig.
1288 3338 2941 3517 hätte. Ich verlange alse von Ihnen,
1311 3489 3105 3679 dass Sie die Beleidigung zurücknehmen,
1326 3607 3087 3855 die Sie sich gegen eine Dame haben zu-
