3320 4008
2872 404 3124 603 besser
1451 549 3032 757 hinnehmen, wenn du behauptest, nie
1814 700 2864 896 eine solche Lage gekomme
1678 696 1764 870 Pr.
1449 843 2777 1049 zu sein, - aber gleich für a.
1440 1011 2744 1205 Zukunft einstehen zu wellen,
1489 1194 2946 1358 ist ein Grad der Sicherheit, um
1486 1341 3019 1526 Gott und den Teufel zu versuchen.
1661 1428 1806 1531 mis
1306 1463 2967 1693 Amad: Du verstehst mich (Wir müssen
1449 1674 2996 1829 ja nicht in Umschreibungen reden.
1497 1800 2885 1989 Ich weiss ja, werauf die hin-
1903 1903 2039 2010 Allea
1392 1957 3042 2159 zielst. - Also was mir von Erlebnis
1449 2113 3051 2317 sen noch bevorstehen mag, das kann
1444 2285 2988 2454 ich freilich nicht vorher wissen,
1440 2437 3011 2630 Aber eins kann ich dir mit Sicher-
1447 2565 2954 2796 heit sagen: dass ich Cäeilie nie-
538 2557 1232 2775 t'il ne jamaient
416 2727 1173 2878 das mir nahe kass
1404 2737 3065 2927 mals irgend etwas werde verschweigen
488 2811 1365 3028 Komodtzut müsste.
1444 2897 2927 3103 müssen... so wenig als Sie mir.
1455 3055 2958 3246 Ewige Treue ist nicht in unserer
1449 3221 2870 3396 Macht, aber wol der gute-Wille
1453 3362 2075 3570 wahr zu sein.
1312 3528 2998 3724 Alb: Damit ist noch wenig getan. Im
