3384 4088
1093 520 2278 690 wenig. Und vielleicht wil
1108 695 2776 812 schick doch, dass ich mich einer an-
1113 852 2771 1091 dern, wirklich grossen Sache wieren
1130 1038 1372 1178 darf.
1193 1106 2804 1355 Hm.... eine grosse Sache.... (Aber)
876 1208 1133 1389 Amad:
1111 1315 2903 1539 wenn sich Frauen für eine grosse Sache
1118 1494 1798 1683 begeistern....
899 1586 2896 1800 Maria: Oh, ich weiss schen, was Sie sagen
1125 1773 2926 1927 wollen! Und es ist sehen möglich, dass
1140 1922 2918 2092 Sie Recht haben - auch in meinem Fall.
1150 2102 2868 2231 Gewiss haben Sie Recht. Es ist sehen
1165 2256 2819 2418 se. Vielleicht ist es überhaupt gar
1155 2400 2968 2619 nicht die Sache, die mich interessiert.
929 2595 2595 2789 Amad: Sie sagen das ja so drehend.
939 2629 2851 2891 Maria: Nun ja,.. Ich meht ihn war enthän¬
1892 2717 3073 2913 in aus seiner Ruhe aufkoren.
1153 2781 3152 3020 A. Ihm nicht - das Sie sollte alb. lassen können.
1454 2938 2774 3093 ihn manher nicht ist nehmen.
1193 3013 2971 3259 Ein Mann ahnt ja nicht, was eine Frau
182 2916 844 3207 Sta. Andw Nhohl
1247 3195 3018 3424 imstande ist, die immer zur Geliebten
179 3162 789 3357 H. G. P. Thun King
157 3284 827 3476 M. Mer schipp tann
1225 3302 3058 3513 erniedrigt wird. Es giebt allerlei Träu
227 3344 1023 3586 C. corrigantirt. und später
1225 3491 2963 3730 me. Und es giebt Träume, die sehr ins
214 3503 914 3710 dit ein, dass ich umb
247 3665 550 3842 träuche.
