3336 4024
1586 510 2990 710 wir gar nicht davon gesprochen
1462 708 2981 858 hätten. Wir haben Wochen, Monate
1406 870 2926 1035 getrennt von einander zugebracht.
1749 972 2245 1079 wie die Bekom¬
1453 1030 2865 1244 wenn es unser Beruf erforderte
1436 1198 3060 1395 ... da liegen solche Gedanken sehr
1441 1340 2917 1528 nahe. Und sie liegen vielleicht
1401 1473 2923 1673 noch näher in den Tagen, die man
1450 1638 3028 1833 allzustill neben einander verlebt.
693 1798 1424 2001 Sll. Stromart Hofmann
1531 1766 2981 2010 Wir waren meistens sehr glück-
838 1911 1282 2085 so glücklich.
1464 1940 3004 2132 lich; aber über die ganze Zukunft
705 2137 3036 2334 schnittet. Ja habe beruhigt, waren wir eigentlich nie
1418 2297 2970 2474 ... Vielleicht auch nur, weil wir
1462 2436 2923 2654 eine selche Ruhe für ein Heraus-
1459 2590 2987 2778 fordern des Schicksals betrachtet
1386 2755 1749 2903 hätten.
1267 2909 2975 3065 Alb: Das Schicksal fühlt sich immer
1441 3062 3051 3268 herausgefordert. Durch unsere Zwei
1462 3213 2975 3428 fel geradese wie durch unser Ver¬
1453 3393 2944 3582 trauen. Und ich weiss wahrhaftig
1502 3524 2941 3729 nicht, ob man nicht noch klüger
