3448 4104
2779 412 2910 561 74
1205 616 2951 777 uns Zwei doch kein Grund vor. Da wäre
1217 742 2992 937 es wahrhaftig nicht notwendig gewesen,
1217 928 2974 1091 Grosse Werte zu machen und sich in je-
1226 1013 2931 1230 dem Moment für jede Wahrheit gerstet
1240 1214 2933 1407 glauben, wenn man sie sich schliess-
1235 1421 2007 1570 lich übel nähme.
1324 1528 2924 1721 Nein - das darfst du mir nicht sa¬
1017 1597 1253 1746 Amad:
1246 1714 2905 1879 gen!... Uebelnehmen!... Ich täte es
1253 1860 2846 2046 nieht, und Keiner von uns täte es,
1262 2014 3024 2179 keiner hätte nach allem, was zwischen
1276 2170 3008 2335 uns gesprochen wurde, das Recht dazu,
1519 2303 1943 2406 derjenige
1363 2323 2931 2491 selbst dann nicht, der mit seiner
1847 2447 2058 2548 allem
1288 2477 2873 2635 Leidenschaft zurückgeblieben wäre.
1260 2646 3063 2811 Aber es lag wol auch in der ganzen Na-
1306 2800 2956 2985 tur unserer Beziehungen, dass jeder
1313 2963 3057 3148 dem andern nicht weniger geben konnte
1315 3079 3148 3274 und kann, als er empfing.-Es ist gewiss
1322 3247 3118 3469 bei allen Menschen so, die sich einmal
1334 3405 3180 3622 wirklich geliebt haben. Das gehört auch
1336 3581 3040 3765 zu den Fabeln, dass einer mit seiner
