3416 4088
1578 540 3169 777 lein zu sein, wann es mir beliebt,
1616 723 3139 935 und serge selbst für meine Gesel-
1540 883 3207 1097 ligkeit. Nur so ist es möglich, seh
1589 1032 3148 1244 eigenes Dasein zu fuhren.) Ich las-
1601 1200 3213 1397 se mir von niemandem dreinreden und
1610 1368 3122 1595 von niemandem dreinleben, sozusa-
1605 1572 1822 1734 gen.
1612 1673 3093 1887 Von einem Wesen, das existiert,
1603 1841 3135 2066 muss man auf alles gefasst sein.
1633 1998 3232 2185 wenn es aber schon jemand erreicht
1574 2160 3152 2366 hat, als wirkliches Individuum im
1637 2322 3200 2524 Kreise meiner Existenz zu stehen,
1662 2461 2984 2681 se muss er schweigen können.
1824 2627 1912 2700 nk
1526 2622 3219 2830 Amad : Da wir doch nun sehen von al-
857 2719 1408 2933 Inhaft nie des
1614 2769 3137 2996 len diesen Dingen reden: es geht
824 2866 1446 3049 Nederseis gehabt
1683 2923 3274 3175 dir wirklich nicht ab, dass es dir
851 2992 1486 3158 an oben bei dem
1673 3087 3122 3307 nicht gelungen ist, aus deiner
897 3122 1427 3286 Remeraitge
1694 3251 3179 3473 Frau auch deine Kameradin zu ma-
1021 3249 1381 3389 mache.
513 3364 1645 3574 Könne. Da hat meine Verstellung
1702 3463 1956 3644 chen?
1563 3581 3232 3816 Alb: Nicht gelungen?!... Ich würde
