3464 4216
2554 520 2734 656 210
483 636 1203 921 Vor, Cuchumy
1265 750 2926 943 habe meine Existenz noch nicht abge-
385 930 1171 1089 Marlin nicht zu meisten
1274 891 2899 1103 schlossen - ich würde wieder einen
330 1016 1110 1219 weiter jetzt!... die
1267 1069 2894 1246 neuen Lebensinhalt finden und käme
342 1148 1137 1372 seiten sich zu mehr abget
1290 1208 3031 1431 auch wieder zur innern Ruhe. - Jeden
314 1313 1080 1506 lessin. Je m'en a
378 1392 1060 1611 Berlin. et.1
1290 1365 3031 1570 Aber jeder Zustand ist mir lieber als
463 1488 1210 1698 hear sah veel met i
1310 1566 3056 1736 der jetzige, der für mich voll Unruhe
463 1652 768 1780 d'être.
1370 1673 3085 1871 ja ich kann sagen voll Leiden ist...
485 1705 1078 1900 de chute!
362 1818 1101 2044 schon ich nicht
1326 1834 3047 2037 jede Art von Existenz lieber als die,
504 2049 816 2135 men.
1335 2017 2791 2226 die ich jetzt führe und bei der
385 2035 1231 2304 Weil im wiedestalt.
1326 2160 2983 2361 sehliesslich nichts herauskommt als
399 2233 948 2422 si congroneille.
1342 2322 3133 2507 dass ich ein XXXI Wesen, das mir teuer
1342 2450 3142 2671 ist, trotz der besten Vorsätze am ende
1356 2657 2643 2855 doch kompremittieren würde.
1283 2746 3117 3001 Ach Gott - darauf läuft es hinaus? Wenn
1092 2883 1196 3010 A:
1376 2946 3013 3181 das Cäcilie und mich nicht geniert,
1395 3110 3092 3370 darf es Ihnen wel gleichgiltig sein!
1383 3238 3213 3491 Das wissen sie wol, dass ich nichts auf
1404 3377 3195 3637 das gebe, was die Leute schwätzen, und
1420 3525 3172 3787 dass es mir sehr egal ist, ob Cäcilie
