3352 4104
2169 456 2766 682 mir auch ob¬
1149 526 1574 707 dinait
1199 640 2950 863 Cäe: Neulich, als ich dabei war, ist
1386 740 2970 1022 s noch recht mässig gegangen. Ich
1357 948 2912 1158 finde auch, sie lassen dich nicht
787 928 1038 1091 Kurser
1351 1082 2912 1304 recht heraus. Du hättest doch das
1413 1266 2809 1496 Finale abselut zu beherrsehen
1369 1420 2950 1662 deine Stimme müsste über allen an¬
1342 1586 2959 1811 dern schweben - hoch über allen an¬
1436 1749 2909 1948 dern; sie darf nicht im Schwarm
1447 1932 1984 2127 mitfliegen.
1225 1979 3026 2252 Cäe: Nicht wahr? Das sag' ich ja auch
2480 2122 2804 2227 and Mr
1532 2196 1780 2292 Amin
1357 2169 2976 2391 Möchtest du nicht morgen Vormittag
1418 2379 2330 2592 ins Theater kommen?
1290 2509 2956 2713 Amad: Ja. Gewiss - ich hatte segar
1442 2659 2959 2876 die Absicht.Allerdings... der Di-
1454 2789 3057 3037 rekter hat’s nicht sehr gern, wenn
1454 2976 2887 3211 ich bei den Preben bin, die er
1465 3189 1827 3363 leitet.
1335 3276 2950 3504 Cäe: Das ist ja gleichgiltig. Ich
1483 3421 3126 3656 hab’s gern, wenn du drin bist. Ich
1532 3627 3017 3851 fühl' mich ganz anders, wenn du
