3512 4152
2615 556 2792 652 144
1311 701 3087 881 Kunst, der, aeh! noch so viele Geheim-
1282 854 3058 1011 nisse für mich boirgt.“... Ein Hain?...
1050 1006 3028 1181 Amad: Schrieb ich dir's denn nicht? - Sie
1294 1188 2797 1321 bat mich, ihre Stimme zu prüfen.
1156 1309 3085 1508 Cäe: "Nicht wahr, Sie werden mein Führer
1252 1510 3097 1665 und Leiter sein? Denn ich brauche einen
1311 1648 3055 1845 Freund...“ Oh, das giebt's nicht! Die
1311 1798 3092 2000 Freundschaft hüt' ich so eifersüchtig,
1319 1924 3112 2133 wie früher einmal die Liebe.) "Niemand
1287 2101 3119 2295 in meinem Hause versteht mich, niemand
1323 2280 3036 2492 im Hause kümmert sich um das keusche
1346 2418 3048 2610 Feuer....“ Das keusche Feuer... Wie
1405 2556 3223 2760 frivel das kleine - - Mädchen schreibt!
1410 2708 3149 2910 ... das im Herzen eines jungen Wesens
1378 2910 2957 3063 ledert. - Gestern sah ich Sie den
1383 3004 3159 3242 Tristan dirigieren. Welche Anmut! wel-
1397 3200 3210 3405 che Glut!... Ich weiss es, dass Sie an
1370 3365 3011 3567 ders sind als die Andern....“ Weher
1427 3503 2982 3779 weiss sie, wie die Andern sind?..
