3416 4088
2193 368 2904 578 Auf let Stufe 43
1483 516 2926 730 de. Wie glücklich meine Ehe ist
2185 574 3102 778 cir zoffentlich lieue...di¬
1465 680 3054 889 kann niemand ahnen - am wenigsten
1477 825 3058 1037 meine Frau, weil sie ja keine Ahn-
1491 1013 3086 1233 nung hat, was sie mir alles bedeu-
1499 1155 2980 1343 tet. Sie ist, Gott sei Dank, so
1515 1305 3124 1491 völlig von aller individualität ver
1501 1449 3106 1651 lassen, dass sie mit der Anmut ih-
1515 1625 2950 1841 res Schweigens, mit ihrer ewig
1531 1793 2954 1987 gleichen Bewunderung und ihrer
1563 1917 3048 2121 Herzensgüte ahnungslos für alle
1533 2087 3060 2313 meine Ausflüge ins Phantastische
1589 2229 3180 2444 aufkommt... Sie wurde es natürlich
1549 2404 3114 2632 nicht begreifen, dass in einem ge-
1563 2572 3156 2812 wissen höhern Sinn nicht sie, sen-
1571 2700 3134 2954 dern die egyptische Kleepatra die
1567 2890 3176 3078 Mutter unseres Max ist,- und weiss
1595 3008 3100 3246 auch nicht, dass eine geheimnis-
1595 3180 3070 3418 volle Fürstin, mit der ich seit
1607 3338 3172 3554 drei Jahren korrespondiere, - der
1609 3498 3218 3678 Briefwechsel wird nach meinem Tode
