3368 4040
1373 545 2309 725 Amadeus und Friederik
2517 708 3046 854 Es scheint
1057 689 2273 883 Amad: Ein angenehmes Wett
1275 830 2904 1031 also nicht Abertus gewesen zu sein.
1321 981 2938 1203 Nr setzt sich an den Schreibtisch,
1261 1136 3070 1359 schaltet die Schreibtischlampe ein. Er
1258 1376 3022 1543 nimmt die Briefe, die früher gekommen
1280 1498 2988 1658 sind. Während er einen liest, erhebt
1275 1689 2885 1818 sich Friederike, so dass eben ihre
1273 1849 3024 1976 Kopf über dem Schreibtisch erscheint.
1280 2005 3034 2230 Amad.legt den Brief weg, sieht Fried.
1297 2160 2981 2304 und springt auf: Wer ist denn da?-
1419 2292 3053 2450 . Friederike?.... Was soll denn das
1313 2424 2976 2613 bedeuten? - Du weisst, dass ich der¬
1309 2656 2309 2768 artige Scherze hasse.
1144 2766 3072 3010 Fried: Ich wollte dich heute noch einmal
723 2909 1278 3156 mit Blumen
1325 2971 2017 3098 sehen, Amadeus.
1146 3096 3060 3275 Amad: Es giebt doch eine andere Art, in
1299 3201 3125 3419 die Erscheinung zu treten! Wir sind ja
502 3204 1227 3443 Auf seine Christe
653 3395 1182 3582 in Augen —
1345 3412 2445 3661 nicht mehr auf dem Land
