3448 4088
2671 323 2795 490 81
1158 497 2901 695 ten, wird nun auch Gegenstand unserer
1156 664 2887 849 Unterhaltungen sein müssen. - Gewiss,
1158 822 2951 996 Cäcilie! Das ist die natürliche Veri-
1183 964 3000 1158 aussetzung unserer weitern Beziehungen:
1183 1163 2953 1294 Wahrheit wie bisher. Man wird mit ein-
1185 1296 2923 1481 ander über alles reden, wird einander
1196 1483 2817 1623 um Rat fragen, man wird mit seinem
1201 1605 2811 1786 Schmerz zu einander kommen, - denn
1206 1768 2781 1966 Schmerzen, kleine und jämmerliche
1210 1932 2820 2097 wird es geben weil jedes Ende mit
1217 2088 2797 2260 Schmerzen verbunden ist. Wird man
1226 2233 3000 2386 nicht auch traurig, wenn man eine Ker¬
1237 2388 3021 2567 ze herunterb rennen sieht?..) Ich werde
1255 2528 3009 2720 dir alles sagen, Cäcilie, wie bisher,-
1255 2684 3048 2890 noch unbefangener als bisher. Und auch
1264 2853 2935 3048 du wirst mir alles sagen, als gutem
1262 2993 2966 3188 Kameraden, dem du gewiss teurer bist
1271 3145 2946 3377 als du irgend einem andern Menschen
1296 3325 2973 3515 jemals werden kannst. Du wirst dich
1298 3458 2969 3671 ich will nicht gerade sagen: an mei-
