3432 4200
2504 356 2678 579 201
1017 615 3008 872 S: setzt sich auf den Divan: Also ganz
1264 794 2914 996 kurz... diese Situation unter Men-
766 950 1240 1150 ufkommen zu zum
1313 952 2971 1178 sehen, wie wir es sind, in Betracht
589 1098 1225 1253 milifelof tilée.
1323 1113 3031 1323 der Beziehungen, die früher zwischen
615 1207 1168 1394 einhalten freunde.
1329 1238 3013 1479 uns bestanden haben, ist, meiner An-
563 1406 1002 1596 1 Jahre mie
1344 1412 3044 1609 sicht nach, eine unhaltbare. Und ich
465 1495 1266 1728 Mablot hauss.
1342 1640 2995 1788 komme, Ihnen einen Verschlag unter-
496 1682 1124 1876 Man toll iou
1352 1718 3150 1941 breiten, wie diese Situation zu regeln
524 1770 1292 1996 nur nicht auch recht
1352 1913 3085 2099 wäre, ohne dasss irgend einer der Be-
566 1970 1072 2159 Cultivateur
1360 2055 3101 2265 teiligten zu Schaden kommt,- ja sogar
664 2136 963 2304 Och
1355 2193 3093 2398 zum Verteil aller Beteiligten. Insbe-
1365 2333 3109 2605 sondere - wie ich ganz ehrlich hinzu-
1370 2507 2473 2738 fügen muss - zu meinem.
1103 2639 3189 2945 A: Ich höre, - finde aber bisher nicht, dass
1394 2873 2076 3085 Sie kurz sind.
1126 2974 3072 3215 S: Also das nehm' ich zurück. Jetzt, wie
1417 3137 3265 3348 ich Ihnen da gegenübersitze - in diesem
1417 3280 3132 3545 Raum, der se schöne Erinnerungen für
1422 3477 3236 3708 mich umschliesst - überfällt mich eine
1448 3638 2572 3916 gewisse Befangenheit.
