3320 4040
1885 425 2466 649 von meiner Fr
1450 373 1567 701 11
1334 496 1426 685 eh
1230 630 2427 823 gestern vor der Verstellung
1319 796 2711 1007 Lassen Sie sich nicht stören.
955 848 1248 985 Maria:
964 942 2647 1141 Amad: Das wird sie mir ja in einer
1200 1148 2895 1316 Stunde alles selbst erzählen, was in
1206 1258 2892 1441 dem Brief steht. :Er legt ihn bei-
1203 1411 2895 1616 seite! Die Schrift sollt' ich ken-
1190 1558 2827 1775 nen... :Reisst den zweiten Brief
1203 1723 2892 1931 auf; zuckt zusammen, knittert ihn zu-
505 1802 1053 1998 Aber wir mit
1190 1897 2922 2114 sammen und wirft ihn zu Beden:
407 1949 964 2090 une rivi :.
386 2032 970 2191 Mes unecht de
459 2032 2925 2304 Volkke f - et.. schuldigen Sie. - (Weven sprachen wir
1665 2185 2990 2353 Sie habe keine Chine mehr kath ergilt!
1200 2228 1671 2402 nur?...
1707 2298 3167 2424 Von uns viel Genossenheit: dienheit von magst
973 2362 3109 2543 Maria:  Ach, Sie haben auf meine Wehltätig- ƒ
1175 2485 2922 2690 keitsbestrebungen angespielt. Aber da
1227 2656 2904 2867 wollt' ich Ihnen doch noch etwas ge-
1239 2846 2959 3036 stehen. - Dieses Kenzert im Juni, bei
2267 2974 2974 3185 - das war nicht
1230 2968 2222 3204 dem Cäcilie mitwirkte.
1236 3152 2283 3378 für die Velksklichen.
1007 3317 1738 3513 Amad: Sondern?
1019 3415 2953 3638 Maria: Es war zu Gunsten von politischen
