3368 4072
959 448 2785 674 Fried: O nein! Aber es hat doch anders
1142 669 2959 878 geklungen, wenn wir zusammen unter den
1127 840 2982 1034 Bäumen am Ufer gelegen sind - oder uns
1130 959 2753 1157 nachts im Kahn auf den See hinaus-
1150 1135 2939 1339 treiben liessen.... hier giebt es kei-
1142 1271 2343 1457 ne Seen und keine Wälder.
959 1409 2861 1623 Amad: Ich vermag nichts gegen den Zwang
1145 1593 2468 1809 geographischer Verhältnisse.
969 1761 2954 1963 Fried: Was soll der matte Scherz?... Seit
1140 1907 2879 2109 wir Alle wieder in Wien sind, ist es
1145 2053 2733 2262 mit unserer beider Glück zu Ende.
969 2204 2989 2370 Amad: Du bist ein Kind. Yr haben auch hier
1157 2355 2456 2582 noch schöne Stunden erlebt.
984 2526 2931 2718 Fried: Jeden Tag muss man dich von neuem
1183 2677 1565 2901 erebern!
989 2841 2891 3012 Amad: Es wird dir meistens nicht sehwer
994 3004 2944 3178 Fried: Ich will aber nicht immer um dich
1175 3158 1907 3339 zittern müssen.
1001 3309 1620 3503 Amad: Wevert
1001 3472 2665 3636 Fried: Vor allem! - Du weisst es w
1183 3611 2941 3747 sie laufen dir ja alle nach. Seit sie
