3448 4088
2651 360 2836 575 163
1130 575 1763 737 Cäc: Gewiss.
1078 740 2979 930 Amad: Ich meine,... werden wir auch die
1290 866 2987 1083 paar Abende, an denen keiner von uns
1287 1004 3075 1231 in der Oper zu tun hat, und die früher
1292 1194 2945 1384 immer so schön waren,.. werden wir
1297 1344 2720 1514 die auch für uns allein haben?
1127 1512 2960 1657 Cäc: Amadeus, eu weisst: die Kunst vor
1258 1675 3058 1818 allem. - Wenn ich das fragte, hätte es
1317 1805 2777 1985 noch eine gewisse Berechtigung.
1179 1963 3125 2138 Amad: Wiese?.. Ach se! - Du irrst aich,
1342 2123 2607 2328 Cäcilie. Das war damals....
1157 2264 3026 2469 Cäc: Oh, zu entschuldigen hat sich nie-
1342 2481 2550 2683 mand - weder du noch ich.
1115 2555 3068 2807 Amad: Gewiss nicht. Aber ich muss es dir
1369 2742 2908 2996 doch sagen. - An diesem einzigen
1384 2903 3036 3130 Abend, kurz ver deiner Abreise, als
1406 3070 3169 3273 du se lange auf mich gewartet hast,...
1223 3181 3214 3453 Cäc: Weil wir die Arie aus "Onegin" durch
1416 3369 2757 3616 nehmen wollten /ich mit dir/
1282 3438 3236 3709 Amaa: Ja. Damals bin ich allein im Frlen
