3480 4152
2706 337 2886 453 149
1237 450 3038 731 ehene Kontrolle eines Verliebten, doch
1240 674 2721 883 als eine Art Fessel erscheinen.
1122 829 2927 1048 Cäc: Fessel! - Die giebt’s nicht mehr
1269 982 2962 1193 für mich. Was könnte mir Fesseln an¬
1284 1075 3065 1346 legen? Wenn bin ich Rechenschaft schul¬
1306 1257 3107 1513 dig? Wer darf von mir Rechenschaft ver¬
1316 1444 2989 1673 langen? - Und wie kann er denn über
1333 1574 3136 1825 haupt wissen, was in mir - was mit mir
1365 1865 1761 1998 vorgeht?
1173 1862 3087 2165 Amad : Du wärst also imstande, ihn - ent-
1397 2084 2691 2310 schuldige - zu hintergehen?
2160 2118 2903 2303 Ich werde das schon sagen..
1260 2180 3242 2502 Cäc: Warum nicht? Was halte ich nicht für
1417 2381 3036 2620 möglich? - Mein lieber Freund, was
841 2440 1041 2576 An
1439 2517 3102 2760 können ein paar Monate der Freiheit
1459 2689 3107 2950 aus einer Frau machen! Wie verheis-
1432 2812 3252 3082 sungsvell liegt die Welt jetzt vor mir!
1491 2979 3255 3237 Was erwartet mich noch! was kann noch
1501 3124 3255 3422 aus mir werden! — Das Leben ist ja se
1587 3289 3343 3555 vell Mannigfaltigkeiten, wenn man nie-
