3352 4072
2284 475 2458 599 239
978 609 2134 803 Stubenmädchen tritt ein.
988 754 2505 953 St: Seine Durchlaucht der Fürst
995 925 2928 1119 C: zu Alb: Der lässt sich wenigstens
1182 1099 2963 1296 anmelden - er hat bessere Manieren als
1124 1291 1346 1415 Sie.
950 1540 2746 1736 Sigismund: tritt ein. Verbeugt sich:
1099 1741 2836 1895 Guten Tag. - Guten Tag, gnädige Frau.
1184 1900 2856 2015 Sie haben zu mir geschickt, lieber
1154 2037 3000 2187 Kapellmeister. Haben Sie mir vielleicht
1169 2149 2940 2368 etwas Neues zu sagen? Ich war begreif-
1169 2361 2950 2527 licherweise gespannt und habe es vorg.
1182 2505 2637 2689 zogen, gleich selbst zu kommen.
1037 2637 3035 2818 Amad: Ein Misverständnis.... Ich hatte zu
1187 2828 2943 3010 Ihnen gesandt, ehe Sie bei mir waren.
1045 2985 1878 3169 Sig: Heute Früh?
1017 3114 2980 3306 C: Er wollte sich mit Ihnen schlagen, Si-
1211 3338 1614 3507 gismund.
1067 3385 2978 3681 Sig: Oh!...  Reicht ihm plötzlich die
1209 3562 3112 3783 Hand: Das ist schön. Das versöhnt mich
