3400 4088
2605 351 2714 525 41
1443 517 3102 726 gewiss mehr verbreitet ist: Tagsühr
1421 680 3074 874 eigene Wege sehen und nichts gemein¬
1463 857 2588 1044 sam haben als die Nacht.
1321 955 3074 1190 Alb: Lieber Freund, ohne untersuchen
272 1127 1103 1410 durch sehr entstorbenen
1467 1151 2969 1321 zu wellen, auf wen du anspielst.)
255 1225 1142 1509 Hkl am neuern sehen!..
1482 1319 3080 1487 ermahne ich dich, keine Prinzipien
303 1332 1286 1694 a ce fe Lix a lt ustionte
277 1406 933 1585 lieu ist so graut
1476 1450 3039 1650 aufzustellen. Alles auf erden ist
1474 1613 3104 1829 Einzelfall. Für Andere wäre die Art
565 1644 1175 1831 dischaft dich...
1489 1770 3052 1938 von Existenz, in die du dYon end-
1537 1931 3028 2139 lich - ich hab' es lange kommen
1482 2117 2873 2300 sehen - mit fliegenden Fahnen
1448 2261 3109 2407 Einzug hältst.... für mich zum Bei
2067 2357 2780 2476 Mogleit. für dit deme
1517 2422 3107 2594 spiel wäre sie der Ruin. Ich weiss
1526 2570 3078 2742 es, denn ich habe das alles mitge¬
695 2690 1424 2875 „Uur aufgehil amplit
1513 2712 3039 2904 macht. Was für einen Aufwand von
767 2812 1415 3041 daf es überstelles t
1480 2875 3078 3065 Abenteuern hab' ich einmal treiben
1530 3002 3019 3237 miissen, um etwas zu erleben!...
1537 3150 3024 3390 Wie hab' ich die besten Stunden
1506 3353 3074 3556 vergeudet, um Dinge zu ende zu er-
1559 3521 3148 3728 leben, mit denen ich im Geist auch
