3464 4104
2906 322 3036 458 76
1106 454 3041 720 Amad: Veändert...! - Man kann doch nicht
1313 600 3002 862 von einer Veränderung reden, wenn es
1301 766 3113 1010 s. allmälig kommt. Durch das, was sich
1325 914 3084 1166 verändert hat, kann doch das Wesentli-
1322 1078 3070 1327 che unserer Beziehungen nicht berührt
1325 1253 3118 1510 werden. Das haben wir doch immer Beide
1342 1498 1738 1634 gewusst.
1382 1536 3137 1781 Ja. Aber wir wollen doch nicht pedan-
1116 1656 1303 1798 Cäe:
1354 1716 3161 1932 tisch sein. Vielleicht merkst au jetzt,
1366 1850 3161 2122 dass du dich geirrt hast und hältst es
1370 2088 2374 2278 desh für besser.
1440 2167 3101 2407 :unterbricht sie: Ich für meinen
1147 2287 1406 2407 Amad:
1387 2297 3096 2561 Teil kann ohne dich nicht leben! (Das
1392 2448 3113 2734 kann doch auch einmal einen keuschen
1399 2628 3115 2878 Sinn haben. Ich kann ohne dich nicht
1414 2779 3185 3038 leben! Das hab ich dir hundertmal ge-
1438 3026 2942 3228 sagt.... Und du nicht ohne mich.
1486 3180 2443 3358 Es wird wol so sein.
1212 3226 1416 3379 Cäe:
1488 3276 3233 3540 Wir werden Kameraden sein wie bisher,
1178 3418 1435 3535 Amad:
1469 3449 3257 3684 Cäcilie... bessere wahrscheinlich, als
