3464 4136
2737 451 2874 601 129
1190 568 2924 856 kurz: ich würde dich konsequenter ge-
1207 797 1617 999 stalten.
990 929 2696 1140 Amad: Als Gott mich geschaffen hat.
1043 1034 3024 1295 Aib: Die Konkurrenz ist noch auszuhalten.
1043 1195 2977 1447 Amad: Also ich würde mich am Ende töten?
1058 1368 2898 1597 Alb: Du kannst auch umgebracht werden.
1254 1559 2851 1746 Delche sind genug bereit. Iseldens
1245 1673 3018 1916 Mann - oder auch der Liebhaber – oder
1269 1878 2077 2092 auch ein Anderer.
1096 2013 3030 2224 Amad: Nun, mach' es, wie du willst, aber
1462 2148 2367 2303 die Auf x u verlehnen
621 2133 2980 2417 vergiss nur nicht, dich selbst hin-
645 2356 1289 2526 Kneubf Puss from
1371 2397 1992 2543 einzubringen.
668 2476 1225 2634 trüsst... in Carl.
1377 2467 3030 2693 Selbstverständlich! Wie dürfte ich
732 2564 1327 2769 Innswint, Alb:
1283 2640 2989 2880 fehlen? - Der Hanswurst ist tot, es
334 2740 1207 2927 die alle besse zu verfah¬
1336 2833 2151 3047 lebe der Dichter!
355 2898 1072 3074 sault et de voulre.
352 2997 1257 3226 is noch der Überlegenheit.
346 3068 1896 3346 den Uhrbesrohen, da heiß hat selbst bleibet.
428 3346 1415 3551 An Comtts!... Amts.
