3464 4184
2578 549 2774 694 190
1202 792 2894 944 seine Frau sehr dagegen wäre, dass
1023 934 2788 1099 Amad: Einer von uns fiele. - Ja. Ein
1219 1091 2941 1273 Grund mehr zu diesem Zweikampf. Denn
1212 1263 2884 1410 ich liebe Cäcilie. Nie hab' ich sie
1229 1391 2968 1572 so geliebt. Jetzt erst lieb' ich sie.
1243 1579 2104 1727 Verstehst du mich?
1278 1749 2852 1871 Nun also, ich gehe, da du es win-
1010 1771 1197 1891 Alb:
368 1758 839 1935 All (s ist man
1241 1852 2977 2023 scheat. Und ich nehme mir diesen Rus-
405 1891 1052 2053 Beruf alden zu verkehnen
1246 2031 3019 2161 sen mit.- Aber wie ist das eigentlich:
439 2038 983 2232 An als willfere
419 2158 1099 2330 Une as zweite zeigen,
1256 2188 2901 2335 können wir denn, der Russe und ich,
390 2273 1082 2460 All him in
1258 2327 2872 2470 als Sekundanten in einer Sache....
464 2403 785 2529 an Riffer
459 2421 1165 2634 An. Aber. ich es ein toch
1356 2484 3053 2663 Du kannst ihn ja, wenn’s ernst wird,
459 2553 1275 2747 all Rifh i an Kifur Amad:
1256 2641 2977 2806 gegen einen Andern auswechseln. Aber
640 2710 812 2847 Md
1275 2793 3080 2970 da es eilt, begnüge dich vorläufig mit
282 2941 996 3151 Mar welche die mit das
1273 2980 1486 3161 ihm.
282 3102 733 3281 Ritterrecht.
1042 3083 2965 3267 Alb: Höre... Und gefruhstüekt hab' ich
341 3215 741 3397 Klecht.
1280 3272 2038 3448 auch noch nicht!
265 3355 738 3551 Ich noch ihren
1050 3411 3019 3586 Amad: Ich auch nicht. Da steht noch mein
434 3456 731 3652 Yours Esq
284 3522 427 3654 it
1334 3588 3129 3750 Tee. Darf ich X###K dieh einladen? Aber
