3528 4168
2924 447 3093 606 141
1312 626 2919 838 Anlass zu scherzen. Amadeus, ich
1356 778 3073 935 bitte dich! Gieb doch Acht! Ich gönn
1322 969 3059 1143 dir alles auf der Welt, du weisst es,
1380 1109 3035 1273 aber nur nicht den Tod für eine An¬
1334 1278 2655 1469 dere. Das wär' doch zu viel.
1198 1411 3081 1650 Amad: Nun, beruhig, dich: die Sache ist
1336 1629 1735 1824 zu Ende.
1162 1766 1976 1960 Cäe: Zu Ende?
1174 1984 1665 2136 Amad: Ja.
1182 2063 3025 2308 Cac: Aber es scheint noch, dass man da
1375 2199 3115 2448 noch ein Jahr länger zu fürchten hat,
1624 2221 1841 2334 nechs.
657 2250 1126 2501 Hof in Brief.
1208 2390 3090 2585 Amad: Sie hat keine Briefe von mir,- es
558 2436 1090 2672 Abschiedbrief
1401 2515 3206 2745 ist also, wie wenn es nie gewesen wäre
449 2639 913 2832 Verlang ihn zu
1496 2680 3187 2953 Ob sie nicht jetzt hier ihre Entlas-
1029 2675 1116 2774 .
464 2742 952 2984 nommé dernier
1237 2767 1443 2941 Cäc:
1426 2810 3151 3078 sung wird nehmen müssen, nach diesem
1445 3088 1846 3243 Skandal?
1269 3141 3214 3429 Amad: O nein. Seit ihrer Iselde verzeiht
1462 3380 2247 3542 man ihr Manches.
1343 3571 3221 3748 Cäc: Se. - Und-das hast eigentlich wie-
