3448 4200
2872 454 3053 611 204
1072 651 3007 882 A: Sie dürften unterrichtet sein, lieber
1312 837 2889 1060 Sigismund, dass Sie mir jederzeit
1317 998 2514 1231 willkommen gewesen wären.
1257 1082 2993 1351 mit einer leise abwehrenden Handbweg
1058 1233 1161 1382 8:
1334 1349 3043 1517 ung: Ja, lieber Kapellmeister, dar
1344 1459 3058 1649 in haben wir eben verschiedene Auf-
1358 1618 3149 1834 fassungen. Auch heute hat es mich eine
1363 1704 3122 1985 gewisse Ueberwindung gekostet, meinen
1375 1899 3024 2123 Fuss über diese Schwelle zu setzen.
1385 2077 3084 2272 Aber es war notwendig, denn (ich muss
1387 2211 3115 2476 Sie endlich spreehen, weil dieser Zu-
1409 2363 3144 2642 stend unmögli h länger andauern darf,
1416 2553 3173 2747 und weil ich Ihnen einen Verschlag zu
1433 2683 3062 2894 unterbreiten habe, durch dessen An-
1440 2839 3195 3070 nahme Ihrerseits) aus einer vollkommen
1464 3005 3139 3219 absurden und meiner Ansicht nach we-
1466 3106 3235 3365 nigstens unmeralischen Situation ehne-
1488 3269 3183 3519 weiters ein gesunder und anständiger
1512 3497 3243 3774 Zustand zu schaffen wäre, und der es
