<?xml version="1.0" encoding="UTF-8" standalone="yes"?>
<PcGts xmlns="http://schema.primaresearch.org/PAGE/gts/pagecontent/2013-07-15" xmlns:xsi="http://www.w3.org/2001/XMLSchema-instance" xsi:schemaLocation="http://schema.primaresearch.org/PAGE/gts/pagecontent/2013-07-15 http://schema.primaresearch.org/PAGE/gts/pagecontent/2013-07-15/pagecontent.xsd">
    <Metadata>
        <Creator>prov=READ-COOP:name=TrHtr:version=2.1.0:model_id=51170:date=25_07_2023_02:33</Creator>
        <Created>2023-05-10T13:05:05.591+02:00</Created>
        <LastChange>2023-07-25T02:33:15.863+02:00</LastChange>
        <TranskribusMetadata docId="1428561" pageId="55408434" pageNr="185" tsid="130581031" status="IN_PROGRESS" userId="64420" imgUrl="https://files.transkribus.eu/Get?id=LPPMNXGRGQKJXYGZJOMLMOPI&amp;fileType=view" xmlUrl="https://files.transkribus.eu/Get?id=QIUQUPTKNWBPHPKPMGJMBGFT" imageId="44682580"/>
    </Metadata>
    <Page imageFilename="1428561_0185.jpg" imageWidth="3416" imageHeight="4152">
        <ReadingOrder>
            <OrderedGroup id="ro_1711794672632" caption="Regions reading order">
                <RegionRefIndexed index="0" regionRef="tr_1"/>
                <RegionRefIndexed index="1" regionRef="tr_2"/>
            </OrderedGroup>
        </ReadingOrder>
        <TextRegion id="tr_1" custom="readingOrder {index:0;}">
            <Coords points="1029,481 2913,481 2913,2230 1029,2230"/>
            <TextLine id="tr_1_tl_1" custom="readingOrder {index:0;}">
                <Coords points="2569,556 2603,561 2608,568 2620,563 2642,575 2659,566 2689,568 2708,561 2716,566 2735,556 2750,558 2755,468 2718,470 2676,453 2623,482 2608,473 2574,475"/>
                <Baseline points="2581,540 2623,543 2668,537 2713,534 2758,531"/>
                <TextEquiv>
                    <Unicode>197</Unicode>
                </TextEquiv>
            </TextLine>
            <TextLine id="tr_1_tl_2" custom="readingOrder {index:1;}">
                <Coords points="1246,833 1303,857 1410,828 1437,840 1555,825 1577,835 1643,818 1648,698 1621,691 1545,725 1484,686 1391,727 1371,713 1251,705"/>
                <Baseline points="1259,823 1292,817 1337,817 1382,817 1426,814 1471,811 1516,811 1561,811 1605,808 1650,811"/>
                <TextEquiv>
                    <Unicode>an. Nun!</Unicode>
                </TextEquiv>
            </TextLine>
            <TextLine id="tr_1_tl_3" custom="readingOrder {index:2;}">
                <Coords points="1016,1002 1286,1016 1330,992 1425,1014 1555,977 1668,1031 1675,864 1631,847 1557,889 1428,847 1190,921 1021,896"/>
                <Baseline points="1029,985 1050,985 1095,985 1140,985 1185,985 1229,985 1274,985 1319,982 1364,979 1408,973 1453,970 1498,967 1543,967 1587,967 1632,964 1677,964"/>
                <TextEquiv>
                    <Unicode>Ant: 1: pfeift:</Unicode>
                </TextEquiv>
            </TextLine>
            <TextLine id="tr_1_tl_4" custom="readingOrder {index:3;}">
                <Coords points="1019,1153 1099,1183 1349,1131 1675,1171 1790,1119 2003,1117 2228,1148 2294,1124 2299,1002 1614,1070 1462,1009 1024,1055"/>
                <Baseline points="1032,1140 1050,1140 1095,1140 1140,1137 1185,1137 1229,1134 1274,1134 1319,1131 1364,1128 1408,1128 1453,1125 1498,1122 1543,1122 1587,1119 1632,1119 1677,1119 1722,1116 1767,1113 1811,1113 1856,1110 1901,1110 1946,1107 1990,1107 2035,1107 2080,1104 2125,1101 2170,1098 2214,1092 2259,1092 2304,1092"/>
                <TextEquiv>
                    <Unicode>Amad: Aber mit der Stimme!</Unicode>
                </TextEquiv>
            </TextLine>
            <TextLine id="tr_1_tl_5" custom="readingOrder {index:4;}">
                <Coords points="1019,1315 2561,1290 2833,1251 2841,1112 1024,1202"/>
                <Baseline points="1032,1292 1050,1295 1095,1292 1140,1289 1185,1292 1229,1289 1274,1286 1319,1286 1364,1283 1408,1280 1453,1277 1498,1277 1543,1274 1587,1274 1632,1274 1677,1271 1722,1271 1767,1271 1811,1268 1856,1265 1901,1262 1946,1259 1990,1259 2035,1259 2080,1259 2125,1256 2170,1253 2214,1250 2259,1250 2304,1250 2349,1247 2393,1247 2438,1244 2483,1241 2528,1238 2572,1238 2617,1235 2662,1232 2707,1229 2752,1229 2796,1226 2841,1226"/>
                <TextEquiv>
                    <Unicode>Ant: Natürlich. Ich bin so zerstreut!</Unicode>
                </TextEquiv>
            </TextLine>
            <TextLine id="tr_1_tl_6" custom="readingOrder {index:5;}">
                <Coords points="1065,1459 2130,1433 2135,1330 1912,1310 1751,1369 1697,1327 1501,1349 1374,1322 1215,1388 1070,1366"/>
                <Baseline points="1080,1447 1110,1447 1155,1444 1199,1441 1244,1441 1289,1441 1334,1441 1379,1438 1423,1435 1468,1435 1513,1435 1558,1432 1602,1429 1647,1429 1692,1426 1737,1423 1781,1423 1826,1420 1871,1420 1916,1417 1961,1414 2005,1414 2050,1411 2095,1411 2140,1411"/>
                <TextEquiv>
                    <Unicode>Amad: Ja, es scheint.</Unicode>
                </TextEquiv>
            </TextLine>
            <TextLine id="tr_1_tl_7" custom="readingOrder {index:6;}">
                <Coords points="1028,1631 2821,1577 2904,1562 2907,1501 2657,1401 1031,1557"/>
                <Baseline points="1044,1599 1077,1599 1122,1599 1167,1599 1211,1596 1256,1599 1301,1596 1346,1590 1390,1587 1435,1584 1480,1584 1525,1581 1570,1581 1614,1581 1659,1581 1704,1579 1749,1579 1793,1579 1838,1576 1883,1573 1928,1573 1973,1570 2017,1567 2062,1567 2107,1564 2152,1564 2196,1561 2241,1561 2286,1558 2331,1558 2375,1558 2420,1555 2465,1555 2510,1552 2555,1549 2599,1546 2644,1546 2689,1546 2734,1540 2778,1540 2823,1543 2868,1546 2913,1549"/>
                <TextEquiv>
                    <Unicode>Ant: Finden Sie das auch? - Also bitte,</Unicode>
                </TextEquiv>
            </TextLine>
            <TextLine id="tr_1_tl_8" custom="readingOrder {index:7;}">
                <Coords points="1259,1763 1535,1768 1579,1746 1704,1770 1822,1736 1893,1761 1898,1643 1819,1631 1778,1655 1695,1619 1530,1677 1491,1643 1428,1665 1393,1638 1347,1668 1315,1648 1264,1663"/>
                <Baseline points="1274,1746 1319,1746 1364,1740 1408,1740 1453,1740 1498,1737 1543,1737 1587,1734 1632,1734 1677,1734 1722,1731 1767,1728 1811,1728 1856,1725 1901,1725"/>
                <TextEquiv>
                    <Unicode>nock einmal.</Unicode>
                </TextEquiv>
            </TextLine>
            <TextLine id="tr_1_tl_9" custom="readingOrder {index:8;}">
                <Coords points="1036,1952 1117,1917 1244,1942 1325,1910 1423,1957 1577,1903 1942,1908 1947,1761 1592,1812 1543,1778 1479,1810 1408,1790 1362,1824 1148,1849 1090,1812 1041,1824"/>
                <Baseline points="1050,1916 1053,1916 1098,1910 1143,1907 1187,1904 1232,1904 1277,1904 1322,1904 1367,1901 1411,1898 1456,1895 1501,1895 1546,1892 1590,1892 1635,1892 1680,1889 1725,1889 1770,1886 1814,1883 1859,1883 1904,1880 1949,1880"/>
                <TextEquiv>
                    <Unicode>Amad: s:chlägt an:</Unicode>
                </TextEquiv>
            </TextLine>
            <TextLine id="tr_1_tl_10" custom="readingOrder {index:9;}">
                <Coords points="1048,2074 1371,2130 1628,2059 1677,2084 1908,2042 2025,2077 2148,2042 2152,1944 1917,1903 1785,1959 1442,1939 1308,1988 1051,1988"/>
                <Baseline points="1062,2068 1080,2065 1125,2065 1170,2062 1214,2062 1259,2059 1304,2062 1349,2056 1393,2053 1438,2053 1483,2053 1528,2050 1573,2050 1617,2047 1662,2044 1707,2044 1752,2041 1796,2041 1841,2038 1886,2035 1931,2035 1976,2035 2020,2032 2065,2032 2110,2032 2155,2032"/>
                <TextEquiv>
                    <Unicode>Ant: :singt einen Ton:</Unicode>
                </TextEquiv>
            </TextLine>
            <TextLine id="tr_1_tl_11" custom="readingOrder {index:10;}">
                <Coords points="1046,2290 1322,2209 1579,2233 1660,2201 1834,2211 1878,2197 1883,2101 1839,2111 1778,2074 1369,2128 1222,2113 1168,2152 1051,2157"/>
                <Baseline points="1062,2220 1077,2217 1122,2217 1167,2214 1211,2214 1256,2214 1301,2211 1346,2211 1390,2208 1435,2205 1480,2205 1525,2202 1570,2202 1614,2199 1659,2199 1704,2196 1749,2193 1793,2193 1838,2193 1883,2193"/>
                <TextEquiv>
                    <Unicode>Amad: Aber!’....</Unicode>
                </TextEquiv>
            </TextLine>
        </TextRegion>
        <TextRegion id="tr_2" custom="readingOrder {index:1;}">
            <Coords points="1071,2260 3080,2260 3080,3779 1071,3779"/>
            <TextLine id="tr_2_tl_1" custom="readingOrder {index:0;}">
                <Coords points="1055,2410 2858,2361 2863,2209 2703,2167 2569,2223 1533,2243 1310,2319 1060,2287"/>
                <Baseline points="1071,2378 1074,2375 1119,2372 1164,2370 1208,2370 1253,2370 1298,2367 1343,2364 1387,2361 1432,2361 1477,2358 1522,2358 1567,2355 1611,2355 1656,2352 1701,2349 1746,2349 1790,2349 1835,2346 1880,2346 1925,2343 1970,2343 2014,2340 2059,2340 2104,2337 2149,2337 2193,2334 2238,2331 2283,2331 2328,2331 2372,2328 2417,2328 2462,2328 2507,2328 2552,2322 2596,2322 2641,2319 2686,2319 2731,2316 2775,2313 2820,2313 2865,2310"/>
                <TextEquiv>
                    <Unicode>Ant: Sie habene einen andern gemeint?</Unicode>
                </TextEquiv>
            </TextLine>
            <TextLine id="tr_2_tl_2" custom="readingOrder {index:1;}">
                <Coords points="1068,2549 1927,2500 2133,2525 2243,2510 2246,2395 1905,2353 1807,2405 1601,2383 1452,2439 1384,2405 1332,2449 1070,2454"/>
                <Baseline points="1080,2528 1083,2525 1128,2525 1173,2522 1217,2522 1262,2522 1307,2519 1352,2516 1396,2516 1441,2516 1486,2513 1531,2513 1576,2510 1620,2507 1665,2507 1710,2504 1755,2501 1799,2501 1844,2501 1889,2498 1934,2498 1978,2495 2023,2492 2068,2489 2113,2489 2158,2489 2202,2486 2247,2486"/>
                <TextEquiv>
                    <Unicode>Amad: Den... den... den!</Unicode>
                </TextEquiv>
            </TextLine>
            <TextLine id="tr_2_tl_3" custom="readingOrder {index:2;}">
                <Coords points="1109,2684 2187,2706 3019,2632 3073,2620 3081,2441 2770,2515 1112,2569"/>
                <Baseline points="1122,2683 1155,2680 1199,2680 1244,2677 1289,2677 1334,2677 1379,2677 1423,2671 1468,2668 1513,2668 1558,2665 1602,2662 1647,2662 1692,2659 1737,2659 1781,2659 1826,2656 1871,2656 1916,2656 1961,2653 2005,2650 2050,2650 2095,2647 2140,2644 2184,2644 2229,2641 2274,2641 2319,2638 2364,2638 2408,2635 2453,2635 2498,2635 2543,2632 2587,2629 2632,2629 2677,2626 2722,2623 2767,2623 2811,2623 2856,2620 2901,2617 2946,2617 2990,2614 3035,2611 3080,2611"/>
                <TextEquiv>
                    <Unicode>Ant: Bitte nein, das verwirrt mich. Las-</Unicode>
                </TextEquiv>
            </TextLine>
            <TextLine id="tr_2_tl_4" custom="readingOrder {index:3;}">
                <Coords points="1300,2841 2926,2804 3022,2789 3024,2706 2258,2743 2101,2699 1709,2757 1526,2684 1305,2713"/>
                <Baseline points="1313,2826 1328,2826 1373,2826 1417,2823 1462,2823 1507,2820 1552,2820 1596,2817 1641,2817 1686,2814 1731,2811 1776,2811 1820,2811 1865,2808 1910,2808 1955,2805 1999,2802 2044,2802 2089,2799 2134,2799 2178,2799 2223,2796 2268,2796 2313,2793 2358,2793 2402,2790 2447,2787 2492,2787 2537,2787 2581,2787 2626,2784 2671,2784 2716,2781 2761,2781 2805,2778 2850,2778 2895,2778 2940,2775 2984,2772 3029,2775"/>
                <TextEquiv>
                    <Unicode>sen Sie mich lieber selbst einen Ton</Unicode>
                </TextEquiv>
            </TextLine>
            <TextLine id="tr_2_tl_5" custom="readingOrder {index:4;}">
                <Coords points="1310,3012 2566,2943 2784,2975 2789,2792 2490,2843 1905,2809 1670,2882 1521,2848 1315,2902"/>
                <Baseline points="1325,2978 1358,2978 1402,2975 1447,2975 1492,2975 1537,2975 1581,2975 1626,2972 1671,2975 1716,2975 1761,2972 1805,2969 1850,2966 1895,2966 1940,2964 1984,2964 2029,2961 2074,2961 2119,2958 2164,2958 2208,2955 2253,2955 2298,2955 2343,2949 2387,2949 2432,2946 2477,2946 2522,2943 2567,2943 2611,2943 2656,2943 2701,2940 2746,2943 2790,2943"/>
                <TextEquiv>
                    <Unicode>wählen. I: Sie singt einen Ton:</Unicode>
                </TextEquiv>
            </TextLine>
            <TextLine id="tr_2_tl_6" custom="readingOrder {index:5;}">
                <Coords points="1124,3152 1300,3203 1577,3137 2912,3122 3005,3049 2721,2948 2106,3014 1944,2965 1126,3083"/>
                <Baseline points="1137,3149 1176,3146 1220,3143 1265,3143 1310,3140 1355,3140 1399,3140 1444,3137 1489,3137 1534,3134 1579,3134 1623,3131 1668,3131 1713,3128 1758,3125 1802,3125 1847,3122 1892,3119 1937,3119 1981,3116 2026,3116 2071,3113 2116,3113 2161,3113 2205,3113 2250,3110 2295,3110 2340,3107 2384,3107 2429,3104 2474,3101 2519,3098 2564,3098 2608,3098 2653,3098 2698,3095 2743,3095 2787,3092 2832,3092 2877,3089 2922,3086 2966,3086 3011,3083"/>
                <TextEquiv>
                    <Unicode>Amad: Sie sind heute jedenfalls ein we-</Unicode>
                </TextEquiv>
            </TextLine>
            <TextLine id="tr_2_tl_7" custom="readingOrder {index:6;}">
                <Coords points="1303,3330 1455,3347 1641,3291 1800,3325 1829,3298 2130,3276 2130,3227 1998,3152 1761,3193 1638,3164 1589,3198 1467,3183 1305,3240"/>
                <Baseline points="1316,3298 1331,3298 1376,3295 1420,3298 1465,3298 1510,3292 1555,3292 1599,3289 1644,3286 1689,3286 1734,3283 1779,3283 1823,3280 1868,3277 1913,3277 1958,3274 2002,3274 2047,3274 2092,3274 2137,3277"/>
                <TextEquiv>
                    <Unicode>nig indisponiert.</Unicode>
                </TextEquiv>
            </TextLine>
            <TextLine id="tr_2_tl_8" custom="readingOrder {index:7;}">
                <Coords points="1362,3472 3046,3431 3051,3274 1939,3281 1660,3379 1366,3360"/>
                <Baseline points="1376,3450 1396,3450 1441,3447 1486,3447 1531,3447 1576,3444 1620,3441 1665,3441 1710,3438 1755,3438 1799,3435 1844,3432 1889,3432 1934,3429 1978,3429 2023,3426 2068,3426 2113,3426 2158,3423 2202,3423 2247,3423 2292,3423 2337,3420 2381,3420 2426,3417 2471,3414 2516,3417 2561,3414 2605,3411 2650,3411 2695,3411 2740,3408 2784,3405 2829,3405 2874,3402 2919,3399 2964,3399 3008,3396 3053,3396"/>
                <TextEquiv>
                    <Unicode>Ja. Ich hab' ihn eigentlich ganz an-</Unicode>
                </TextEquiv>
            </TextLine>
            <TextLine id="tr_2_tl_9" custom="readingOrder {index:8;}">
                <Coords points="1085,3507 1148,3489 1168,3502 1190,3492 1242,3497 1266,3519 1286,3516 1290,3369 1246,3384 1227,3374 1200,3389 1193,3379 1153,3396 1122,3379 1087,3394"/>
                <Baseline points="1101,3462 1116,3462 1161,3459 1205,3459 1250,3459 1295,3456"/>
                <TextEquiv>
                    <Unicode>Ant:</Unicode>
                </TextEquiv>
            </TextLine>
            <TextLine id="tr_2_tl_10" custom="readingOrder {index:9;}">
                <Coords points="1339,3617 1800,3641 2143,3587 2312,3631 2735,3565 2909,3624 3061,3609 3063,3509 2848,3418 1342,3521"/>
                <Baseline points="1352,3605 1367,3608 1411,3608 1456,3608 1501,3605 1546,3605 1590,3602 1635,3602 1680,3599 1725,3596 1770,3593 1814,3593 1859,3593 1904,3590 1949,3590 1993,3590 2038,3587 2083,3584 2128,3584 2173,3584 2217,3581 2262,3578 2307,3575 2352,3575 2396,3575 2441,3572 2486,3572 2531,3569 2575,3569 2620,3569 2665,3566 2710,3566 2755,3566 2799,3563 2844,3560 2889,3560 2934,3558 2978,3558 3023,3555 3068,3552"/>
                <TextEquiv>
                    <Unicode>ders gemeint. Ich fühle, dass ich in-</Unicode>
                </TextEquiv>
            </TextLine>
            <TextLine id="tr_2_tl_11" custom="readingOrder {index:10;}">
                <Coords points="1369,3781 2610,3727 2728,3778 3049,3727 3051,3641 2875,3666 2662,3585 1812,3661 1374,3627"/>
                <Baseline points="1382,3769 1399,3766 1444,3766 1489,3763 1534,3763 1579,3760 1623,3757 1668,3755 1713,3755 1758,3752 1802,3752 1847,3749 1892,3752 1937,3752 1981,3749 2026,3746 2071,3743 2116,3743 2161,3740 2205,3740 2250,3740 2295,3737 2340,3734 2384,3731 2429,3731 2474,3731 2519,3728 2564,3728 2608,3728 2653,3725 2698,3725 2743,3722 2787,3719 2832,3722 2877,3719 2922,3719 2966,3716 3011,3716 3056,3719"/>
                <TextEquiv>
                    <Unicode>nerlich voll Musik stecke - es wird</Unicode>
                </TextEquiv>
            </TextLine>
        </TextRegion>
    </Page>
</PcGts>
