3432 4088
2653 457 2826 610 133
1270 556 2448 741 ja noch gar nicht gesagt.
1109 731 2947 939 Amaa : Ich vergass ganz daran. : Zu Cäe:
1240 909 2979 1070 Sie (dachte, du bist sehen angekommen,
450 1028 921 1126 All Marien
1230 1018 2470 1228 und wollte dich begrüssen.
329 1144 946 1302 sap di ceci nicht
1040 1213 3023 1413 Peterl: Was hast au mir denn mitgebracht?
395 1292 689 1405 besagt.
1000 1356 2882 1524 Cäc: Nicht se neugierig sein - du wirst
1218 1529 2082 1675 sehen alles sehen.
1037 1677 2781 1828 Alb: Sie haben ja Triumphe gefeiert.
1126 1853 3036 2023 Cäc. Ja, es ist gut gegangen.- Besonders
1225 2023 2915 2176 gestern!... Du hast doch mein Tele-
1173 2181 1907 2324 gramm erhalten?
1079 2317 2865 2502 Amad: Natürlich. Ich hab' mich riesig
1267 2507 1645 2631 gefreut.
1317 2611 3018 2818 :zu Alb: Denken Sie sich: nach der
1030 2697 1233 2784 Cäc:
1230 2821 2910 2957 Vorstellung war ich in die Loge Sei-
1218 2952 2258 3125 ner Majestät befehlen.
1032 3097 2840 3275 Alb: Gebeten. Keine Majestät der Erde
1213 3288 2552 3438 hat Ihnen etwas zu befehlen.
1082 3458 2991 3609 Cäc: Ach, Sie Anarchist! Es kommt doch
1225 3599 2890 3779 aufs Selbe heraus. Man geht ja doch
