3400 4136
2773 297 2908 500 37.
1437 510 3042 684 fert von einandet, wenn sie anstän-
1443 671 2930 834 dige Menschen sind. Denn die be-
1450 843 2899 1006 finden sich in einer ununterbre
1460 958 2945 1194 chenen Gefahr, sich und ihre Er-
1454 1183 2914 1311 innerungen zu erniedrigen. Aber
1417 1303 2969 1476 ein Mann und eine Frau, die durch
1466 1427 2897 1623 tausend Fäden mit einander ver¬
1454 1627 2953 1803 knüpft sind, die sollten von ein-
1462 1797 3027 1937 ander gehen, weil einer gelockert
1514 1960 3040 2102 oder gerissen ist? Menschen, die
1481 2115 2998 2272 sich gegenseitig fördern und die
1493 2241 3025 2414 selben Interessen haben, auf ein-
1489 2397 3050 2561 ander angewiesen sind, um geistig
1547 2569 2955 2720 existieren zu können, überdies
1722 2678 2026 2792 in king
1495 2724 3098 2908 noch Kinder haben, die sie lieben,
1514 2883 3112 3044 die sie gemeinsam erziehen und auf
1505 3021 3166 3205 wachsen sehen wollen, - die sollten
646 3131 1320 3314 -marium knie
1563 3166 3098 3372 von einander gehen, weil die Epe-
630 3337 1344 3490 men - naum sollte
1526 3318 3071 3527 che der Zärtlichkeiten einmal ab-
822 3473 1134 3641 wis...
1526 3477 2294 3659 geschlossen ist?
