3480 4168
2254 359 2427 492 124
919 528 1982 739 Amad: Es ärgert mich!
929 685 2655 931 Alb: Sie kann auch xxxx barock sein.
933 818 2751 1062 Amad: Ach, lass' das! Mich machen nun
1140 987 2420 1170 einmal diese Briefe nervös.
957 1147 2835 1362 Alb: Ja, was soll ich dagegen tun? Wel-
1149 1271 2969 1496 len wir uns dadurch im Arbeiten stören
1154 1428 2640 1660 lassen, das fänd' ich kläglich.
1217 1573 2744 1813 :Liest weiter:  Zum Eingang der
1194 1740 2948 1956 Villa führen vier Stufen... es können
1191 1890 2908 2108 auch sechs sein. Aber aus bestimmten
1203 2050 2905 2286 im Versbau begründeten Ursachen muss
1215 2204 2910 2420 ich auf einer geraden Zahl bestehen.
1025 2336 2840 2587 Amad: XXXX### Ob Cäcilie auch solche
1231 2537 2434 2734 Briefe über mich bekommt?
1053 2662 2856 2894 Alb: f Ja zum Kuckuck, was liegt denn
1257 2819 2877 3058 daran? Es steht doch nichts in den
1257 2966 2920 3215 Briefen, als was ihr ehnehin wisst!
1086 3109 2978 3363 Amad: (Du irrst: Es stkt darin, dass wir
1602 3142 1810 3262 im Anfl.
1327 3260 2997 3506 einander betrugen. Wir betrügen uns
1292 3419 3044 3675 aber nicht - wir tun genau das Gegen-
1297 3567 3025 3832 teil. Wir sagen uns die wahrheit. Und
