3480 4120
2645 366 2823 522 154
1255 525 3021 711 nach Berlin gehehn? Wie denkst du nun
1278 708 2590 849 eigentlich im Ernst darüber?
1357 842 2877 1025 Darüber müssen wir freilich sehr
1077 874 1273 1025 Cäc:
1278 1008 2967 1149 vernünftig reden. Da handelt es sieh
1275 1194 2922 1332 schliesslich um meine künstlerische
1305 1332 3056 1508 Karriere,- du siehst sin, das ist das
1283 1488 2553 1654 Wichtigste in meinem Leben.
1095 1644 3083 1790 Amad: Es wäre auch möglich, dass man dich
1300 1785 3068 1944 schen am ersten Jänner hier freigiebt.
1099 1974 2154 2169 Càc: Ich glaube auch.
1109 2083 3098 2266 Amad: Wenn du darauf eingingst, so stünde
1305 2253 3031 2419 uns sehr bald eine lange Trennung be¬
1320 2412 3162 2590 vor. Denn ich fahre ja sehen in wenigen
1315 2575 3125 2754 Tagen nach Deutschland, um in den Städ¬
1317 2724 3046 2907 ten am Rhein meine neue Symphenie zu
1330 2937 1877 3076 dirigieren.
1161 3080 2187 3246 Cäc: Schon so bald.
1166 3182 3068 3388 Amad: Doch schade - was? Man hätte doch
1377 3328 3093 3558 gern wieder ein paar Stunden mit ein-
1374 3477 2937 3739 ander verplaudert und gearbeitet.
