3480 4200
2752 476 2944 627 194
1184 747 2110 941 Was sagen Sie dazu?
962 916 2417 1095 Amad: Ich habe nichts dagegen.
959 1061 2772 1228 Ant : Ich fühle mich hier so zuhause.
1161 1230 2910 1366 Wie seltsam! Als hätt' ich einen Teil
1192 1348 3028 1532 meiner Jugend in diesem Raum verbracht.
1294 1519 2596 1691 Hier arbeiten Sie, Meister?
987 1716 1488 1864 Amad: Ja.
990 1829 2698 2000 Ant: Das hier ist Ihr Schreibtisch?
997 1985 2939 2151 Amad: Warum sollt' ich mir einen fremden
1228 2112 2813 2312 hereinstellen? (in schön Mosmäs)
1010 2297 3066 2455 Ant: Eine Frage, verehrter Meister: wieviel
1230 2481 2026 2627 Zins zahlen Sie?
1020 2601 2803 2760 Amad: Ich weiss wirklich nicht genau.
1251 2775 2775 2913 Aber warum interessiert Sie das?
1299 2893 2967 3079 Also denken Sie sich: wir wohnen in
1023 2946 1220 3087 Ant:
1263 3051 2877 3230 der grossen Schiffamtsgasse, haben
1261 3171 2903 3407 zwei Zimmer, ein Kabinett mit Zuge-
1256 3366 2997 3563 hör - das Kabinett in den Hof hinein
1269 3511 2798 3721 was glauben Sie, was wir zahlen?
