3496 4104
2817 390 2956 570 88
1200 585 3022 775 umarmt er sie, die zum Singen bereit m
1202 737 2908 926 Klavier steht, und sagt: Geliebte,
489 734 901 975 Une 4e
1202 886 2876 1096 leb' wohl! :Dann ergreift er ihre
1210 1068 2870 1245 Hand: Freundin, sei mir gegrüsst!
1278 1235 2853 1367 te Pause: Nun aber wollen wir die
1228 1367 2984 1526 Zeit nicht mehr vergeuden!... Ja, was
2384 1473 2751 1567 Nun ihr
1248 1529 3053 1693 ich dir sagen wollte: den Anfang nimmt
1248 1686 3038 1845 du ein bisschen zu sentimental. Er ist
1266 1828 3050 2025 etwas gehaltener - ungefähr se. "Nicht
1253 2000 3027 2215 mehr zu dir zu gehn beschloss ich....
1347 2164 3025 2301 "Nicht mehr zu dir zu gehn beschloss
1040 2228 1223 2331 Cäe
1281 2369 1653 2483 ich...“
1058 2468 2390 2648 Amad: So ist es sehr schön.
1058 2597 3005 2807 Cäe: Danke. - Aber werde nur nicht jetzt
1299 2754 2493 2946 plötzlich zu nachsichtig.
1078 2891 3111 3096 Amad: Du weisst sehr gut, dass du für mich
1324 3083 2686 3265 die Einzige bist und bleibst.
1094 3243 2291 3448 Cäc: Als Liedersängerin.
1088 3374 3101 3594 Amad: Als Künstlerin überhaupt... Aber du
1331 3551 3068 3693 sollst auch an mir deine Freude erle-
