3432 4152
2629 440 2803 613 233
1143 663 2925 884 C: Das ist doch nicht so schwer, Ama-
1247 830 2857 1024 deus. Wüsstest du jetzt vielleicht
1310 1053 2203 1175 eine andere Lösung?
1342 1141 3008 1321 Heute.... heute denkst du ans Fort-
1173 1240 1294 1362 A:
338 1249 1060 1484 Ich darst: die jetzte
1315 1265 3019 1497 gehen?... Heute - (nach dieser Nacht?)
257 1380 1033 1574 in aucht zy fort.
1369 1493 2864 1648 Ich wollte, du wärst weniger er-
311 1524 866 1646 mit nur..
1186 1556 1321 1671 C:
244 1567 902 1797 ich ziehen jedenbald
1378 1601 2956 1790 staunt, Amadeus. Weran sollt' ich
241 1651 958 1917 des Salliers auf
1335 1763 3047 1962 denn denken? - Verstehst du wirklich
1346 1924 2918 2120 nicht, was es bedeutete, wenn wir
1310 2079 2977 2284 zusammen blieben? Dann wäre es eine
1367 2208 3013 2440 Ehe gewerden wie tausend andere, se
1380 2379 3035 2600 verächtlich wie tausend andere, in
1243 2532 3058 2753 denen sich zwei Menschen finden und be-
1380 2715 2532 2916 trügen und wiederfinden.
1297 2819 3015 3062 A: Betrügen?... Wenn man es wusste?
1263 3044 2934 3240 C: Es bleibt ja doch das Selbe, es
1407 3231 2789 3373 macht die Sache nur bequemer.
1459 3392 3051 3547 Nun, Cäcilie, man hat sich wieder-
1274 3380 1414 3631 a:
1418 3554 2929 3714 gefunden - aber man hat es doch
1441 3613 3098 3888 nicht getan, um sich wieder zu ver-
