3352 4088
2622 415 2791 588 227.
1229 731 2057 939 se Absicht nicht!!
1098 893 2290 1095 C: Warum glaubst du das?
1091 1059 2947 1257 A: (Die ganze verflossene Zeit beweist
1252 1220 2860 1377 es, dass du nie diese Absicht hat-
1250 1361 2876 1541 test, - dass du mich zu dir zurück
1229 1513 2740 1718 führen wolltest.) Braucht es denn
1268 1658 2940 1907 mehr als dies: du bist (se unschuldig
1273 1817 2848 2032 geblieben, als du warst, obwel du
1335 2004 3007 2172 wusstest, dass ich...
1321 2133 2924 2339 Die selbe, die ich war?...unsehul-
1144 2209 1255 2348 C:
1292 2290 2749 2488 dig?... unschuldiger als du?...
1303 2458 2876 2659 Gerade um so viel, als es eben in
1331 2611 2788 2837 der Natur der Frauen liegt, die
1319 2747 2791 2975 auch dann noch zögern, wenn sie
1370 2915 2938 3141 sehen entschlossen sind. Das ist
1326 3111 1868 3305 nieht viel.
1199 3229 3005 3462 A: Is ist alles! Es ist mehr, als ich
1354 3383 3021 3655 verdiene, und es ist genug, um mich
1370 3582 2322 3815 glücklich zu machen.
