3368 4072
2628 390 2766 563 12
1246 552 2810 711 Fried: Enickt einige Male: Sie
1415 685 2872 834 haben sich’s gut gemerkt. - In
1449 812 2868 981 dieser Villa werd' ich während
1447 1007 2892 1178 der ganzen Ferien sein und war-
1445 1189 1662 1332 ten.
1267 1317 2506 1493 Amad: Und Ihr Herr Gemal?
1226 1484 2879 1629 Fried: Ich habe noch nicht darüber
1469 1625 2836 1824 nachgedacht, we ich ihn heuer
1482 1781 2931 1939 seinen Urlaub verbringen lasse.
1438 1934 3005 2155 Ich würde mich übrigens auch von
1484 2086 3000 2262 ihm scheiden lassen, wenn Sie es
1495 2294 1939 2413 wünschen.
1306 2405 3048 2602 Amad: sieht sich nach der Eingangs-
1506 2535 2994 2732 tür um, als hätte er dort etwas
1538 2749 1878 2890 gehört:
1337 2853 2851 3033 Fried: Aber nein - es kann Ihre
1529 3037 2554 3202 Frau noch nicht sein.
1350 3132 3061 3369 Amad: Und wenn auch... Aber nun ist
1553 3364 2227 3522 es pankt-eins.
1367 3490 2933 3683 Fried: Die Prebe ist gewiss noch
