3448 4120
2769 518 2960 654 135
1110 675 3028 863 Cäc:  :nimnt ihn: Ah, du bist aber wie-
1249 860 3010 1011 der schwer geworden! (Mit dem Buben
1252 1011 1422 1206 ab:
1076 1292 2856 1471 Alb: Na, ich werde jetzt auch gehen.
1271 1449 2896 1637 Was wollte denn Maria hier? Es ist
1283 1634 3028 1801 doch eine komische Idee - um acht Uhr
1283 1776 2569 1977 abends einen Besuch machen.
247 1792 919 2008 Qu' 1 heures mai un
1098 1915 3090 2112 Amaa: Ich sag' dir ja: sie wollte Cäcilie
262 1940 891 2156 forderleit - aber
281 2069 885 2257 werde nicht weichen
1295 2140 1841 2288 noch sehen.
604 2251 3050 2532 Alk. Hlfmerr Alb: Nun ja, für deine Frau hat sie eine
407 2430 2374 2769 meist der hei Ihne Ost  förmliche Schwärmerei.
441 2473 1058 2677 Ihr ich jert wort...
512 2532 2994 2852 Jetzt kommt wieder: So. - Setzen Sie
564 2772 904 2908 1. Février
1332 2754 2304 2942 sich doch, Albertus!
469 2794 1089 3034 ca. Thos wöslig
722 2880 2954 3186 wor het xxx 16: O nein, ich war eben im Begriffe
543 2945 882 3108 Achtgeben
558 3019 934 3179 Ein Schmerz
1357 3034 3050 3284 fertzugehen. - Ich freu' mich jeden-
348 3028 512 3297 ait
607 3161 885 3297 Morgen
1360 3192 3161 3404 falls sehr, Sie noch gesehen zu haben,
645 3275 882 3429 Crritt
737 3358 882 3500 3
1446 3358 2751 3583 Sie schauen verzüglich aus.
731 3435 1024 3691 ahrt als
1193 3525 3182 3725 Cäc: Nun, grüssen Sie Maria vielmals. Ich
1354 3642 2865 3827 erwarte sie morgen ganz bestimmt
1153 3731 2856 3944 Alb: Ich werd' es ausrichten. : ab:
