3352 4056
2503 350 2683 493 122
1239 468 2905 673 herr, wahrhaftig, Sie sind von Gott
1242 663 3053 843 mit Blineheit geschlagen! Oder sollten
1239 783 3043 983 Sie der Einzige sein, dem es unbekannt
1249 929 3013 1123 geblieben wäre, dass Ihre Ihnen recht-
1234 1091 2991 1274 mässig angetraute Gattin Cäellie....“
1109 1234 2254 1441 Amad: Name ist bekannt.
1909 1394 1991 1486 zu
1064 1429 3043 1629 Alb: "... xxx mit einem jungen Kavalier,
1249 1582 3109 1769 der einen der ältesten österreichischen
1239 1707 2915 1907 Adelsnamen trägt, seit einiger Zeit
1254 1900 3053 2065 in den zärtlichsten Beziehungen steht?
1597 2020 1734 2129 Eliz
1264 2045 2927 2205 dass dieser Kavalier auch in Berlin
1252 2205 2929 2400 während des Gastspiels Ihrer Gattin
1254 2350 2966 2538 dieser selbigen gefolgt ist, wie ein
1242 2496 2947 2671 Schatten?... Fragen Sie Ihre Gattin,
1249 2656 2952 2831 wenn selbige nach Hause zurückkehrt,
1257 2811 3023 3013 wird sie es nicht leugnen können. Ein
1257 2979 2279 3159 wohlmeinender Freund.
1032 3119 2227 3331 Amad: Nun, was sagst du?
1077 3245 2920 3469 Alb: Ich finde, wenn es der selbst ist,
1271 3412 3075 3609 der auch die andern Briefe geschrieben
