3528 4168
2439 448 2623 580 139
1326 631 3086 791 Uebrigens hat sich der Intendant aufs
1243 779 3033 955 Lebhafteste nach dir erkundigt. Er be-
1268 937 3014 1094 hauptet, ein grosser Verehrer von dir
1259 1085 3077 1266 zu sein. Sobald deine Oper beendet ist,
1271 1282 1792 1428 möchte er -
1106 1384 2789 1574 Amad: Und so weiter. Man kennt das.
1106 1558 2970 1734 Cäc: Na, es wäre zu überlegen. Aus ver¬
1303 1758 2207 1899 schiedenen Gründen.
1424 1862 3047 2038 :Isst: Hast au dir sonst viel an¬
1132 1936 1375 2094 Amad :
1329 2036 3096 2226 gesehen? Bildergallerieen? Ausstellun-
461 2138 1122 2335 Li 11 Bilebsgalberie
1345 2187 3089 2377 gen?... Ja, ich weiss: es steht alles
619 2214 1164 2437 from I would
1352 2342 3089 2541 in deinen Briefen. Aber man möchte es
816 2374 1236 2562 dite lebst ihr
473 2384 932 2597 Sm. Mrt L
1361 2520 3012 2680 doch auch hören. - Siehst du, deine
519 2541 1155 2817 Saer him, batt
661 2555 763 2680 1
726 2613 1257 2866 Dr als geschrieben
1370 2653 3107 2887 ganzen Briefe lese ich doch in dreis-
1382 2780 3151 3021 sig Minuten durch - una au warst vier-
1384 3021 2115 3186 zehn Tage fort!
1208 3126 3061 3339 Cäc: Und su vierzehn Tage hier allein
1363 3246 3038 3508 sezusagen. - Und ich frage nicht se
1438 3562 1690 3701 viel.
