3336 4072
1212 651 2624 837 wissen, diese Kanaillen, dass
1156 819 2854 1006 schlecht mit einander steht - du und
1158 994 1932 1176 deine Frau -....
966 1123 2999 1313 Amad: greift sich an den Kopf: Schlecht
1153 1283 2195 1488 mit einander steht -!
971 1458 2776 1617 Fried: Ich nenn' es nun einmal se...
1158 1617 2961 1782 sind sie wie auf dich lesgelassen. Und
1158 1752 2923 1957 wer weiss, ob es nicht einer schon ge-
1169 1939 2735 2122 lungen ist -? Du wirst es mir ja
1169 2063 1995 2238 doch nicht sagen!
973 2243 1952 2413 Amad: Gewiss nicht.
198 2312 393 2456 G.C.F.P.
989 2363 2882 2548 Fried: Ob nicht einer dieser Briefe von
203 2429 335 2543 G.C.F.P.
215 2517 474 2667 Monsieur
1186 2522 2948 2723 einer kommt, die dich mir schen genom-
1161 2710 2976 2872 man hat!... ob nicht eine halbe Stunde
1184 2854 2910 3009 vor mir eine Frau da war, die dir ge-
1176 2981 2839 3186 radeseviel bedeutet als ich!... Das
1189 3138 2842 3323 Fräulein mit der Harfe - oder diese
1202 3290 2773 3498 junge Person, die immer die Pagen
1194 3422 2971 3650 giebt - oder Signerina Lappeni! Und da
