3416 4088
1520 680 3084 874 längst fertig war... wieviel ange-
1528 836 3070 1058 fangen, obwol ich das Ende vorher
1514 984 3038 1184 wusste,... wieviel Zeit hab' ich
1516 1141 3131 1334 aus falscher Rücksicht an Menschen
1479 1291 3032 1473 verschwendet, die ich schon erle-
1524 1433 3072 1661 digt hatte, und wusste doch im-
1508 1611 3040 1809 mer, dass ich nichts se rein, so
1518 1771 3076 1969 seharf umrissen durchleben konnte
1566 1919 3064 2131 als es mir gegeben war zu erfin-
1520 2078 3032 2299 den!.. Jetzt erst fuhre ich die
1522 2254 2981 2449 schönste und ruhigste Existenz.
1518 2402 3056 2596 Und dabei ist sie doch so bewegt,
1518 2564 3088 2730 wie sie niemals war. Jetzt erlebe
1524 2722 3072 2900 ich Abenteuer ohne Zeitverschwen-
1530 2849 3019 3062 dung, ohne Unbequemlichkeit und
1526 3013 3119 3242 ohne Gefahr. Kein beleidigter Gat-
1524 3161 3153 3398 te läuft mir nach, um mich mit der
1520 3327 3100 3527 Hacke zu erschlagen, - keine ver-
1534 3511 3119 3653 führten Jungfrauen ringen die Hän-
