3528 4248
2768 496 2959 639 196
1339 720 2999 949 Warum haben Sie keine Lehrerin auf-
1009 785 1266 961 Amad:
1251 918 1693 1100 genommen?
1296 1024 2949 1258 Nein, das wollte Mama nicht. - Ach,
1019 1097 1215 1273 Ant:
1253 1210 2929 1402 Sie haben ja keine Ahnung, wie Mama
1263 1329 2884 1563 ist! - Sie ist nämlich hysterisch.
1354 1512 2924 1724 Wie sonderbar, dass ich Ihnen das
1266 1698 1948 1870 alles erzähle!
1374 1822 2335 2036 Finden Sie das auch?
1042 1854 1293 2033 Amad:
1324 1998 3090 2184 Aber Sie kommen mir vor wie ein alter
1044 2041 1261 2197 Ant:
1283 2136 3050 2335 Freund, als hatten wir als Kinder mit
1293 2265 3087 2471 einander gespielt. - Was ist denn das?
1286 2411 3120 2632 Beethoven! Ah! — Sie sind so geschmack
1263 2589 2972 2791 voll eingerichtet. Wir waren es auch
1356 2728 3007 2941 einmal. - Ja, wir waren einmal sehr
1306 2901 2921 3103 reich. Aber mein Papa ging auf die
2909 2909 3110 3103 fort
1356 3092 3040 3241 Börse und eines Tages war alles weg.
1308 3241 2982 3397 Ja, ich habe viel durchgemacht für
1306 3410 2232 3596 meine jungen Jahre.
1077 3538 3100 3684 Amad: Bitte, mein Fräulein, wir wollen be-
1321 3686 3133 3857 ginnen. - Also, ich schlage diesen Ton
