3400 4056
2781 444 2985 688 906
1706 591 2232 756 II. A K T.
1045 756 2339 958 Selbe Szene.- Oktoberabend.
1603 1032 2374 1165 1. Szene.
1506 1199 2706 1342 Maria, das Szubermädchen.
1681 1334 2519 1469 :ven rechts vorn:
1030 1519 3010 1693 Stubenn: Bitte, nur weiter zu spazieren.
1324 1661 2165 1788 :Sie macht Licht:
1045 1820 3050 2010 Maria: Bitte, sagen Sie also der enädigen
1274 1968 3092 2167 Frau, dass ich sie recht gern sprechen
1274 2130 3117 2327 möchte, wenn sie nicht gar zu müde ist.
1035 2309 2963 2479 Stubenm: Die gedäge Frau...? Die ist ja
1324 2439 3035 2628 noch nicht zurück! Es ist ein Tele-
1272 2608 3035 2793 gramm von ihr gekommen, dass sie erst
1267 2778 2369 2873 heute abends eintrifft.
1045 2925 2621 3122 Maria: Wiese sind denn Sie hier?
1042 3095 2898 3272 Stubenm: Ich war diesmal nicht mit der
1284 3217 3097 3441 gnädigen Frau in Berlin. Frau Schumann
1282 3349 2544 3613 war mit, ihre Garderobiere.
