3480 4120
2771 516 2956 691 160
1295 654 3145 885 Amadeus, vergisst du denn, dass sich im
1299 827 2870 1032 Wesentlichen nichts geändert hat,
1306 1000 3029 1170 dass sich zwischen uns nichts ändern
1318 1159 3062 1341 kann?... dass das, was uns verbindet,
1327 1299 3154 1484 überhaupt durch nichts zerstört wird?...
1348 1465 2995 1631 und dass wir uns auch über Abgründe
1345 1633 3029 1802 hinüber die Hände reichen werden?...
751 1673 1156 1827 C. Schmerze
802 1778 1175 1928 of linnl
1355 1792 3011 1958 Und wenn du die Weiber autzenweise
585 1873 1237 2092 kla genau, durch
1385 1963 2979 2142 verführst, und sich die Männer für
640 2071 829 2193 recht
680 2087 1166 2285 Deinierung
1368 2078 3163 2288 mich tatschiessen: was geht das unsere
643 2133 1327 2412 Iche einmal gehört habe
1382 2255 3170 2419 Freundschaft an?... Und wenn uns jetzt
585 2269 1251 2516 in Wessel. ich hiehalt
1018 2352 1279 2483 borgh
1394 2410 3078 2585 der Zufall unseres Berufs auf einige
629 2447 1025 2635 kommehr
1391 2566 3052 2730 Zeit trennt,- werden wir uns anders
1396 2714 3115 2914 finden, als vir uns verlassen haben?
1484 2857 3117 3062 ... Und auf lang müssen wir doch gar
1417 3023 3170 3214 nicht fort von einander... Du hast es
1431 3218 3142 3384 doch heute nicht mehr notwendig, die
1428 3338 3278 3522 zweite Kapellmeisterstelle zu versehen,
1516 3479 3253 3684 besonders wenn deineÖper einschlägt.
