3384 4040
348 651 1007 856 y trouve tr avec
1229 613 2977 836 einen glänzenden Antrag für Berlin er-
315 784 1049 1002 kottles machen.
1167 804 2994 979 halten... sie soll ihn annehmen. Lass
310 889 1004 1129 Seh den Frau gehen¬
1222 936 2579 1157 sie hingehen, ich bitte dich.
343 1049 906 1232 né à l'avril avec
934 1099 2246 1322 Amad: Du bist unglaublich!
298 1192 761 1525 der Erach¬
1027 1269 3004 1450 Fried: Es ist die anständigste und sehön-
1214 1412 2929 1612 ste Lösung der Sache. Diese Existenz
1227 1575 2832 1763 ertrage ich wirklich nicht länger.
1039 1750 3057 1913 Amad:  ruhig: Begreifst du denn noch im-
1217 1890 2979 2076 mer nicht, dass deine Eifersucht eine
1237 2046 2949 2228 Beleidigung für mich und für Cäcilie
1234 2211 3087 2391 bedeutet? Was denkst du denn eigentlich
1247 2381 1637 2551 von uns?
1062 2499 2992 2704 Fried: Ueber diesen Punkt will ich nicht
1244 2661 2987 2824 reden. Aber ich bitte dich zu überle-
1259 2789 2964 2967 gen, dass sich durch die Annahme des
1244 2919 3067 3140 Berliner Antrags die Stellung der Frau
1249 3102 2982 3312 Adams Ortenburg bedeutend verbessern
1282 3260 3102 3488 wurde. Ich könnte daf er einstehen, dass
1272 3413 2892 3600 sie der Direkter sehen am 1.Januar
