3368 4072
2597 466 2784 631 123
1053 599 2757 826 hat, so wird er immer höflicher. Zu-
1075 780 2813 954 erst hat er dich einen Schurken, ges-
1063 930 2791 1138 tern nur mehr einen Idisten genannt,-
1073 1121 2837 1269 der Brief ist beinahe herzlich zu nen-
1063 1271 2776 1467 nen. Morgen wird dir selbiger das Zu
1078 1411 1522 1602 antragen.
894 1549 2834 1716 Amad: (Einen Anlass zu Witzen seh' ich in
1078 1701 2793 1897 der ganzen Sache nicht.) - Jedenfalls
1082 1851 2931 2049 seh' ich, dass es Leute giebt, die mich
1087 2030 2791 2221 einfach für einen betregenen Ehemann
1078 2216 1435 2382 halten.
1124 2305 2793 2520 Ja, es scheint se. :Nimmt Papiere
855 2356 1056 2576 Alb:
1097 2496 2827 2697 aus der Rocktasche:  Also hör ein-
1090 2639 2677 2842 mal den ersteh Entwurf des ersten
1087 2808 2856 2982 Sehlusses. Die Situation stellt einen
1095 2970 2815 3122 Wiesenplan vor, der sich hügelig von
1119 3090 2945 3301 einem hell grünenden Walde her allmälig
1111 3291 2718 3443 dem Seuffleurkasten entgegensenkt.
1102 3402 2837 3583 Rechts eine im Renaissaneestil gehal-
1109 3583 1643 3733 tene Villa.
