3448 4136
2761 326 2935 526 146
1189 500 2842 636 giltig. - Weisst du denn schon, was
1186 610 2930 843 für telle Gerüchte über sich umgehen?
1000 814 1680 979 Càe: Nun?...
994 950 3046 1136 Amad: Dass du dich von mir schieden lassen
1194 1148 2912 1293 und dem Fürsten Sigismund zum Altare
1206 1296 1831 1462 folgen wirst.
1014 1404 2921 1619 Cäc: Sehr tell. Aber das Tellste an der
1200 1593 2932 1787 Sache, das verschweigst au mir, mein
1212 1782 1566 1941 Lieber.
1038 1912 2281 2122 Amad: Wieso? Das wäre?...
1052 2023 2953 2264 Cäc: Dass du, mein lieber Amadeus, nahe
1238 2177 2473 2435 daran bist, es zu glauben.
1107 2340 2938 2566 Amad: Cäcilie! Keinen Augenblick lang,
526 2537 2866 2755 Marnun so sich „Cac:“ Ich muss wir sagen, seit einiger
1264 2639 3095 2892 Zeit trau' ich mir mehr Verrücktes zu,
433 2735 625 2932 Seit
1279 2802 2758 3057 Amad: :bliejt sie erstaunt an:
1148 2991 3101 3211 Cäc:... als ich je geahnt hätte. - Aber
1357 3159 2964 3400 das - nein!... Uebrigens ist er so
564 3165 1029 3325 Ak er man
1314 3316 3086 3540 gut wie verlebt, schen von Geburt an -
578 3293 1101 3473 in frubian
686 3429 1160 3607 woll wohl
1314 3508 2523 3737 mit seiner Cousine Nelly.
