3448 4136
2932 355 3104 525 198
1261 586 2979 811 nur notwendig sein, dass man sie aus
1276 737 2932 941 mir herausholt. - Ist das Ihr Kind?
1375 934 1552 1116 Ja.
1050 986 1308 1128 Amad:
1338 1082 2961 1259 Haben Sie nur das eine? Wie kommt
1069 1101 1269 1289 Ant:
1306 1224 2959 1431 das eigentlich? - Ich hab' vier Ge-
1313 1407 3045 1569 schwister. Ich bin die Aelteste. Nie-
1311 1552 3060 1734 mand will es glauben. Meine zwei Brü-
1370 1678 2811 1887 der gehen ins Gymnasium. Meine
1335 1870 3139 2042 Schwester will entweder Telegraphistin
1348 2005 3055 2193 oder Hofdame werden. Das Jüngste ist
1355 2166 3144 2321 ein Fratz von drei Jahren. - Nun, dar-
1362 2316 3094 2471 über hab' ich meine eigenen Gedanken.
1454 2449 3072 2661 Wir werden's diesmal lassen, nicht
1131 2515 1380 2700 Amad:
1382 2631 1638 2836 wahr?
1146 2769 3126 2971 Ant: Ach ja, natürlich. Wir müssen natür-
1394 2932 3149 3107 lich nicht gleich heute anfangen. Man
1392 3104 3008 3255 muss sich doch erst kennen lernen.
1471 3223 3193 3425 Wie viel Lektionen, Herr Kapellmeis-
1422 3420 3156 3587 ter, würd' ich brauchen, um eine fer-
1419 3560 2663 3747 tige Künsterlin zu werden?
