3448 4152
2519 343 2703 478 222
1139 463 2935 736 A: Da müssten wir alse mindestens auf
1344 650 2852 886 ein Jahr ven einander fortgehen.
1170 814 2861 1032 C: Nun, es wäre ja nicht wünschens-
1317 968 2933 1193 wert, dass du gar se bald nach Ber
1335 1179 2156 1337 lin übersiedelst.
1388 1328 2401 1502 Sprichst du im Ernst?
1199 1380 1324 1520 A:
1397 1435 2979 1638 Warum zweifelst du daran? So wird
1213 1573 1337 1664 C:
1322 1575 3026 1811 sich alles am einfachsten gestalten.
1380 1760 2888 1971 Du trittst ja in sin paar Tagen
1406 1887 3068 2116 deine Reise an, vor Sylvester über-
1468 2065 3004 2274 siedle ich nach Berlin, die Weih-
1435 2221 3059 2445 nachXXX hätten wir dann für ein-
1624 2247 1907 2347 tstage
1451 2370 3053 2599 ander und könnten sie mit dem Kind
1462 2523 2999 2735 verbringen. Die Wehnung behalten
1489 2654 3093 2913 wir natürlich vorläufig. Du sollst
1440 2799 3108 3075 in deiner Ordnung nicht gestört wer-
1502 3104 1733 3289 den.
1393 3122 3122 3384 A: Cäcilie! - Ja, ich weiss noch im-
1540 3311 3075 3549 mer nicht, ob ich dich recht ver-
1564 3584 1871 3711 stehe!
