3432 4152
2681 418 2805 522 93
1227 559 2981 753 Frau Meesheim waren aussererdentlich.
1273 723 2873 885 Aber ich dachte, Sie gratulieren
1187 892 2447 1046 mir zu Cäeiliens Erfolgen.
1333 1021 2885 1220 Ich habe in der Zeitung davon ge-
953 1079 1252 1192 Maria:
1187 1194 2926 1323 lesen, aber mir hat sie gar nicht ge¬
1207 1389 1698 1509 schrieben.
1293 1515 3032 1628 Aber mir. Es war aussererdentlieh. B
963 1520 1212 1666 Amad:
1200 1625 3006 1827 sonders gestern - sehen Sie, das Tele-
1200 1842 2661 1971 gramm. :Er reicht es ihr vom
1202 1996 2235 2124 Schreibtisch herüber:
1016 2147 2971 2298 Maria: :auf dem Divan sitzend, liest es:
1222 2313 2890 2427 O da wird es doch wol ernst werden!
985 2492 1623 2608 Amad: Womit?
942 2591 2928 2787 Maria: Mit der Uebersiedlung nach Berlin.
1033 2775 2885 2898 Amad: Das lässt sich noch nicht sagen.
1200 2938 2908 3082 Man wird ja hier jetzt am Ende auch
600 2966 1046 3115 hat wollent
512 3079 1038 3238 die Jode welche
1252 3110 2754 3218 draufkommen, was man an ihr hat.
577 3183 1174 3319 sirrisn (dʼyours
1494 3173 2419 3304 Sie ist auch mehr als Frehen
1000 3266 2386 3397 Maria: Sie sollte Sie hören!
1436 3289 3253 3435 nicht wahr -t! - Die hat sich wiesen, entwickelt
1005 3389 3029 3563 Amad: O ich sage ihr das auch ins Gesicht.
1250 3533 2976 3722 Jetzt kann ich sie erst sezusagen in
