<?xml version="1.0" encoding="UTF-8" standalone="yes"?>
<PcGts xmlns="http://schema.primaresearch.org/PAGE/gts/pagecontent/2013-07-15" xmlns:xsi="http://www.w3.org/2001/XMLSchema-instance" xsi:schemaLocation="http://schema.primaresearch.org/PAGE/gts/pagecontent/2013-07-15 http://schema.primaresearch.org/PAGE/gts/pagecontent/2013-07-15/pagecontent.xsd">
    <Metadata>
        <Creator>prov=READ-COOP:name=TrHtr:version=2.1.0:model_id=51170:date=25_07_2023_02:32</Creator>
        <Created>2023-05-10T13:04:38.554+02:00</Created>
        <LastChange>2023-07-25T02:32:24.764+02:00</LastChange>
        <TranskribusMetadata docId="1428561" pageId="55407582" pageNr="5" tsid="130580849" status="IN_PROGRESS" userId="64420" imgUrl="https://files.transkribus.eu/Get?id=ODZZESXUKDFTZNAYXGFVOEIV&amp;fileType=view" xmlUrl="https://files.transkribus.eu/Get?id=OYUTBNDSQASYTNOEKANBHSWJ" imageId="44681729"/>
    </Metadata>
    <Page imageFilename="1428561_0005.jpg" imageWidth="3400" imageHeight="4088">
        <ReadingOrder>
            <OrderedGroup id="ro_1711794518792" caption="Regions reading order">
                <RegionRefIndexed index="0" regionRef="tr_2"/>
                <RegionRefIndexed index="1" regionRef="tr_1"/>
            </OrderedGroup>
        </ReadingOrder>
        <TextRegion id="tr_2" custom="readingOrder {index:0;}">
            <Coords points="847,537 3052,537 3052,1922 847,1922"/>
            <TextLine id="tr_2_tl_1" custom="readingOrder {index:0;}">
                <Coords points="1476,658 1817,704 2394,612 2969,623 3043,606 3048,514 2372,555 2151,518 1478,597"/>
                <Baseline points="1488,653 1530,650 1575,647 1620,647 1665,647 1709,644 1754,641 1799,638 1844,638 1888,638 1933,638 1978,638 2023,632 2067,632 2112,629 2157,623 2202,623 2246,620 2291,617 2336,617 2381,611 2425,611 2470,608 2515,608 2560,608 2604,608 2649,605 2694,605 2739,602 2784,599 2828,596 2873,596 2918,593 2963,590 3007,587 3052,587"/>
                <TextEquiv>
                    <Unicode>tenderin... oder se etwas der Art.</Unicode>
                </TextEquiv>
            </TextLine>
            <TextLine id="tr_2_tl_2" custom="readingOrder {index:1;}">
                <Coords points="1471,840 2927,796 2980,780 2986,652 2551,691 2352,656 2049,711 1749,667 1550,767 1476,743"/>
                <Baseline points="1483,811 1509,808 1554,805 1599,805 1644,805 1688,802 1733,799 1778,799 1823,796 1867,796 1912,793 1957,790 2002,790 2046,787 2091,784 2136,781 2181,781 2226,778 2270,778 2315,775 2360,775 2405,772 2449,772 2494,769 2539,766 2584,763 2628,763 2673,760 2718,757 2763,754 2807,754 2852,751 2897,751 2942,754 2986,754"/>
                <TextEquiv>
                    <Unicode>Das müssen Sie mir doch zugeben.</Unicode>
                </TextEquiv>
            </TextLine>
            <TextLine id="tr_2_tl_3" custom="readingOrder {index:2;}">
                <Coords points="1303,1008 1631,971 1834,1010 1963,955 2331,982 2713,916 2814,966 2842,798 2027,864 1697,831 1474,907 1310,890"/>
                <Baseline points="1318,966 1321,972 1366,969 1411,972 1456,969 1500,969 1545,966 1590,966 1635,960 1679,960 1724,960 1769,957 1814,957 1858,954 1903,951 1948,948 1993,948 2038,948 2082,945 2127,945 2172,942 2217,936 2261,936 2306,930 2351,930 2396,930 2440,928 2485,928 2530,925 2575,922 2619,919 2664,916 2709,916 2754,916 2798,916 2843,916"/>
                <TextEquiv>
                    <Unicode>Fried: Ihnen?... alles, Amadeus.</Unicode>
                </TextEquiv>
            </TextLine>
            <TextLine id="tr_2_tl_4" custom="readingOrder {index:3;}">
                <Coords points="2420,1032 2438,1034 2466,1063 2501,1036 2525,1036 2543,1025 2569,1032 2593,1012 2630,1021 2637,953 2595,944 2560,960 2549,951 2514,955 2497,934 2457,929 2449,936 2431,929"/>
                <Baseline points="2434,1011 2461,1008 2506,1002 2551,999 2596,993 2640,987"/>
                <TextEquiv>
                    <Unicode>chung</Unicode>
                </TextEquiv>
            </TextLine>
            <TextLine id="tr_2_tl_5" custom="readingOrder {index:4;}">
                <Coords points="1251,1141 1773,1183 1981,1108 2464,1132 3006,1082 3010,1001 2462,1056 2261,953 1255,1060"/>
                <Baseline points="1265,1133 1268,1133 1312,1133 1357,1130 1402,1127 1447,1127 1491,1127 1536,1124 1581,1118 1626,1118 1671,1118 1715,1115 1760,1115 1805,1113 1850,1110 1894,1110 1939,1107 1984,1104 2029,1098 2073,1095 2118,1092 2163,1092 2208,1089 2252,1089 2297,1089 2342,1086 2387,1089 2431,1083 2476,1080 2521,1077 2566,1080 2610,1077 2655,1077 2700,1071 2745,1068 2789,1068 2834,1065 2879,1062 2924,1059 2969,1059 3013,1059"/>
                <TextEquiv>
                    <Unicode>Amad: : am Bücherschrank: Sie bauen</Unicode>
                </TextEquiv>
            </TextLine>
            <TextLine id="tr_2_tl_6" custom="readingOrder {index:5;}">
                <Coords points="1513,1283 1622,1316 2059,1266 2112,1305 2781,1229 2846,1283 2895,1275 2899,1154 2320,1209 2073,1143 1515,1209"/>
                <Baseline points="1524,1280 1560,1280 1605,1280 1650,1277 1694,1277 1739,1274 1784,1271 1829,1268 1873,1271 1918,1268 1963,1265 2008,1262 2052,1259 2097,1259 2142,1253 2187,1247 2231,1250 2276,1247 2321,1244 2366,1241 2411,1238 2455,1238 2500,1238 2545,1235 2590,1232 2634,1229 2679,1226 2724,1223 2769,1220 2813,1220 2858,1220 2903,1217"/>
                <TextEquiv>
                    <Unicode>ein wenig zu sehr auf Ihre Be-</Unicode>
                </TextEquiv>
            </TextLine>
            <TextLine id="tr_2_tl_7" custom="readingOrder {index:6;}">
                <Coords points="1504,1476 2986,1399 3045,1390 3050,1277 2407,1364 2059,1288 1996,1334 1511,1360"/>
                <Baseline points="1518,1435 1524,1438 1569,1435 1614,1435 1659,1432 1703,1432 1748,1429 1793,1429 1838,1426 1882,1426 1927,1423 1972,1420 2017,1414 2061,1411 2106,1411 2151,1411 2196,1408 2240,1405 2285,1402 2330,1402 2375,1399 2419,1396 2464,1393 2509,1390 2554,1387 2599,1387 2613,1381 2649,1375 2694,1375 2739,1375 2784,1375 2828,1375 2873,1372 2918,1372 2963,1372 3007,1369 3052,1372"/>
                <TextEquiv>
                    <Unicode>liebtheit, :Betenend: |  gnädige</Unicode>
                </TextEquiv>
            </TextLine>
            <TextLine id="tr_2_tl_8" custom="readingOrder {index:7;}">
                <Coords points="2582,1480 2608,1484 2626,1476 2645,1458 2665,1467 2683,1467 2702,1454 2711,1463 2733,1463 2735,1408 2713,1412 2696,1406 2665,1428 2654,1417 2634,1425 2621,1419 2584,1421"/>
                <Baseline points="2593,1456 2601,1456 2646,1456 2691,1453 2738,1452"/>
                <TextEquiv>
                    <Unicode>nnt</Unicode>
                </TextEquiv>
            </TextLine>
            <TextLine id="tr_2_tl_9" custom="readingOrder {index:8;}">
                <Coords points="1522,1618 2997,1548 3024,1460 2801,1423 2505,1498 2101,1500 1924,1449 1526,1522"/>
                <Baseline points="1536,1593 1548,1593 1593,1593 1638,1590 1682,1587 1727,1587 1772,1587 1817,1584 1861,1581 1906,1578 1951,1578 1996,1575 2041,1572 2085,1569 2130,1566 2175,1566 2220,1560 2264,1560 2309,1557 2354,1554 2399,1554 2443,1551 2488,1551 2533,1548 2578,1545 2622,1545 2667,1545 2712,1539 2757,1536 2801,1533 2846,1530 2891,1527 2936,1524 2980,1524 3025,1524"/>
                <TextEquiv>
                    <Unicode>Frau/ Man wird allmälig dahinter</Unicode>
                </TextEquiv>
            </TextLine>
            <TextLine id="tr_2_tl_10" custom="readingOrder {index:9;}">
                <Coords points="835,1644 888,1655 907,1677 977,1646 993,1662 1060,1646 1093,1664 1176,1653 1202,1672 1307,1631 1312,1530 1205,1563 1181,1550 1049,1598 1034,1585 986,1592 944,1557 905,1583 837,1583"/>
                <Baseline points="847,1647 865,1647 910,1644 954,1644 999,1644 1044,1641 1089,1641 1133,1638 1178,1635 1223,1632 1268,1626 1312,1629"/>
                <TextEquiv>
                    <Unicode>Aber er wird seit</Unicode>
                </TextEquiv>
            </TextLine>
            <TextLine id="tr_2_tl_11" custom="readingOrder {index:10;}">
                <Coords points="1519,1764 2097,1738 2276,1782 2586,1710 2975,1705 2980,1620 1871,1651 1777,1690 1526,1664"/>
                <Baseline points="1533,1754 1548,1751 1593,1748 1638,1748 1682,1745 1727,1742 1772,1742 1817,1739 1861,1736 1906,1733 1951,1736 1996,1730 2041,1730 2085,1727 2130,1724 2175,1718 2220,1718 2264,1712 2309,1712 2354,1709 2399,1709 2443,1706 2488,1706 2533,1703 2578,1703 2622,1700 2667,1697 2712,1694 2757,1691 2801,1691 2846,1688 2891,1685 2936,1685 2980,1685"/>
                <TextEquiv>
                    <Unicode>kommen, dass Sie falsch singen.</Unicode>
                </TextEquiv>
            </TextLine>
            <TextLine id="tr_2_tl_12" custom="readingOrder {index:11;}">
                <Coords points="866,1780 907,1777 929,1801 990,1795 1056,1832 1087,1832 1124,1804 1161,1806 1187,1791 1213,1804 1224,1666 1115,1686 1102,1675 1056,1686 1049,1677 977,1716 966,1707 896,1747 868,1747"/>
                <Baseline points="877,1766 907,1766 951,1763 996,1757 1041,1754 1086,1754 1130,1748 1175,1742 1220,1742"/>
                <TextEquiv>
                    <Unicode>miss salles</Unicode>
                </TextEquiv>
            </TextLine>
            <TextLine id="tr_2_tl_13" custom="readingOrder {index:12;}">
                <Coords points="1342,1965 1557,1974 1672,1904 2982,1871 3002,1762 1347,1843"/>
                <Baseline points="1357,1912 1390,1912 1435,1912 1480,1912 1524,1909 1569,1909 1614,1909 1659,1903 1703,1900 1748,1900 1793,1897 1838,1894 1882,1894 1927,1891 1972,1888 2017,1888 2061,1885 2106,1882 2151,1879 2196,1876 2240,1873 2285,1873 2330,1870 2375,1870 2419,1864 2464,1864 2509,1861 2554,1861 2599,1856 2643,1856 2688,1853 2733,1850 2778,1847 2822,1847 2867,1844 2912,1838 2957,1838 3001,1841"/>
                <TextEquiv>
                    <Unicode>Fried: O nein. Sie sagen's ja doch</Unicode>
                </TextEquiv>
            </TextLine>
        </TextRegion>
        <TextRegion id="tr_1" custom="readingOrder {index:1;}">
            <Coords points="1384,1943 3165,1943 3165,3730 1384,3730"/>
            <TextLine id="tr_1_tl_1" custom="readingOrder {index:0;}">
                <Coords points="1530,2118 1972,2051 3002,2040 3030,1928 1537,1976"/>
                <Baseline points="1545,2070 1557,2070 1602,2067 1647,2064 1691,2061 1736,2058 1781,2055 1826,2052 1870,2049 1915,2046 1960,2046 2005,2046 2049,2044 2094,2044 2139,2041 2184,2041 2229,2041 2273,2032 2318,2032 2363,2026 2408,2023 2452,2023 2497,2020 2542,2017 2587,2014 2631,2011 2676,2008 2721,2005 2766,2005 2810,1999 2855,1999 2900,1996 2945,1996 2989,1993 3034,1993"/>
                <TextEquiv>
                    <Unicode>nicht weiter, und eine gelegent-</Unicode>
                </TextEquiv>
            </TextLine>
            <TextLine id="tr_1_tl_2" custom="readingOrder {index:1;}">
                <Coords points="1530,2234 2322,2234 2801,2162 3100,2191 3107,2073 1535,2145"/>
                <Baseline points="1545,2223 1587,2220 1632,2220 1676,2217 1721,2214 1766,2211 1811,2208 1856,2208 1900,2208 1945,2205 1990,2202 2035,2199 2079,2196 2124,2196 2169,2193 2214,2193 2258,2190 2303,2187 2348,2184 2393,2181 2437,2178 2482,2175 2527,2172 2572,2172 2616,2169 2661,2166 2706,2166 2751,2160 2795,2160 2840,2157 2885,2154 2930,2151 2974,2148 3019,2148 3064,2142 3109,2136"/>
                <TextEquiv>
                    <Unicode>liche Schwebung merken die Andern</Unicode>
                </TextEquiv>
            </TextLine>
            <TextLine id="tr_1_tl_3" custom="readingOrder {index:2;}">
                <Coords points="1543,2403 1568,2401 1594,2416 1627,2390 1666,2414 1740,2381 1788,2403 1810,2383 1845,2383 1847,2302 1826,2309 1784,2291 1773,2300 1751,2285 1729,2300 1664,2302 1629,2320 1603,2315 1565,2344 1546,2346"/>
                <Baseline points="1557,2378 1581,2378 1626,2378 1671,2375 1715,2372 1760,2372 1805,2372 1850,2369"/>
                <TextEquiv>
                    <Unicode>nicht.</Unicode>
                </TextEquiv>
            </TextLine>
            <TextLine id="tr_1_tl_4" custom="readingOrder {index:3;}">
                <Coords points="1371,2569 2497,2536 2648,2475 2814,2525 2984,2479 2989,2398 2757,2372 2637,2429 2368,2370 2226,2442 1777,2414 1377,2473"/>
                <Baseline points="1384,2548 1423,2545 1468,2545 1512,2542 1557,2539 1602,2536 1647,2530 1691,2530 1736,2527 1781,2524 1826,2524 1870,2521 1915,2518 1960,2515 2005,2512 2049,2509 2094,2506 2139,2503 2184,2503 2229,2500 2273,2500 2318,2500 2363,2497 2408,2494 2452,2494 2497,2491 2542,2485 2587,2479 2631,2479 2676,2473 2721,2473 2766,2470 2810,2467 2855,2467 2900,2461 2945,2461 2989,2461"/>
                <TextEquiv>
                    <Unicode>Amad: Eine Schwebung...? - Das in</Unicode>
                </TextEquiv>
            </TextLine>
            <TextLine id="tr_1_tl_5" custom="readingOrder {index:4;}">
                <Coords points="1565,2718 3087,2639 3126,2562 2451,2527 2134,2593 1572,2595"/>
                <Baseline points="1578,2688 1605,2688 1650,2685 1694,2682 1739,2682 1784,2679 1829,2673 1873,2673 1918,2670 1963,2670 2008,2670 2052,2664 2097,2661 2142,2658 2187,2655 2231,2652 2276,2652 2321,2649 2366,2646 2411,2643 2455,2640 2500,2637 2545,2637 2590,2634 2634,2631 2679,2631 2724,2628 2769,2625 2813,2622 2858,2619 2903,2616 2948,2616 2992,2613 3037,2613 3082,2610 3127,2613"/>
                <TextEquiv>
                    <Unicode>der Szene mit Wotan war auch eine</Unicode>
                </TextEquiv>
            </TextLine>
            <TextLine id="tr_1_tl_6" custom="readingOrder {index:5;}">
                <Coords points="1561,2855 1786,2844 1882,2892 2191,2816 3043,2805 3091,2794 3098,2663 2092,2757 1570,2713"/>
                <Baseline points="1575,2837 1578,2837 1623,2837 1668,2837 1712,2837 1757,2834 1802,2834 1847,2831 1891,2828 1936,2825 1981,2822 2026,2822 2070,2822 2115,2819 2160,2816 2205,2816 2249,2813 2294,2807 2339,2807 2384,2804 2428,2801 2473,2798 2518,2795 2563,2795 2607,2789 2652,2787 2697,2787 2742,2781 2787,2781 2831,2778 2876,2775 2921,2769 2966,2766 3010,2760 3055,2757 3100,2760"/>
                <TextEquiv>
                    <Unicode>Schwebung?... vom Cis zum C -?</Unicode>
                </TextEquiv>
            </TextLine>
            <TextLine id="tr_1_tl_7" custom="readingOrder {index:6;}">
                <Coords points="1572,3061 1738,3072 2024,2986 2978,2951 2980,2881 2794,2849 2676,2895 2427,2857 1963,2923 1583,2864"/>
                <Baseline points="1587,3001 1593,3001 1638,3001 1682,2998 1727,3001 1772,2995 1817,2995 1861,2989 1906,2986 1951,2983 1996,2980 2041,2980 2085,2977 2130,2974 2175,2972 2220,2969 2264,2969 2309,2966 2354,2963 2399,2960 2443,2957 2488,2954 2533,2951 2578,2951 2622,2948 2667,2942 2712,2939 2757,2939 2801,2936 2846,2933 2891,2933 2936,2933 2980,2933"/>
                <TextEquiv>
                    <Unicode>Ich, meine liebe gnädige Frau,</Unicode>
                </TextEquiv>
            </TextLine>
            <TextLine id="tr_1_tl_8" custom="readingOrder {index:7;}">
                <Coords points="1583,3179 2871,3094 3054,3131 3083,3024 2532,3059 2460,3021 2333,3069 1939,3026 1589,3074"/>
                <Baseline points="1596,3159 1608,3162 1653,3157 1697,3154 1742,3154 1787,3151 1832,3148 1876,3145 1921,3142 1966,3139 2011,3136 2055,3133 2100,3130 2145,3130 2190,3127 2234,3124 2279,3124 2324,3118 2369,3118 2414,3118 2458,3115 2503,3112 2548,3109 2593,3106 2637,3103 2682,3100 2727,3097 2772,3094 2816,3094 2861,3091 2906,3088 2951,3082 2995,3082 3040,3076 3085,3070"/>
                <TextEquiv>
                    <Unicode>nenne das einen Sturz in den Ab-</Unicode>
                </TextEquiv>
            </TextLine>
            <TextLine id="tr_1_tl_9" custom="readingOrder {index:8;}">
                <Coords points="1598,3389 1738,3319 1904,3341 2446,3268 3004,3303 3065,3271 3072,3164 2991,3135 2433,3209 2234,3174 2143,3216 1974,3172 1607,3238"/>
                <Baseline points="1614,3321 1641,3321 1685,3315 1730,3315 1775,3312 1820,3309 1864,3306 1909,3300 1954,3297 1999,3297 2044,3291 2088,3291 2133,3288 2178,3282 2223,3279 2267,3276 2312,3276 2357,3273 2402,3270 2446,3267 2491,3267 2536,3264 2581,3261 2625,3258 2670,3255 2715,3252 2760,3252 2804,3249 2849,3249 2894,3246 2939,3243 2983,3240 3028,3237 3073,3237"/>
                <TextEquiv>
                    <Unicode>grund, nicht eine Schwebung. Es</Unicode>
                </TextEquiv>
            </TextLine>
            <TextLine id="tr_1_tl_10" custom="readingOrder {index:9;}">
                <Coords points="1609,3494 2309,3487 2658,3419 3065,3478 3109,3461 3118,3332 2934,3286 2031,3404 1616,3389"/>
                <Baseline points="1623,3473 1641,3476 1685,3470 1730,3470 1775,3467 1820,3467 1864,3464 1909,3461 1954,3458 1999,3455 2044,3449 2088,3449 2133,3443 2178,3443 2223,3437 2267,3434 2312,3434 2357,3431 2402,3428 2446,3428 2491,3422 2536,3419 2581,3416 2625,3413 2670,3410 2715,3410 2760,3410 2804,3407 2849,3404 2894,3404 2939,3401 2983,3398 3028,3392 3073,3392 3118,3389"/>
                <TextEquiv>
                    <Unicode>ist auch ziemlich kläglich, dass</Unicode>
                </TextEquiv>
            </TextLine>
            <TextLine id="tr_1_tl_11" custom="readingOrder {index:10;}">
                <Coords points="1603,3627 3026,3566 3074,3555 3078,3478 2855,3461 2567,3518 2405,3454 1607,3548"/>
                <Baseline points="1617,3610 1647,3610 1691,3607 1736,3607 1781,3604 1826,3604 1870,3601 1915,3598 1960,3595 2005,3592 2049,3592 2094,3586 2139,3583 2184,3583 2229,3580 2273,3577 2318,3574 2363,3571 2408,3571 2452,3568 2497,3565 2542,3565 2587,3562 2631,3559 2676,3559 2721,3556 2766,3553 2810,3553 2855,3550 2900,3547 2945,3544 2989,3541 3034,3541 3079,3538"/>
                <TextEquiv>
                    <Unicode>Sie sich auf Leute berufen, die</Unicode>
                </TextEquiv>
            </TextLine>
            <TextLine id="tr_1_tl_12" custom="readingOrder {index:11;}">
                <Coords points="1640,3802 2009,3745 2394,3773 2519,3723 3052,3725 3161,3690 3164,3594 3004,3644 2569,3605 2252,3651 1961,3605 1758,3664 1644,3625"/>
                <Baseline points="1653,3717 1688,3717 1733,3720 1778,3717 1823,3717 1867,3717 1912,3715 1957,3712 2002,3712 2046,3709 2091,3709 2136,3706 2181,3706 2226,3703 2270,3703 2315,3703 2360,3700 2405,3700 2449,3697 2494,3697 2539,3694 2584,3694 2628,3691 2673,3688 2718,3688 2763,3688 2807,3685 2852,3685 2897,3685 2942,3685 2986,3682 3031,3679 3076,3679 3121,3673 3165,3670"/>
                <TextEquiv>
                    <Unicode>von Musik keine Ahnung haben. Al-</Unicode>
                </TextEquiv>
            </TextLine>
        </TextRegion>
    </Page>
</PcGts>
