3480 4120
2822 351 2995 509 134
1292 549 1871 702 in die Lege.
1105 709 3092 850 Amad: Nun, was sprach der Kaiser mit dir?
1119 825 3092 1028 Cäc: Er äusserte sich sehr befriedigt. Er
1295 998 3032 1176 hätte noch keine bessere Carmen gese¬
1307 1184 3077 1310 hen. Er will von einem spanischen Kom-
1325 1342 3069 1483 ponisten eine Oper für mich schreiben
1307 1438 2936 1633 lassen. (- Aber das war vielleicht
1315 1616 2881 1819 nur ein Scherz. - Schaae, schade,
1332 1789 2990 1982 dass du nicht dort warst, Amadeus.)
1139 1972 2528 2128 Das Fräulein: :kommt wieder:
1157 2103 3045 2286 Amad: Nun musst du aber schlafen gehen,
1339 2269 2817 2442 Peterl. Es ist schen sehr spät.
1171 2439 2921 2602 Cäc: Ja, Peterl. Und mergen in aller
1359 2553 3020 2775 Frih wird alles auf deinem Tischerl
1381 2807 1730 2928 liegen.
1189 2835 2985 3084 Peterl: Ist das Tischerl gross genug?
1246 3074 2506 3274 Cäc: Es wird schon gehen.
1208 3168 3185 3428 Peterl: Aber Mama soll mich ins Bett tra-
1411 3450 1638 3591 gen!
