3384 4088
2771 382 2912 606 53
1332 639 2912 769 Amad: Dass Sie sich so viel Mühe
1377 825 1830 932 machen...
1265 932 3060 1095 Maria: Irgend eine Beschäftigung muss
1442 1106 2890 1227 man sich doch suchen; wenn man
1462 1180 3011 1390 sehen kein Talent hat, irgend et-
1471 1352 3087 1560 was Wirkliches zu machen.) Wenn ich
1468 1582 2979 1721 was könnte, wie du zum Neispiel,
1535 1690 3037 1884 :Zu Cäe: | würde ich mich gewiss
1442 1891 3122 2012 nicht um Wehltätigkeitsverstellungen
1484 2061 2997 2172 kiimnern; dann wären mir die Men-
1497 2190 2968 2349 schen wahrscheinlich auch egal.
1377 2385 2067 2510 Cäe: Auch —?
2534 2398 2680 2510 dit
1319 2450 3093 2646 Maria: Nein, ich hab' es nicht so ge-
1457 2575 3145 2894 meint - :Leiser: wenigstens dich
1524 2830 1822 3002 nicht.
1705 2894 2132 3049 lichen Kindern
1388 2879 3104 3158 Alb: Diese beiden Leute werden mit-
527 2926 1205 3212 Alp. Sincer
1489 3149 2262 3312 tagessen wellen.
1415 3243 3158 3451 Cäe: Oh, wir speisen nicht vor drei.
1415 3422 3102 3654 Es ist noch über eine Stunde bis da-
1607 3598 3102 3777 hin. Ich arbeite jetzt noch ein
