3400 4088
1557 412 3097 674 lerdings heff' ich zur Ehre unse-
1566 609 3099 829 rer musikalischen Stadt, dass Ihm
1564 782 3081 1010 beinah ausschliesslich die Leute
1578 922 3103 1143 applaudiert haben, die von Ihnen
1580 1057 3072 1339 bezahlt sind. :Inmer nervöser:
1584 1143 3130 1454 Freilich würd' ich nicht staunen,
1564 1433 2941 1657 wenn sich einer oder der andre
2565 1524 2988 1627 im Gefiihl
1584 1620 2928 1758 von diesen armen Teufeln
1391 1724 1954 1830 der Schmach.
1573 1749 2959 1918 , dass er seine ehrliche
1582 1909 3007 2103 Ueberzeugung für zwei bis drei
1578 2067 2937 2251 Kronen verkaufen musste, an
1609 2213 3076 2418 einer Säule der vierten Gallerk
1607 2405 2276 2551 erhenkt hätte.
1330 2551 2783 2711 Fried: Ich liebe Sie, Amadeus.
1282 2682 3097 2905 Amad: Bitte, lassen Sie das. : Wieder
1521 2844 2894 3034 am Klavier; spielt: Weiter.
1496 3025 2470 3203 "Was log der böse... "
1348 3142 3013 3356 Fried: :singt: „Was log der böse
1440 3309 2984 3505 Tag dir vor, - Dass die für dich
1454 3444 2657 3629 beschieden, die Traute...
1361 3613 2973 3782 Amad: unterbricht: Nein, beste
