3400 4056
2503 443 2679 574 157
1220 581 2169 767 einen nicht kannten.
1022 740 1786 955 Cäs: War schön.
1019 863 2899 1091 Amad: Das war übrigens der selbe Abend,
1202 1088 2964 1220 an dem wir das erste Zukunftsgespräch
1202 1257 1563 1417 hatten.
1299 1351 2971 1563 Ja. Du sagtest Ich weiss noch, was
1027 1398 1227 1558 Cäe:
1222 1546 2921 1727 du sagtest.) Ich weiss noch, womit es
1225 1682 2842 1838 anfing. Du sagtest: "Wenn man sich
1222 1811 2894 2043 selber sehen könnte, wie und we man
1237 1977 2924 2157 in fünf oder zehn Jahren sein wird..
1096 2118 2899 2367 Amad: Ja. Ich meinte: wenn man irgend
1259 2313 3048 2531 einen Moment seines zukünftigen Lebens
1249 2454 3008 2706 wie ein Bild ver sich hinzaubern könn-
1257 2677 1435 2830 to.
1034 2746 2986 2986 Cäe: Nun, man hätte sich gmütlich, in
1289 2909 3045 3122 einem behaglichen Zimmer, an einem Ka-
1272 3087 2934 3278 min sitzen und Tee trinken gesehen,
1338 3231 2820 3439 und wäre sehr beruhigt gewesen.
1103 3367 3097 3619 Amad: Nur waren wir damals noch gar nicht
1296 3552 3117 3824 überzeugt, dass wir überhaupt zusammen
