3352 4088
1414 590 3012 821 giebt; und keine Vernichtung eines
1436 782 3023 975 Verhältnisses, wenn man sich nicht
1393 952 2954 1089 verliert. Aber verlieren kann man
1389 1100 2898 1287 ein Wesen doch nur dadurch, dass
1414 1239 2960 1447 man es verrät, oder dass man von
1428 1416 3041 1557 ihm verraten wird.Sebald die Angst
1436 1580 3033 1754 vor dieser Möglichkeit fortgeräumt
1389 1711 3060 1923 ist, besteht kein Anlass mehr zu Un
1438 1892 2704 2106 ruhe, Unglück und Schmach.
1488 2066 3056 2245 Wenn man gemeinsam in einem herr-
1409 2201 2921 2318 lichen Schloss wehnt, mit weiter
1451 2332 2991 2536 Aussieht, und einem wundervellen
1463 2505 3083 2667 Garten, in dem man stundenlang spa¬
1420 2648 2991 2829 zieren zu gehen pflegt, und einen
1466 2806 2948 2954 nun einmal die Lust ankommt, im
1466 2981 3064 3170 Wald drüben Eräbeeren zu pflücken,
1515 3137 3052 3338 muss desswegen der Andere sehen
1501 3291 2993 3488 „Verrat!" und „Elend!" schreien,
1474 3424 3025 3661 Schloss und Garten verkaufen und
1501 3600 2921 3767 sagen: "Jetzt können wir auch
