3400 4040
2535 352 2718 484 169
1192 502 2873 633 Du kennst mit einer neuen Schönheit,
1201 681 2964 818 die ich nicht kannte,- mit keiner bes-
1201 804 3019 952 sern, glaub' ich,- aber mit einer grau¬
1213 961 2909 1101 samern, verhängnisvollern, schönern.
1347 1119 1471 1194 une
1279 1137 2973 1299 Se sprieht man nicht zu einer Freun-
1025 1172 1242 1357 Cäe:
1224 1338 1430 1450 din.
1669 1384 2514 1505 Als auch auf si pour trin
1297 1450 2941 1608 Du hast Recht. So spricht man viel-
987 1505 1236 1617 Amad:
1226 1592 2884 1731 leicht nur zu einer Frau, - und nur
1231 1761 3033 1893 zur Frau eines Andern. Aber du bist es
1238 1918 2912 2051 in diesem Moment, - auch wenn nichts
1261 2042 3015 2224 von all dem wahr wäre, was nun wahre ge¬
1256 2231 2962 2361 worden ist,- - du bist die (Frau), die
1251 2382 2923 2535 Geliebte von Menschen, die ich noch
1265 2535 3065 2722 nicht kenne,- die au noch nicht kennst,
1345 2670 3037 2866 von xxxxxx Männern, die du verraten
1281 2841 3037 3037 wirst, die aich verraten werden,- und
1283 2989 2996 3188 mir ist zumute wie einem, der es mit
1297 3152 2967 3359 der Zukunft aufnehmen will und dich
1309 3261 3149 3526 Leuten wegnehmen möchte, die vielleicht
1322 3439 3126 3629 von deiner Existenz noch nichts wissen
