3544 4152
2706 511 2891 658 140
997 673 3038 891 Amad: Nun ja, weil du sehr gut weisst, wie
1271 845 2863 1091 einförmig meine Existenz im ganzen
1263 997 2969 1195 verläuft - und über den Tristan habe
1271 1149 3075 1377 ich dir ja einen Quartband geschrieben
1096 1281 3081 1587 Cäc: rückt zu ihm, legt die Hand auf sei-
1293 1450 3012 1686 nen Arm: Ja. - Mit Iselde, das ist
1296 1683 2468 1878 ja eine nette Geschichte
1134 1774 2951 2005 Amad: Ah, hast du auch sehen gelesen?
1291 1957 2868 2192 Aber stelle dir vor, dass sie...
1114 2195 1848 2357 Cäc: Was denn?
1683 2187 2367 2362 du mar vous lui fien
1177 2248 3124 2503 Amaa: Ich habe es ihr ausdrücklich unter
1382 2415 2893 2650 sagt, und sie war doch vor einer
1380 2526 3212 2784 Stunde hier. Und denke dir: sie sprach
1412 2683 3126 2984 kein Wert davon, dass ihr Mann heute
1443 2850 2863 3106 einen Menschen erschessen hat.
1268 3017 3144 3288 Cäe! Sie wellte aich effenbar nicht aus
1466 3220 2473 3445 der Stimmung bringen.
1291 3339 3025 3617 Amad : Das war nicht hübsch, Cäcilie.
1354 3498 3308 3853 Cäc: (Du hast Recht, es ist wirklich kein
