3320 4008
1403 520 2941 711 steht, das zu wenöglich ver Kumme
1423 709 2902 856 bewahren willet, würden dich auf
1413 828 2890 1045 reiben, zugrunde richten. (Du ge-
1407 988 2916 1199 hörst nicht zu den Menschen, die
1419 1154 2795 1341 in Intrigen herumplätschern wir
1409 1312 2707 1510 ihrem eigenen) Lebenselement.
1308 1489 2181 1645 Amad: Zweifelles.
1269 1653 2922 1809 Alb: Nun, wenn man das weiss, muss
1407 1766 3025 1970 man auch seine Existenz danach ein-
1413 1941 2916 2134 richten. Du musst dich vor einer
1409 2111 3031 2288 Lebensführung hüten, die das Lügen
1413 2251 2943 2440 und Komödiespielen notwendig mit
1413 2413 2974 2608 sich bringt, - - se hüten wie Ande###
1473 2563 2259 2756 vor Sumpfluft.
1288 2721 2941 2929 Ammad: immer ruhig: Du brauchst
1423 2888 3013 3093 nicht zu besorgen, dass ich in sol¬
1438 3035 3046 3249 che Lebenslagen gerate. Es ist ganz
1431 3179 2150 3380 ausgeschlossen.
1296 3370 2888 3543 Alb: Sof... Das ist etwas kühn ge¬
1442 3504 2962 3779 sprechen. (Ich könnte es ja noch
