3368 4168
2682 590 2866 715 184
1013 695 3015 914 Amad: : ihn ansehend:
1210 874 3053 1053 es nicht geglaubt, dass wir nur Freunde
1252 1036 2836 1218 und Freundin waren - bis gestern.)
1297 1150 2864 1360 Warum entrüstet dich das so sehr?
1016 1195 1220 1347 Alb:
1247 1332 3063 1531 Du hast keine Ursache. Du siehst, alle,
1257 1521 2854 1683 die so etwas vermutet, haben Recht
1589 1606 1875 1706 lukonie
1257 1661 2906 1855 gehabt. Wie die Leute eben meistens
1255 1795 2981 1985 Recht haben, in dem was sie vermuten,
1267 1960 2901 2159 - nur gewöhnlich etwas zu früh oder
1260 2109 3043 2276 etwas zu spät. (Die Gerüchte erleben es
1302 2293 2918 2448 eben manchmal nicht, Wahrheiten zu
1255 2403 2958 2602 werden., aber die Anlage dazu steckt
1255 2572 2946 2734 immer in ihnen. Und wenn man von ei-
1245 2727 2963 2926 nen, den das Gerücht einen Dieb und
1245 2913 2849 3045 Betrüger nannte, als Ehrenmann be-
1247 3053 3043 3249 gräbt, kannst du darauf schwören, dass
1305 3197 3033 3424 er nur zu früh gestorben ist.) Das Ge-
1783 3324 2034 3464 Macht
1243 3357 2995 3548 heimnisvoll, des Gerüchts ist es, dass
1210 3508 2978 3715 es nie weiss, was wir tun, aber immer,
1245 3645 2911 3825 was wir wollen. Darum soll man sich
