3416 4072
2877 388 3001 507 77
1290 528 2994 739 wir in den letzten Monaten waren, we
1297 742 2937 914 sich doch somancherlei in uns abge¬
857 774 1121 946 Bilasy
1307 875 3063 1049 spielt hat, und in denen wir doch end-
1286 1022 3036 1203 lich viel zu überwinden hatten, um se
1297 1201 2707 1302 ehrlich zu bleiben, als wir es
1286 1373 3127 1488 schliesslich geblieben sind. - Meinten
1290 1495 2992 1674 wir nicht anfangs, dass gerade unser
1286 1644 3077 1757 heisses Bestreben, immer aufrichtig zu
1290 1805 3006 1936 sein, uns gegen unsere eigenen Gefüh-
1288 1961 3072 2124 1 mistrauischer machte, und haben wir
1334 2108 3031 2257 nicht viel Kraft unserer Seele daran
1288 2266 3026 2397 gewendet, in jedem Augenblivk se klar
1286 2446 2985 2595 über uns zu sein, als wir’s einander
1288 2567 3017 2760 schuldig waren... und nicht viel Ver-
1304 2758 3036 2935 trauen notwendig gehabt, um in dieser
1313 2882 2983 3059 Epoche keine Stunde lang an einander
1295 3059 2985 3219 zu zweifeln?... Jetzt ist alles ent-
549 3144 1192 3327 sehl sie r mrk
1297 3203 2905 3359 schieden, und wir wissen, dass wir
604 3297 852 3477 fort.
1307 3378 3038 3536 eben kein Liebespaar mehr sind, XXXX
1828 3467 2060 3571 yr-gee
1300 3536 3015 3658 sondern Freunde Und jetzt erst fühl
