<?xml version="1.0" encoding="UTF-8" standalone="yes"?>
<PcGts xmlns="http://schema.primaresearch.org/PAGE/gts/pagecontent/2013-07-15" xmlns:xsi="http://www.w3.org/2001/XMLSchema-instance" xsi:schemaLocation="http://schema.primaresearch.org/PAGE/gts/pagecontent/2013-07-15 http://schema.primaresearch.org/PAGE/gts/pagecontent/2013-07-15/pagecontent.xsd">
    <Metadata>
        <Creator>prov=READ-COOP:name=TrHtr:version=2.1.0:model_id=51170:date=25_07_2023_02:33</Creator>
        <Created>2023-05-10T13:05:16.185+02:00</Created>
        <LastChange>2023-07-25T02:33:25.188+02:00</LastChange>
        <TranskribusMetadata docId="1428561" pageId="55408583" pageNr="218" tsid="130581066" status="IN_PROGRESS" userId="64420" imgUrl="https://files.transkribus.eu/Get?id=LDGNWEFCELPZYVWBGBQAPNTC&amp;fileType=view" xmlUrl="https://files.transkribus.eu/Get?id=ZPCOJKKZBSVESUDZLPAXWCUD" imageId="44682729"/>
    </Metadata>
    <Page imageFilename="1428561_0218.jpg" imageWidth="3368" imageHeight="4088">
        <ReadingOrder>
            <OrderedGroup id="ro_1711794699034" caption="Regions reading order">
                <RegionRefIndexed index="0" regionRef="tr_2"/>
                <RegionRefIndexed index="1" regionRef="tr_1"/>
            </OrderedGroup>
        </ReadingOrder>
        <TextRegion id="tr_2" custom="readingOrder {index:0;}">
            <Coords points="420,487 3037,487 3037,1791 420,1791"/>
            <TextLine id="tr_2_tl_1" custom="readingOrder {index:0;}">
                <Coords points="2583,575 2614,572 2635,580 2645,570 2676,575 2695,568 2712,577 2745,563 2759,565 2769,472 2748,470 2707,489 2693,470 2681,472 2671,460 2640,456 2616,470 2592,460"/>
                <Baseline points="2599,552 2634,552 2679,549 2724,543 2769,537"/>
                <TextEquiv>
                    <Unicode>229</Unicode>
                </TextEquiv>
            </TextLine>
            <TextLine id="tr_2_tl_2" custom="readingOrder {index:1;}">
                <Coords points="1114,880 2881,820 3031,782 3034,680 1119,718"/>
                <Baseline points="1130,832 1157,829 1202,829 1247,829 1292,829 1336,826 1381,823 1426,820 1471,820 1515,820 1560,817 1605,817 1650,817 1694,814 1739,811 1784,808 1829,808 1873,808 1918,805 1963,805 2008,802 2052,802 2097,799 2142,796 2187,796 2231,796 2276,796 2321,796 2366,793 2411,790 2455,787 2500,787 2545,787 2590,781 2634,781 2679,781 2724,781 2769,778 2813,778 2858,775 2903,775 2948,772 2992,769 3037,772"/>
                <TextEquiv>
                    <Unicode>sche und Gedanken blieben. Und was willst</Unicode>
                </TextEquiv>
            </TextLine>
            <TextLine id="tr_2_tl_3" custom="readingOrder {index:2;}">
                <Coords points="1111,1049 2671,944 2912,997 2962,987 2967,859 2781,892 2414,820 1906,909 1116,902"/>
                <Baseline points="1127,993 1133,990 1178,987 1223,987 1268,987 1312,984 1357,984 1402,981 1447,981 1491,981 1536,978 1581,975 1626,975 1671,972 1715,972 1760,969 1805,969 1850,966 1894,963 1939,963 1984,957 2029,960 2073,957 2118,954 2163,954 2208,951 2252,951 2297,948 2342,948 2387,945 2431,945 2476,945 2521,942 2566,939 2610,939 2655,936 2700,936 2745,939 2789,936 2834,936 2879,933 2924,933 2969,933"/>
                <TextEquiv>
                    <Unicode>du denn in mir für Qualen aufwühlen, da</Unicode>
                </TextEquiv>
            </TextLine>
            <TextLine id="tr_2_tl_4" custom="readingOrder {index:3;}">
                <Coords points="1078,1154 2001,1173 2554,1097 2898,1140 2855,1018 2554,1052 2445,997 1743,1078 1083,1033"/>
                <Baseline points="1092,1148 1115,1148 1160,1148 1205,1145 1250,1142 1295,1142 1339,1139 1384,1139 1429,1139 1474,1136 1518,1133 1563,1133 1608,1130 1653,1130 1697,1130 1742,1130 1787,1127 1832,1124 1876,1124 1921,1124 1966,1121 2011,1121 2055,1118 2100,1115 2145,1113 2190,1113 2234,1110 2279,1107 2324,1107 2369,1104 2414,1101 2458,1098 2503,1098 2548,1098 2593,1095 2637,1095 2682,1095 2727,1092 2772,1092 2816,1089 2861,1089 2906,1083"/>
                <TextEquiv>
                    <Unicode>du doch siehst, dass ich bereit bin al-</Unicode>
                </TextEquiv>
            </TextLine>
            <TextLine id="tr_2_tl_5" custom="readingOrder {index:4;}">
                <Coords points="405,1340 441,1350 475,1331 494,1343 565,1326 620,1343 649,1331 687,1355 735,1343 766,1357 794,1219 737,1228 692,1190 549,1238 525,1209 436,1188"/>
                <Baseline points="420,1327 429,1330 474,1321 519,1315 563,1309 608,1303 653,1295 698,1274 719,1274 748,1265 793,1253"/>
                <TextEquiv>
                    <Unicode>Mar soo</Unicode>
                </TextEquiv>
            </TextLine>
            <TextLine id="tr_2_tl_6" custom="readingOrder {index:5;}">
                <Coords points="1126,1326 1214,1345 1328,1300 1407,1326 1829,1290 1898,1307 1939,1286 1944,1181 1805,1190 1717,1161 1624,1171 1512,1231 1357,1216 1128,1245"/>
                <Baseline points="1139,1303 1184,1303 1229,1300 1274,1300 1318,1298 1363,1298 1408,1295 1453,1295 1497,1289 1542,1289 1587,1289 1632,1286 1676,1286 1721,1283 1766,1283 1811,1280 1856,1280 1900,1277 1945,1271"/>
                <TextEquiv>
                    <Unicode>les zu vergessen?</Unicode>
                </TextEquiv>
            </TextLine>
            <TextLine id="tr_2_tl_7" custom="readingOrder {index:6;}">
                <Coords points="990,1493 1192,1534 1491,1462 1622,1522 2600,1412 2712,1464 2886,1419 2891,1348 2719,1302 2075,1386 1810,1324 1486,1405 992,1414"/>
                <Baseline points="1002,1474 1011,1471 1056,1471 1101,1474 1145,1468 1190,1465 1235,1462 1280,1462 1324,1459 1369,1459 1414,1453 1459,1453 1503,1450 1548,1447 1593,1444 1638,1444 1682,1444 1727,1438 1772,1438 1817,1438 1861,1438 1906,1432 1951,1432 1996,1429 2041,1429 2085,1426 2130,1426 2175,1423 2220,1423 2264,1420 2309,1420 2354,1420 2399,1417 2443,1414 2488,1414 2533,1411 2578,1408 2622,1408 2667,1405 2712,1405 2757,1402 2801,1402 2846,1399 2891,1405"/>
                <TextEquiv>
                    <Unicode>C: (Und wenn - wer sagt dir, dass ich es</Unicode>
                </TextEquiv>
            </TextLine>
            <TextLine id="tr_2_tl_8" custom="readingOrder {index:7;}">
                <Coords points="420,1498 441,1505 465,1493 506,1493 513,1505 539,1512 549,1536 565,1531 575,1548 611,1550 675,1381 646,1381 630,1369 487,1424 453,1402"/>
                <Baseline points="438,1483 453,1480 498,1471 543,1456 587,1438 629,1414 674,1402"/>
                <TextEquiv>
                    <Unicode>nomm</Unicode>
                </TextEquiv>
            </TextLine>
            <TextLine id="tr_2_tl_9" custom="readingOrder {index:8;}">
                <Coords points="1138,1655 1154,1658 1192,1629 1231,1636 1247,1653 1367,1624 1395,1641 1421,1629 1495,1641 1498,1557 1464,1541 1441,1548 1424,1536 1376,1562 1362,1548 1297,1548 1283,1531 1259,1538 1247,1524 1185,1553 1145,1538"/>
                <Baseline points="1154,1617 1190,1617 1235,1611 1280,1611 1324,1608 1369,1608 1414,1605 1459,1602 1503,1596"/>
                <TextEquiv>
                    <Unicode>könnte?</Unicode>
                </TextEquiv>
            </TextLine>
            <TextLine id="tr_2_tl_10" custom="readingOrder {index:9;}">
                <Coords points="999,1794 2893,1732 2898,1610 1002,1717"/>
                <Baseline points="1014,1778 1020,1778 1065,1778 1110,1781 1154,1775 1199,1769 1244,1769 1289,1769 1333,1766 1378,1766 1423,1763 1468,1760 1512,1760 1557,1760 1602,1757 1647,1754 1691,1757 1736,1754 1781,1751 1826,1751 1870,1748 1915,1745 1960,1745 2005,1742 2049,1742 2094,1739 2139,1736 2184,1733 2229,1733 2273,1733 2318,1730 2363,1727 2408,1727 2452,1724 2497,1724 2542,1721 2587,1718 2631,1715 2676,1715 2721,1715 2766,1709 2810,1709 2855,1709 2900,1709"/>
                <TextEquiv>
                    <Unicode>A: Du hast es ja getan. Du (kanntest die</Unicode>
                </TextEquiv>
            </TextLine>
        </TextRegion>
        <TextRegion id="tr_1" custom="readingOrder {index:1;}">
            <Coords points="387,1803 3103,1803 3103,3710 387,3710"/>
            <TextLine id="tr_1_tl_1" custom="readingOrder {index:0;}">
                <Coords points="1150,1963 2848,1898 2988,1875 2991,1808 2375,1822 2282,1774 1934,1846 1152,1870"/>
                <Baseline points="1166,1924 1202,1924 1247,1924 1292,1924 1336,1924 1381,1918 1426,1918 1471,1915 1515,1915 1560,1912 1605,1909 1650,1906 1694,1906 1739,1906 1784,1906 1829,1900 1873,1897 1918,1894 1963,1894 2008,1894 2052,1894 2097,1891 2142,1888 2187,1885 2231,1885 2276,1882 2321,1882 2366,1879 2411,1879 2455,1879 2500,1876 2545,1876 2590,1873 2634,1870 2679,1870 2724,1870 2769,1867 2813,1864 2858,1864 2903,1861 2948,1858 2992,1853"/>
                <TextEquiv>
                    <Unicode>ganze Wahrheit - meine Schuld und deine</Unicode>
                </TextEquiv>
            </TextLine>
            <TextLine id="tr_1_tl_2" custom="readingOrder {index:1;}">
                <Coords points="1161,2101 2798,2070 2800,1980 1164,2022"/>
                <Baseline points="1175,2079 1196,2079 1241,2079 1286,2079 1330,2079 1375,2076 1420,2073 1465,2073 1509,2073 1554,2067 1599,2064 1644,2064 1688,2064 1733,2058 1778,2058 1823,2058 1867,2058 1912,2055 1957,2055 2002,2052 2046,2049 2091,2049 2136,2046 2181,2044 2226,2044 2270,2041 2315,2038 2360,2038 2405,2035 2449,2035 2494,2032 2539,2032 2584,2029 2628,2026 2673,2029 2718,2026 2763,2026 2807,2029"/>
                <TextEquiv>
                    <Unicode>Reinheit - und) wurdest wieder mein.</Unicode>
                </TextEquiv>
            </TextLine>
            <TextLine id="tr_1_tl_3" custom="readingOrder {index:2;}">
                <Coords points="1214,2251 2168,2251 2659,2194 2802,2232 2810,2073 2230,2161 1946,2130 1421,2189 1219,2149"/>
                <Baseline points="1226,2234 1244,2237 1289,2237 1333,2237 1378,2237 1423,2237 1468,2234 1512,2234 1557,2231 1602,2229 1647,2229 1691,2226 1736,2223 1781,2220 1826,2220 1870,2217 1915,2214 1960,2214 2005,2214 2049,2214 2094,2208 2139,2208 2184,2205 2229,2202 2273,2199 2318,2199 2363,2196 2408,2193 2452,2190 2497,2190 2542,2187 2587,2187 2631,2187 2676,2187 2721,2187 2766,2184 2810,2187"/>
                <TextEquiv>
                    <Unicode>Weil ich etwas vergessen hätte?...</Unicode>
                </TextEquiv>
            </TextLine>
            <TextLine id="tr_1_tl_4" custom="readingOrder {index:3;}">
                <Coords points="1026,2309 1045,2311 1083,2285 1090,2290 1099,2290 1109,2282 1123,2285 1123,2182 1109,2182 1102,2175 1088,2178 1078,2168 1066,2178 1054,2173 1037,2156 1026,2156"/>
                <Baseline points="1038,2258 1083,2255 1127,2258 1130,2258"/>
                <TextEquiv>
                    <Unicode>C:</Unicode>
                </TextEquiv>
            </TextLine>
            <TextLine id="tr_1_tl_5" custom="readingOrder {index:4;}">
                <Coords points="372,2352 429,2342 472,2371 527,2340 601,2354 732,2323 820,2392 930,2399 947,2194 851,2232 775,2213 737,2232 661,2225 539,2285 453,2271 384,2213"/>
                <Baseline points="387,2336 408,2333 453,2333 498,2330 543,2330 587,2327 632,2321 677,2321 722,2318 766,2315 811,2303 856,2300 901,2291 945,2288"/>
                <TextEquiv>
                    <Unicode>Maréum sis it</Unicode>
                </TextEquiv>
            </TextLine>
            <TextLine id="tr_1_tl_6" custom="readingOrder {index:5;}">
                <Coords points="1178,2414 1684,2385 1813,2433 2349,2354 2776,2392 2900,2371 2905,2247 1183,2342"/>
                <Baseline points="1193,2402 1208,2402 1253,2402 1298,2402 1342,2402 1387,2399 1432,2396 1477,2396 1521,2396 1566,2393 1611,2390 1656,2387 1700,2384 1745,2384 1790,2381 1835,2378 1879,2378 1924,2375 1969,2375 2014,2369 2058,2369 2103,2366 2148,2363 2193,2363 2237,2360 2282,2360 2327,2354 2372,2348 2416,2348 2461,2348 2506,2345 2551,2345 2596,2345 2640,2342 2685,2342 2730,2339 2775,2336 2819,2336 2864,2339 2909,2336"/>
                <TextEquiv>
                    <Unicode>Glaubst du das wirklich? - Du irrst,</Unicode>
                </TextEquiv>
            </TextLine>
            <TextLine id="tr_1_tl_7" custom="readingOrder {index:6;}">
                <Coords points="386,2435 444,2445 496,2488 510,2478 525,2488 580,2454 601,2471 670,2461 699,2480 754,2473 761,2352 708,2330 665,2347 627,2335 553,2383 515,2356 453,2399 391,2385"/>
                <Baseline points="399,2434 405,2434 450,2431 495,2431 540,2425 584,2419 629,2422 674,2419 719,2414 763,2402"/>
                <TextEquiv>
                    <Unicode>nicht gefloh</Unicode>
                </TextEquiv>
            </TextLine>
            <TextLine id="tr_1_tl_8" custom="readingOrder {index:7;}">
                <Coords points="1672,2461 1760,2483 1782,2471 1796,2480 1822,2459 1836,2468 1887,2459 1937,2480 2006,2468 2008,2402 1987,2406 1970,2387 1951,2387 1906,2411 1858,2404 1836,2423 1803,2426 1786,2411 1753,2435 1674,2426"/>
                <Baseline points="1688,2461 1697,2461 1742,2461 1787,2458 1832,2452 1876,2455 1921,2449 1966,2446 2011,2443"/>
                <TextEquiv>
                    <Unicode>it</Unicode>
                </TextEquiv>
            </TextLine>
            <TextLine id="tr_1_tl_9" custom="readingOrder {index:8;}">
                <Coords points="1402,2497 1443,2485 1455,2490 1467,2480 1493,2495 1510,2485 1531,2502 1553,2488 1581,2492 1598,2476 1610,2478 1615,2409 1603,2406 1572,2430 1555,2416 1519,2406 1476,2430 1431,2416 1407,2418"/>
                <Baseline points="1417,2476 1438,2476 1483,2473 1527,2470 1572,2467 1617,2467"/>
                <TextEquiv>
                    <Unicode>nogd</Unicode>
                </TextEquiv>
            </TextLine>
            <TextLine id="tr_1_tl_10" custom="readingOrder {index:9;}">
                <Coords points="1228,2604 3043,2530 3048,2423 1233,2478"/>
                <Baseline points="1241,2566 1259,2566 1303,2563 1348,2566 1393,2563 1438,2563 1483,2560 1527,2560 1572,2557 1617,2554 1662,2551 1706,2548 1751,2548 1796,2545 1841,2542 1885,2542 1930,2539 1975,2533 2020,2530 2064,2530 2109,2527 2154,2527 2199,2527 2243,2524 2288,2524 2333,2521 2378,2515 2422,2512 2467,2512 2512,2509 2557,2509 2601,2506 2646,2506 2691,2503 2736,2500 2781,2500 2825,2497 2870,2494 2915,2494 2960,2488 3004,2488 3049,2485"/>
                <TextEquiv>
                    <Unicode>Weil dich dich liebte, Amadeus. Dich an</Unicode>
                </TextEquiv>
            </TextLine>
            <TextLine id="tr_1_tl_11" custom="readingOrder {index:10;}">
                <Coords points="1181,2750 3034,2678 3038,2564 2845,2583 2781,2530 2554,2597 2163,2540 1922,2623 1374,2602 1185,2659"/>
                <Baseline points="1196,2733 1208,2733 1253,2730 1298,2730 1342,2727 1387,2727 1432,2724 1477,2721 1521,2718 1566,2718 1611,2715 1656,2712 1700,2709 1745,2709 1790,2706 1835,2703 1879,2703 1924,2700 1969,2694 2014,2691 2058,2691 2103,2688 2148,2685 2193,2685 2237,2682 2282,2679 2327,2676 2372,2676 2416,2673 2461,2670 2506,2670 2551,2667 2596,2664 2640,2664 2685,2661 2730,2658 2775,2655 2819,2652 2864,2649 2909,2646 2954,2643 2998,2640 3043,2640"/>
                <TextEquiv>
                    <Unicode>tiefsten - dich allein in dieser ganzen</Unicode>
                </TextEquiv>
            </TextLine>
            <TextLine id="tr_1_tl_12" custom="readingOrder {index:11;}">
                <Coords points="787,2719 801,2726 813,2721 823,2736 844,2726 871,2731 916,2719 928,2731 954,2717 968,2719 990,2602 968,2590 959,2595 942,2588 921,2597 909,2583 894,2592 842,2588 837,2578 816,2573"/>
                <Baseline points="805,2700 817,2700 862,2691 907,2685 951,2679 987,2661"/>
                <TextEquiv>
                    <Unicode>habt</Unicode>
                </TextEquiv>
            </TextLine>
            <TextLine id="tr_1_tl_13" custom="readingOrder {index:12;}">
                <Coords points="1178,2903 3010,2845 3015,2745 2304,2702 1734,2802 1185,2779"/>
                <Baseline points="1193,2891 1226,2891 1271,2891 1315,2888 1360,2888 1405,2885 1450,2879 1494,2879 1539,2879 1584,2876 1629,2873 1673,2873 1718,2870 1763,2867 1808,2864 1853,2864 1897,2858 1942,2855 1987,2852 2032,2849 2076,2846 2121,2846 2166,2843 2211,2840 2255,2840 2300,2837 2345,2837 2390,2834 2434,2831 2479,2828 2524,2825 2569,2822 2613,2819 2658,2819 2703,2816 2748,2813 2792,2813 2837,2810 2882,2810 2927,2807 2972,2807 3016,2807"/>
                <TextEquiv>
                    <Unicode>Zeit - dich in diesem vergangenen Jahr,</Unicode>
                </TextEquiv>
            </TextLine>
            <TextLine id="tr_1_tl_14" custom="readingOrder {index:13;}">
                <Coords points="1195,3077 3043,3010 3050,2845 2643,2919 1851,2893 1646,2962 1200,2969"/>
                <Baseline points="1208,3055 1217,3055 1262,3049 1306,3049 1351,3049 1396,3043 1441,3040 1486,3037 1530,3037 1575,3037 1620,3034 1665,3031 1709,3028 1754,3028 1799,3025 1844,3022 1888,3022 1933,3016 1978,3013 2023,3010 2067,3007 2112,3007 2157,3004 2202,3001 2246,2998 2291,2998 2336,2998 2381,2992 2425,2992 2470,2986 2515,2983 2560,2983 2604,2980 2649,2977 2694,2974 2739,2972 2784,2969 2828,2969 2873,2966 2918,2960 2963,2960 3007,2960 3052,2963"/>
                <TextEquiv>
                    <Unicode>wo wir einander schon mit grausamen Auf-</Unicode>
                </TextEquiv>
            </TextLine>
            <TextLine id="tr_1_tl_15" custom="readingOrder {index:14;}">
                <Coords points="1216,3251 2976,3165 2984,3043 1224,3124"/>
                <Baseline points="1232,3213 1241,3213 1286,3210 1330,3207 1375,3207 1420,3204 1465,3204 1509,3198 1554,3195 1599,3195 1644,3189 1688,3189 1733,3186 1778,3183 1823,3183 1867,3180 1912,3177 1957,3174 2002,3171 2046,3171 2091,3171 2136,3165 2181,3165 2226,3159 2270,3157 2315,3154 2360,3154 2405,3151 2449,3151 2494,3148 2539,3145 2584,3142 2628,3136 2673,3136 2718,3133 2763,3130 2807,3127 2852,3124 2897,3124 2942,3124 2986,3127"/>
                <TextEquiv>
                    <Unicode>richtigkeiten quälten, - auch zuletzt,</Unicode>
                </TextEquiv>
            </TextLine>
            <TextLine id="tr_1_tl_16" custom="readingOrder {index:15;}">
                <Coords points="1216,3399 3048,3306 3103,3196 1956,3279 1224,3248"/>
                <Baseline points="1229,3380 1268,3377 1312,3374 1357,3371 1402,3368 1447,3365 1491,3362 1536,3362 1581,3359 1626,3356 1671,3353 1715,3350 1760,3347 1805,3342 1850,3339 1894,3339 1939,3333 1984,3333 2029,3330 2073,3327 2118,3327 2163,3321 2208,3318 2252,3315 2297,3315 2342,3312 2387,3309 2431,3309 2476,3306 2521,3303 2566,3300 2610,3294 2655,3294 2700,3291 2745,3285 2789,3285 2834,3282 2879,3279 2924,3276 2969,3276 3013,3273 3058,3273 3103,3273"/>
                <TextEquiv>
                    <Unicode>da du schon Andern gehörtest und es mich</Unicode>
                </TextEquiv>
            </TextLine>
            <TextLine id="tr_1_tl_17" custom="readingOrder {index:16;}">
                <Coords points="1228,3544 2528,3520 3060,3442 3065,3360 2447,3332 1827,3432 1235,3422"/>
                <Baseline points="1241,3535 1277,3535 1321,3532 1366,3532 1411,3530 1456,3527 1500,3521 1545,3518 1590,3515 1635,3512 1679,3509 1724,3506 1769,3506 1814,3503 1858,3500 1903,3503 1948,3503 1993,3497 2038,3494 2082,3494 2127,3488 2172,3485 2217,3485 2261,3479 2306,3476 2351,3473 2396,3470 2440,3464 2485,3461 2530,3458 2575,3455 2619,3452 2664,3449 2709,3446 2754,3443 2798,3440 2843,3437 2888,3434 2933,3431 2977,3428 3022,3428 3067,3428"/>
                <TextEquiv>
                    <Unicode>zu Andern trieb,... immer, immer liebte</Unicode>
                </TextEquiv>
            </TextLine>
            <TextLine id="tr_1_tl_18" custom="readingOrder {index:17;}">
                <Coords points="1238,3723 1999,3678 2094,3735 2464,3687 2702,3728 2900,3654 3017,3704 3031,3501 1972,3518 1786,3594 1245,3628"/>
                <Baseline points="1253,3700 1283,3700 1327,3694 1372,3694 1417,3691 1462,3688 1506,3685 1551,3682 1596,3676 1641,3673 1685,3667 1730,3664 1775,3664 1820,3661 1864,3661 1909,3658 1954,3658 1999,3658 2044,3658 2088,3655 2133,3652 2178,3646 2223,3643 2267,3640 2312,3637 2357,3631 2402,3628 2446,3625 2491,3622 2536,3622 2581,3616 2625,3613 2670,3607 2715,3607 2760,3604 2804,3601 2849,3601 2894,3595 2939,3595 2983,3592 3028,3586"/>
                <TextEquiv>
                    <Unicode>ich dich - - darum,... nur darim wurde</Unicode>
                </TextEquiv>
            </TextLine>
        </TextRegion>
    </Page>
</PcGts>
