3512 4200
2494 430 2664 563 231
1073 653 2869 920 du denn gar nicht, dass es nichts Söhö
1083 838 2799 1061 neres geben kann, als jetzt wirklich
1096 1008 2799 1213 von einander scheiden? - Diese Nacht
1076 1123 2944 1398 enthielt alles - Wiederfinden, Abschied,
1121 1298 2984 1558 Seligkeit, Verzweiflung, einen neuen An¬
1143 1436 2981 1683 fang und das Ende. ) Du warst mein Gatte
1146 1593 2954 1853 zum letzten Mal, und warst mein erster
1168 1766 2921 2006 Geliebter. Jetzt erst kann ich - aber
1153 1933 2934 2186 jetzt muss ich auch von dir fortgehen.
1186 2094 2994 2361 Denn jetzt erst hab' ich mich befreit,
1211 2221 3054 2499 denn ich hab es mir unmöglich gemacht,
1233 2364 3124 2641 dir jemals wieder zu gehören. Unaght
1091 2536 3002 2829 A: Und was hast du jetzt vor? Was wirst
1541 2586 1866 2701 Gösterei.
1261 2841 1623 2981 du tun?
1136 2839 3157 3172 C:  Was mir schon lange nicht verwehrt war.
490 2866 810 3087 Vielleit
1156 3097 2394 3304 A: Jetzt aber ist es dir!
1166 3249 2241 3482 C: Mit welchem Recht?
1183 3329 3149 3609 A: Mit dem Recht des Gatten - des Freun-
1353 3564 2316 3759 des - des Geliebten!
1228 3779 1561 3967 C: 01
