3416 4104
1420 625 3142 819 leicht: Der Bekannte war wel Sieg
1912 736 3007 960 thi zeugt wohl mit d Tageaen?
1418 826 1861 971 mund?
1354 922 2885 1134 Cäs: Der, mit dem ich spazieren
1506 1052 3048 1277 ging?... Ja Wir waren im Schwarz-
1497 1240 3041 1467 zenberggarten.) Er lässt dich grüs-
1501 1452 1726 1606 son.
1388 1544 2999 1735 Amad: lächelnd: Wozu? :Kommt
1469 1702 3009 1925 mit den Noten zum Klavier:
1536 1880 3212 2077 ist doch nicht notwendig. Da könnt¬
1553 2008 3110 2214 er doch ebensegut wieder in unser
1593 2201 2194 2383 Haus kommen?
1431 2348 3150 2549 Cäe: Das ist’s nicht, was mir am we-
2271 2402 3283 2547 dass er nicht mehr in deikrmt
1574 2522 3146 2716 nigsten gefällt. Es giebt Andere,
1591 2648 3206 2830 die nicht dieses Feingefühl hätten
2363 2738 2994 2864 hebt ihre gans achnde
1414 2821 3024 3009 Amad: Ja, das mag sein. Jebrigens
1596 2962 3150 3189 kenn' ich ihn ja besser... länger
1651 3112 3174 3345 wenigstens kenn' ich ihn als du.
1621 3247 3215 3499 Als Buben hab' ich ihn gekannt se-
1668 3450 3187 3687 zusagen.-Ich lass' ihn auch grüs
