3416 4072
1752 379 2758 634 war auch  188
1265 530 2936 731 Du aber bist nicht die Cäeilie, die
943 634 1202 794 Amad:
1197 686 2864 902 ich geliebt habe,- nicht die Mutter
1200 828 2950 1053 unseres Kinds,- nein. Eine Frau, eine
1209 1019 2956 1270 andere, als ich sie kannte,- nur sehr
1218 1238 2814 1387 ähnlich einer, die mir lieb war,..
1227 1389 2871 1531 aber gefährlicher unbegreiflicher,
1254 1445 2938 1707 fremder. Du bist nicht die Frau, die
1256 1684 2859 1833 sieben Jahre meine Frau war. Jetzt
1245 1842 2828 2014 nicht. Irgend ein geheimnisvoller
1218 2002 2988 2160 Zusammenhang besteht nur zwischen dem
1283 2145 3101 2352 jungen Mäechen, das eines Abends
1430 2282 1901 2370 klein Zimmer
1301 2293 3035 2485 plötzlich in meine Arme sank, und der
1301 2408 3101 2634 Frau, die heute von einer Reise zurück-
1317 2550 2968 2835 gekehrt ist, auf der sie sich viel-
2618 2672 3141 2789 über sich klar wird
1310 2783 3103 2959 lei eht zum ersten Mal selbst erkannte.
1414 2909 3049 3092 Aber diese sieben Jahre dazwischen
1348 3074 3049 3263 habe ich mit irgend einer Andern ver
1355 3243 3017 3421 lebt, - mit einer stillen, gütigen,
1328 3380 2959 3585 mit einer Art von Engel vielleicht,
1335 3549 2999 3782 mit gar keine m menschlichen Wesen.
