3480 4168
2700 352 2874 484 234
1071 544 2838 743 kommene Entschuldigung für den Beginn
1083 651 2852 862 der neuen... der alten Existenz, nach
1100 834 2952 1031 der du dich sehntest. Du warst eben ein
1100 1038 1366 1185 Mann!
1133 1126 3012 1330 Und du, Cäcilie, hast du vielleicht ein
967 1211 1085 1332 A:
1071 1320 2981 1484 Recht, dich als Weib her mich erhaben zu
1114 1458 2895 1632 fühlen?... nach allem, was du mir sag¬
1634 1577 2368 1700 Wenn also alles mehr
1133 1627 2860 1803 test?... Hast du mir nicht selbst ge¬
1130 1767 2843 1962 standen, was du an Sigismunds Seite,
1152 1912 2954 2130 was du unter den Blicken dieses Wedius
1161 2071 2971 2301 gefühlt hast?... Und varst du es nicht
1126 2216 2912 2456 selbst, die es empfand und die es Aus-
1199 2344 3007 2596 sprach, dass wir einander nichts vorzu-
1190 2546 2957 2762 werfen haben?... Wahrhaftig, wenn ich
1199 2686 3047 2926 mich zufriedengebe - wenn ich sage: ich
1211 2864 2933 3088 will es vergessen... so kannst du es
1223 3057 2458 3240 auch! Denn wir sind quitt.
1275 3161 3144 3420 Wir wären es, wenn du das wirklich fühl-
1095 3278 1197 3410 C:
1247 3261 3092 3570 test. Wir sind es, wenn du willst //Aber
1259 3456 3014 3738 an dem, was sein wird, kann es nichts
489 3430 881 3634 Nuilp
1396 3838 2342 4007 ... Du kaiuise mai
