3384 4024
2554 496 2731 619 1 70
1153 581 2627 773 und die für dich bestimmt sind.
1219 758 2835 983 :seltsam lachend: Wie redest du
976 787 1167 931 Càc :
1160 957 2955 1132 denn?... Red nicht se... au sellst as
1139 1080 2863 1238 nicht! - Du vergisst, dass man nicht
1141 1247 2878 1392 mehr so zu mir reden darf, seit kein
1141 1455 2847 1578 Ganzer mehr um mich ist,.. seit ich
1162 1569 3026 1722 niemandem mehr gehöre - auch dir nicht.
1394 1684 2256 1793 Bei reden an ein Versicher.
1165 1720 2802 1878 Es braucht nicht so viel, aass ich
1174 1883 2925 2015 einem gewissenlesen Verführer zum Op-
331 1852 881 2055 /ren wan?
1179 2025 3012 2223 fer falle. /- Komm doch zu dir, Amadeus!
255 2058 921 2214 Er man schaad...
281 2155 1014 2315 Di sich
1177 2221 2431 2337 Wolltest du mir nicht dein
302 2306 1122 2436 Freund si verloren. –
1172 2384 1970 2533 Sele verspielen?
966 2518 2863 2677 Amad: Ja, deine Stimme... deine Stimme!
1186 2625 2932 2823 Ich möchte dich auf ein paar Minuten
1198 2800 3031 2958 dort wieder haben, we ich dich nie ver-
1205 2977 2970 3142 lieren kann. Deine andere Stimme, mit
1210 3133 2960 3326 der du so merkwürdige Dinge spriehst,
1212 3253 2989 3445 ist mir frema. Du musst singen, damit
1236 3390 2991 3631 ich mich wiener zuhause fühle. - Dies
