3464 4168
2902 435 3029 616 62
1474 649 2948 858 sen. Es ist ein Unsinn, dass er
1511 771 3007 1002 nicht kommt. Als wenn es in mei¬
627 839 1271 1039 Herr so hätte von
1481 939 3005 1157 nem Verhältnis zu ihm das Gering
577 976 1195 1249 v Mepa fiell
1489 1112 2933 1306 ste ändern würde, dass er dich
1492 1339 1808 1463 liebt.
1371 1402 3134 1649 Cäs: lächelnd: Aber in seinem zu
1524 1561 3125 1784 dir.) Er ist offenbar feinfühliger
1579 1802 1941 1941 als du.
1402 1869 3020 2090 Amad: Das war nicht nett von dir,
1544 2020 3035 2238 Cäeilie. :Kemmt mit den Noten
1553 2206 2179 2420 zum Klavier:
1446 2345 3092 2583 Cäc: Verzeih... Was mir einmal auf
1633 2457 3149 2708 die Lippen kommt, das kann nicht
1583 2701 2168 2898 mehr zurück.
1463 2791 3042 3033 Amad: :hat sich auf den Klavier-
1612 2950 3217 3210 sessel gesetzt, die Neten zum Spie
1618 3134 3153 3372 len hergerichtet; wendet sich zu
1675 3293 3164 3505 ihr um, die ruhig auf dem Divan
1642 3450 3258 3671 sitzt: Na also - du wirst mir ja
1706 3573 3267 3848 wol wieder was zu erzählen haben?
