3416 4200
2493 436 2671 606 200
1289 680 2212 850 Sigismund, Amadeus.
1158 803 2831 1027 Sig: :sehkank, dunkelblend, 26 J.,
293 830 1008 981 all uit he empfangen
1274 956 2520 1190 ernste Eleganz, tritt ein:
1284 1106 2863 1298 geht ihm ein paar Sehritte entge-
939 1190 1200 1407 Amad:
1197 1249 2851 1473 gen. Sie reichen einander nicht die
1220 1429 2873 1673 H채nde. Sig.anfags nicht ohne Verle-
1264 1597 2708 1799 genheit, aber in guter Haltung:
1266 1799 1895 1969 Guten Morgen.
981 1771 1197 1991 sig:
1308 1937 1954 2126 Guten Morgen,
990 1991 1249 2146 Amad:
951 2038 2942 2318 S: l채chelne: Ich war sehen lange nicht
1291 2230 2831 2447 hier. Und Sie werden sich denken,
1291 2341 2912 2587 lieber Kapellmeister, dass mein Be
1318 2518 3016 2722 such - noch dazu in se fr체her Stunde
1333 2703 2912 2892 einen besondern Anlass haben muss.
1047 2843 2993 3104 A: Der Gedanke liegt nahe. :Sie treten
1343 3038 2225 3208 weiter ins Zimmer:
1062 3166 2996 3395 S:  :bleibt stehen:  Ich will ehne lange
1380 3301 2888 3568 Verrede gleich zur Sache kommen.
1052 3474 2979 3725 A: Das w채re auch mir am liebsten. - Aber
1404 3639 3001 3890 bitte. xxxWeist ihm einen Sitz an:
