3496 4200
2779 437 2971 571 177
979 674 2914 910 Albert tritt ein, zugleich das Stubenmäd-
1027 830 2230 1070 chen, das den Tee bringt.
1039 994 2868 1195 Alb: Melden Sie mich dem Herrn Kapell-
1217 1140 2436 1363 meister. Es ist dringend,
1010 1327 2918 1514 Stubenm: stellt zuerst den Te auf das
1253 1555 1740 1668 Tischchen:
1013 1639 2074 1838 Alb: Es ist dringend!
1034 1800 2798 1968 Stubenm: : in das Zimmer von Amad. ab:
1082 1918 2899 2112 Alb: :mit Ueberzieher und Stock setzt
1325 2064 3062 2297 sich auf den Divan, scheint sehr auf.
1289 2323 1649 2462 geregt:
1080 2446 2988 2674 Stubenm: :von links: Der gnädige Herr
1325 2647 2280 2856 kommt sofort. : ab:
