3432 4168
2827 413 3022 572 203
1280 561 2927 777 im Reich draussen berühmt geworden.
1041 797 2472 981 S: Das wissen Sie auch sehen?
1238 905 3029 1114 Wollen wir nicht lieber zur Sache kom-
1063 1027 1185 1140 A:
1342 1149 1560 1322 men?
1269 1158 3024 1418 Gewiss. - Erinnern Sie sich ferner an
1083 1325 1196 1429 S:
1376 1373 3088 1560 sie wunderschönen Abende, die ich im
1387 1442 3075 1711 Lauf der letzten zwei oder drei Jah-
1400 1680 3084 1864 re in diesen Räumen verbringen durf-
1413 1850 3095 2021 te... an die unvergesslichen Abende,
1424 1995 3011 2170 an denen Sie mit Frau Adams-Orten-
1433 2117 3097 2339 burg die Tatjana einstudierten und
1456 2285 3133 2489 Anderes, und ich dort in diesem Ses-
1458 2438 3073 2707 sel  zum Kamin weisend:
1471 2603 3250 2804 und lausehen durfte. Wie wir dann alle
1475 2747 3144 3020 Drei heim schwarzen Kaffee oder Lee
1489 2884 3264 3191 mit einander plauderten, und gestehen
1511 3013 3173 3344 Sie, dass auch Sie diese zwanglesen
1522 3175 3268 3432 Abende zuweilen vermissen... ja, dass
1586 3286 3293 3588 Ihnen meine Gesellschaft zuweilen ab-
1558 3557 1819 3756 geht.
