3464 4104
2589 389 2767 599 6a
1122 576 2861 806 herumgelaufen - allein. Einfach weil
1189 760 3002 924 ieh allein sein wollte. Du kennst mich
1216 894 2990 1092 ja. Solehe Stimmungen hatt' ich ja im-
1207 1074 2914 1256 mer. Und dass ich im Laufe der letz-
1223 1196 2958 1403 ten Zeit nicht eben ruhiger geworden
1235 1378 3087 1583 bin, ist ja nicht merkwürdig. Du weisst
1242 1493 3025 1730 ja schliesslich alles und musst es be-
1262 1679 3018 1882 greifen, dass ich manchmal eine wahre
1262 1836 2946 2023 Sehnsucht hatte, allem zu entkommen
1276 2034 2232 2191 und mich zu sammeln.
1327 2133 3131 2338 Ja, das bgreif' ich vollkommen. - Aber
1062 2235 1246 2371 Cae:
1299 2288 3105 2490 war es nicht ausgemacht, Amadeus, dass
1315 2405 3161 2679 du dich gerade in solchen Stunden zu mir
1322 2557 3135 2822 flüchten solltest? War ich nicht - bin
1343 2744 2970 2970 ich nicht noch immer deine bessere
1357 2970 1898 3152 Einsamkeit?
1168 3082 2990 3317 Amad: Ja freilich, du bist ja se gut.
1435 3246 2617 3472 :Er küsst ihr die Hände:
1209 3393 3052 3663 Cäc: Mein Freund, was hat das mit Güte
