3400 4088
2590 409 2779 558 116
1054 508 2886 718 min sitzend:   Glaubst du, dass ich in
1077 665 2869 882 diesem Augenblick lieber ein talentle-
1079 857 2866 1009 ses kleines Mädel wäre und von dir ge-
1077 997 2839 1204 liebt,- als die herrliche Iselde, die
1094 1134 2228 1346 du aus mir gemacht hast?
902 1236 2909 1505 Amad: Herrlich war nicht mein Wert. Davon
1102 1463 1957 1662 bist du noch weit.
917 1588 2894 1802 Fried: Es wäre vielleicht jetzt die Stun-
1112 1722 2824 1967 de, we du aufhören könntest zu kriti-
1099 1939 1461 2119 sieren.
1219 2044 2794 2248 Wenn ich dich mit einem Delch im
917 2079 1186 2313 Amaa:
1102 2226 2871 2438 Herzen vor mir sähe - das könnte mich
2585 2340 2861 2483 tempeing
2333 2358 2547 2465 philosus
2101 2383 2243 2473 in
1114 2390 2797 2600 nieht abhalten, dieh als Kunstlerin
1139 2550 2228 2729 objektiv zu beurteilen.
945 2679 2697 2911 Fried: Hast du das Tagblatt gelesen?
950 2839 2884 3051 Amad: Ja. Ich gebe nichts aufs Tagblatt,
1134 2974 2946 3193 Ich gebe überhaupt auf niemanden etwas
1149 3170 1777 3377 als auf mich.
970 3235 2826 3527 Fried: Es war sogar in einer Hamburger
1152 3437 2944 3684 Zeitung ein Telegramm. Auch dein Diri-
1149 3619 2492 3836 gieren wurde sehr anerkannt.
