3384 4152
2277 415 2466 544 235
960 627 2703 843 ändern. Dass du es überwinden kannst,
975 806 2645 1054 ist deine Sache; - ich kann es eben
985 1019 1288 1149 nicht.
845 1054 2844 1308 A: Aber warum? - Ich bin ja mehr zu beklæ
997 1270 2802 1507 gen als du! Ich bin meiner sicher, du
962 1392 2792 1624 bist es nicht. In dir wihlen unerfüllte
1004 1524 2727 1778 Wünsche, die ich besiegen müsste; du
1019 1706 2827 1942 hast mich ganz, und alles ist abgetan.
990 1842 2879 2113 Mich ekelt beinah vor der Vergangenheit,
1064 2044 2678 2255 die ich ohne dich erlebt, - und du
1079 2185 2762 2449 lenschzst nach einer Zukunft, die dir
1086 2347 2869 2576 voll Reiz und Abenteuern scheint. Und
2200 2451 2327 2586 n
1089 2484 2854 2720 ich - ich bin bereit, den Kampf aufzu¬
1106 2645 2924 2909 nehmen. Und doch stösst du mich zurück.
2519 2750 2745 2842 Auch
1159 2837 2869 3063 Ich stosse dich nicht zurück. Du mis-
985 2909 1077 3041 C:
413 2991 917 3195 sousublirt nach
1141 3041 1842 3222 verstehst mich.
1009 3098 2899 3366 A: Es ist erst eine Stunde... lass doch
326 3143 935 3337 ein Schule „ in dieser
1166 3240 2931 3493 eine Zeit verstreichen! Ich gehe jetzt
251 3329 696 3483 im Vergessen
1288 3389 2921 3685 gut. Du fährst weg. Ein Jahr ver¬
281 3414 898 3610 is tober the haben
987 3573 1196 3722 fort
306 3553 893 3754 (soo ein nicht gegeben
1171 3603 2964 3814 geht, in dem wir von einander getrennt
316 3705 885 3921 nhollgi cespere
1188 3739 2894 3966 sind. Du kannst mir nicht verbieten,
