3448 4152
2695 419 2835 533 80
1244 575 3015 729 fallen,- wir würden unser Kind weniger
1237 756 2940 898 gern haben, und unser Kind würde uns
1248 932 2929 1072 weniger lieben, weil die ganze Atme-
1253 1059 2987 1228 sphäre des Hauses verdorben wäre. Wir
2271 1137 2672 1253 wirkliche
1255 1143 2951 1384 würden unser ganzes gemeinsames Glük
1224 1395 3013 1524 zerstören, um die Lüge eines erlegenen
1268 1524 3058 1665 aufrecht zu erhalten. - All dies dreht
1279 1678 3036 1823 uns nicht. Wir können ruhig und glück-
1284 1841 3073 1977 lich sein, uns bleiben, was wir uns ge¬
1288 2001 2987 2144 wesen sind und uns in gewissem Sinne
1290 2182 2104 2307 noch mehr werden.
1346 2287 3027 2445 Liebster Amadeus, wir wollen es hof-
1076 2360 1257 2496 Cäc:
1315 2530 1527 2641 fen.
1346 2619 3065 2808 Heffen -?.. Mein Kind, wir durften
1048 2659 1279 2788 Amad:
1317 2790 3029 2922 zweifeln, dass die Verliebtheit ewig
1333 2902 3022 3089 dauern wird, aber nicht an der Dauer
1337 3042 3038 3241 unserer Freundschaft. Wir werden uns
1342 3225 2929 3390 über alles aussprechen wie früher
1331 3374 3004 3568 das ist doch selbstverständlich. Ja
753 3403 1224 3573 Ca Sollbergol
370 3528 1088 3773 nicht geachtet sehr
1322 3533 2987 3738 vielleicht über mehr. Denn auch man-
575 3651 1076 3831 Dr Lichtsby
1357 3677 3136 3876 ches, das wir bisher gemeinsam verleb-
457 3778 544 3891 v
