3464 4120
2997 456 3194 605 173
1180 645 3093 823 Fräulein und Peterl von der Terrasse aus
1131 845 1491 977 herein.
1142 977 2060 1101 Frl: Guten Morgen.
1149 1116 3184 1240 Amad: Guten Morgen, Fräulein. Wie schön es
1380 1271 3146 1382 heute wieder ist. - Aber wird dem Bu-
1390 1430 2924 1544 ben nicht zu kühl draussen sein?
1433 1531 3126 1714 O nein, er ist warm angezogen. Auch
1164 1602 1367 1752 Frl:
1387 1711 2746 1883 hetzt er ja immerfort herum.
1164 1891 3134 2015 Peterl: Hast du schon gesehen, Papa, was
1405 2043 2840 2174 ich von der Mama gekriegt hab?
1185 2200 2521 2339 Amad: Hast du’s denn achon?
1174 2331 3202 2481 Peterl: Freilich! Auf dem Tisch ist es ge-
1420 2493 2536 2655 standen.
1190 2620 3207 2800 Frl: Ja, die gnädige Frau war bei uns im
1420 2805 3197 2934 Zimmer, noch bevor der Bub aufgewacht
1425 2941 2453 3179 ist. Amad L.
1195 3134 3124 3273 Peterl: Es ist ein grosses Theater, mit
1448 3288 3167 3460 einem König und einem Ritter! einer
1443 3420 3192 3572 Braut - und einem ganz schwarzen Teu-
1440 3604 3278 3741 fel. - Willst du dir's nicht anschauen,
1445 3784 1688 3926 Papa?
