3400 4088
627 888 1326 1046 Sie aurem cen homme
444 988 1286 1158 soo ein cua lintll....
398 1125 1189 1301 as it is in up but you
457 1212 1164 1407 Sie hat mit mangehalt
419 1334 1077 1482 weil sie nach liebt
425 1448 1112 1589 einen Roll verkorzet
510 1554 1085 1699 wollte, Schmheil
515 1652 1326 1828 man wäre ich tehtschiffen
454 1795 874 1932 so bill he
463 1890 1220 2067 Sich da gebar worden.
2561 442 2689 577 46
1399 645 2967 778 mich schönstens dafür bedanken!..
1405 782 3044 950 Ich habe es getan wie manche Maler,
1378 936 3034 1091 die ihr Medell heiraten,- eines, an
1430 1116 2932 1272 das sie sich sehr gewöhnt haben,
1421 1272 3007 1415 das sie eigentlich zu allen ihren
1432 1384 3063 1552 Arbeiten benützen können, ohne das
1448 1554 3067 1726 es selbst eine Ahnung davon hat.
1436 1706 3061 1892 Meine Frau - die nebstbei eine aus-
1457 1886 3021 2044 gezeichnete Hausfrau ist - stellt
1457 2034 2882 2193 für mich vor, was mir beliebt,
1479 2189 2926 2343 denn sie hat das seltene Genie,
1440 2353 3108 2534 gar nichts zu sein. Es ist natürlich
1484 2502 3048 2675 vorgekommen - besonders anfangs -
1502 2683 3015 2839 dass sie gelegentlich ein Kostüm
1496 2830 3046 2998 anbehalten wollte und das Hirten-
1444 2982 3096 3158 mädchen oder die Giftmischerin wei-
1513 3162 2988 3320 terspielen wollte. Aber das hab
1504 3339 3005 3451 ich auf einfache Weise geändert,
1519 3440 3063 3644 indem ich sie selbst in ihre Rel-
1488 3584 2947 3806 len nicht mehr eingeweiht habe.
