3400 4056
2642 476 2822 606 158
1284 583 3001 740 bleiben, daß wir heiraten, dass wir
593 626 1084 795 darmat seltin
606 748 1082 900 nicht geehnt.
1294 725 2964 900 ein Kind haben würden... wie lag da¬
426 828 1221 1089 s les ces cet trouvé
1266 877 2949 1092 mals alles im Dunkeln! Wer kümmerte
571 980 955 1152 erde.
1279 1032 3033 1221 sieh um mich, um meine Kompositionen?
1279 1199 2966 1363 Ich war ja auf dem Sprung, nach Ame¬
1286 1378 3003 1558 rika zu gehen. Und ob ich da so bald
1284 1525 2400 1700 zurüeggekommen wäre -?
2375 1620 2817 1760 somme 1
1371 1665 2964 1867 Unsere Hochzeit war übrigens auch
1102 1705 1301 1847 Cäe:
1286 1837 2919 2014 noch eine Art Wagnis. Ich erinnere
1266 1954 2996 2136 mich noch, wie meine arme Mutter ver-
1291 2136 2954 2335 zweifelt war, als sie davon erfuhr.
1112 2288 3063 2468 Amad: Ja, meine Liebe, wir haben mäncher
1286 2433 3093 2610 lei aurehgemacht. - Erinnere dich nur,
1660 2595 2061 2697 Cubil in
1436 2615 1610 2694 Ain
1294 2612 3063 2784 wie wir dann wieder von einander muss
1299 2757 3073 2949 ten, schon als Eheleute. Und ich noch
1291 2901 2986 3106 in Deutschland herumreiste, während
1309 3078 2869 3270 du sehen in wien engagiert warst.
1538 3235 2453 3345 aber man nicht noch aus,
2560 3230 2914 3385 gewesen
1129 3275 2428 3452 Cäe: Das war deine Sehuld,
1129 3430 3131 3609 Amad: Ja, das wäre so das Rechte für mich
1321 3584 3138 3711 gewesen: hier als Gatte meiner Frau zu
