3400 4072
2833 389 3011 543 159
1274 522 2971 747 leben - von ihrer Gage...Ah, es war
1276 670 2985 899 sehen gut se, Cäcilie. Wer weiss, ob
1264 843 2992 1068 nicht gerade die Sehnsueht das Beste
1292 986 2805 1203 aus uns herausgehelt hat und uns
1285 1121 2999 1381 schliesslich zu dem gemacht hat, was
1306 1318 3165 1517 wir geworden sind... Was mich anbelangt,
1299 1482 3011 1679 se bin ich geradezu davon überzeugt.
1316 1611 3130 1833 Ach Cäcilie, wie hab' ich dich geliebt,
1325 1779 3137 1983 wie hab' ich an aich geglaubt in allen
1323 1964 3037 2156 Zweifeln und in aller Angst! Und was
1346 2077 3130 2299 war das für ein Glück, als ich endlich
1346 2227 3009 2458 hierherkam, du zum ersten Mal meine
1353 2437 3058 2594 Lieder sangst, von mir begleitet....
1358 2529 3076 2805 Ja, Cäcilie - nun mag kommen, was da
1384 2728 3161 2948 will: das Schöne, das wir mit einander
1400 2856 3041 3109 erlebt haben, das nimmt uns keiner,
1400 3037 3137 3271 das kann nicht mehr vergessen werden!
1262 3179 3147 3407 Cäc: Amadeus, was hast du dann? - Warum
1416 3472 3224 3643 redest du, als wäre irgend was verbei?
