3416 4136
2677 392 2861 532 226
1447 593 3058 827 wolltest, du hast mich verzweifelt
2498 736 2614 827 wie
1373 802 2888 985 gesehen, du hast es erlebt, xxxh
1373 904 3003 1114 in deinen Armen alle Qualen der Ei-
1438 1055 2897 1300 fersucht durchkostet habe - das
1447 1223 2963 1425 kann dir genug sein. Du kenntest
1395 1384 2978 1583 doch nicht die Absicht haben, die
1413 1529 3083 1762 Sache noch weiter zu treiben! Sigis
1422 1672 3046 1921 mund ist vielleicht um eine Stunde
1441 1862 3078 2066 zu früh gekommen.). wie lange well-
1454 2043 3026 2220 test du mich denn an deine Sehuld
1459 2215 2199 2405 glauben lassen?
2426 2238 2763 2362 S. p - b
1327 2344 3085 2573 C: :nach einer Pause: Bis sie wahr
1493 2532 2168 2713 geworden wäre.
1364 2621 3067 2854 A: Das ist mehr als nötig, Cäcilie.
1511 2809 2419 3042 Lass es genug sein.
1542 2897 3126 3153 Warum zweifelst du an meinen Wer-
1393 3046 1504 3189 c:
1536 3132 3146 3332 ten? Ich versiehere dich, dass ich
1563 3343 2231 3488 im Ernst rede.
1427 3416 3257 3676 A: Es ist nicht wahr - du hattest die-
