3432 4072
2701 379 2864 567 67
1199 551 2909 768 Ein Duft strömt von dir aus, der mir
1193 730 2878 913 neu ist. Aus deinen Blicken, deinen
1202 885 3009 1064 Worten... ein Duft, der mir unheimlich
1199 1057 2726 1213 ist!... Kannst du das verstehen?
1283 1186 3020 1376 Dass dir se ist?... Gewiss. Ich kenne
1014 1231 1206 1373 Càc:
1204 1355 2973 1511 dich ja. - Aber siehst du, auch darin
1197 1489 3015 1660 sind wir se verschieden: für mich bist
1199 1681 3013 1818 der der selbe. Draussen magst du deine
1206 1818 2796 2015 Rolle spielen, den Verführer, den
1208 1990 2943 2125 Schurken, den dummen Jungen - was ja
1222 2164 2963 2304 gewiss auch manchmal verkommen mag -,
1222 2279 2948 2458 für mich bist au aer Amadeus, der au
1227 2444 2939 2611 immer warst, der heute mein liebster
1236 2586 2934 2790 Freund ist und aen ich einmal so ge-
1238 2762 2871 2925 liebt habe, wie ich wahrscheinlich
1245 2923 2869 3126 niemanden mehr lieben werde... was
1258 3056 3072 3266 vielleicht ein Irrtum ist,.. und der Va-
1249 3196 3029 3424 ter unseres Kinds,- und überhaupt ein
1269 3395 3031 3598 braver Kerl, dem im Grunde auch niht
1274 3553 2853 3752 geschehen kann, so wenig als mir.
