3352 4088
2763 389 2880 508 65
1378 513 2975 725 in keinem Falle ein Grund vorliegt,
1326 675 1664 777 Cäcilie
1244 666 2945 894 Säm. Du und ich.... denke, wir sind
1309 833 2917 1049 es! Komm! :Er setzt sich auf den
1393 997 2878 1190 andern Sessel am Klavier.
1337 1153 2949 1346 Sprich. Was ist heute zwischen dir
1253 1305 2960 1510 und Sigismund - - Nein, ich will kei
1385 1471 2899 1664 ne Frage stellen. Spieh zu mir,
1355 1623 2793 1818 wie du immer zu mir gesprochen
1402 1796 2633 1991 hast, seit wir uns kennen.
1283 1932 3023 2127 Cäe: lächelnd: Du musst mir nicht
1411 2071 2882 2287 Mut zusprechen; es gehört wahr-
1422 2250 2928 2413 haftig keiner dazu. :Unvermit-
697 2337 2237 2590 his Jntay.  A. Als. Caes:
1435 2367 2904 2579 telt: Der Augenblick ist nah.
1333 2545 2910 2776 Amad: ( Wie?... der Augenblick...?
1519 2698 2915 2938 - Nun ja, der Augenblick, der
876 2778 1307 2982 Kürz:-
1467 2867 3070 3077 entscheidet... nein, nicht entschei-
1456 3036 3014 3252 det - - entschieden ist es ja wel
2222 3174 2584 3349 so...
1506 3220 2138 3393 sehen. )
1339 3328 2954 3527 Cäe: Nun, der Augenblick, den wir
1480 3518 2969 3696 Beide erwartet haben, - auf den
