3464 4120
1001 534 2741 808 Cäcilie tritt ein, von rechts. Reisek
2429 778 2966 907 :So nimmt
956 813 2343 951 Cäcilie: Guten Abend, Peterl
2595 932 2936 1077 :Küsst
1302 895 2516 1107 ihn auf den Arm: Peterl!
1300 1077 3000 1250 ihn ab:  Freust dich, dass die Mama
1315 1231 1975 1421 wieder da ist?
1122 1421 3109 1589 Peterl: O ja, sehr. Aber das Fräulein ist
529 1535 796 1730 Mr. M
1320 1547 1794 1737 auch lieb.
531 1710 778 1903 erhärt
1132 1678 2585 1886 Alb: O, das ist ein Politiker.
1154 1851 3042 2056 Cäc: lässt den Buben nieder ; reicht den
1344 2029 3077 2197 Andern die Hand:   Guten Abend. Grüss
1349 2197 3037 2358 dich Gott, Amadeus. Guten Abend, Al-
1359 2291 2849 2526 bertus. Also da wär' man wieder.
1406 2479 2953 2686 :Sie giebt dem Stubenmädchen, das
1357 2657 3032 2884 hinter ihr eingetreten ist, Hut und
1369 2770 3134 3000 Mantel:| Bitte, holen Sie die Sachen
1386 2933 3079 3161 aus dem Wagen. Der Kutscher soll Ih-
1381 3106 2961 3334 nen helfen. Bezahlt ist er sehen.
1211 3265 2325 3492 Peterl: Mama - Blumen!
1236 3425 3136 3672 Cäe: O, wie lieb! - Danke sehr. Ich hab“
