3496 4184
2465 406 2645 598 218
1213 654 2968 888 nigen Minuten. Jetzt weiss ich aller-
1193 870 2846 1024 dings, dass ich nicht viel mehr für
1184 997 2922 1188 sie war - selbst in Augenblicken, in
1202 1157 2954 1346 denen sie es nicht ahnte - nicht mehr
1215 1270 2956 1515 als ein Mittel, Sie wieder zu ihr zu-
1222 1540 1856 1673 riiekzuführen.
1233 1678 2282 1822 Warum glauben Sie das?
1046 1732 1161 1838 A:
1247 1723 2968 1973 Warum? - Weil ich fühle, dass es ihr
1044 1876 1168 2027 S:
1263 2020 1883 2158 gelungen ist.
1270 2106 2927 2314 Ich glaube, Sie unterschätzen sieh.
1071 2217 1188 2334 A:
1315 2244 2902 2451 Sie hatte mich nie verloren. Ich
1285 2361 3033 2627 hatte sie mehr verloren als sie mich.
1157 2517 2972 2783 S: Sie sind sehr liebenswürdig.  :Er
1321 2688 2368 2932 sueht nach seinem Hut:
1321 2997 1664 3094 Sie - -
1139 3017 1258 3125 A:
1339 2954 3152 3279 Ob ich sehen gehen will? - Es wird mir
1155 3150 1254 3277 S:
1355 3166 3116 3403 wol nichts Anderes übrig bleiben. Und
1362 3319 3112 3561 ich werde nun tun, was ich Ihrer Gat-
1382 3439 3089 3730 tin sehen gestern versprechen hatte.
