3304 4008
1325 644 2882 755 Recht in Anspruch nehmen, mich in
1170 717 2161 846 am einige zu kümmern.
1269 799 2876 911 alles zu mischen, was deine Arbeit
1275 936 2918 1062 beeinflussen kann. Und es kann mir
1565 1029 2419 1142 wand it will shld
1317 1123 2783 1210 nicht Recht sein, dass du deine
1325 1264 2777 1384 geistige Intensität, die du für
1281 1418 2853 1513 unsere Arbeit brauchst, auf Intri-
1649 1500 1950 1603 das
1323 1546 2806 1683 gen und die sich daraus mit Net-
1315 1666 2813 1839 wendigkeit ergebende Versteeken-
1285 1824 2737 1996 und Komödiespiel verschwendest,
1182 1990 2819 2190 Amad: |:ruhig: | Ach se. — Du irrst
482 2093 945 2295 Kincorts:
2150 2131 2743 2318 Kincontagul
1279 2217 2121 2329 dich, Albertus.
307 2253 1048 2453 min'g. impell
1180 2299 2870 2474 Alb: Ich irre mich? - Das bezweifle
326 2398 890 2560 best d for
1367 2503 2891 2644 ich. Sehen dieses "du irrst dich
1325 2630 2924 2783 an mich gerichtet, kostet dich ei-
1325 2842 2979 2962 nige Mühe. Verstellung liegt deinem
1338 2992 2823 3130 Wesen eben fern. Sehen eine Aus-
1340 3141 2912 3271 flucht mir gegenüber musst du dei¬
1332 3294 2806 3427 ner Natur abringen. Aber Ausre¬
1205 3492 2859 3572 den, und nun gar Lügen, einem Wesen
1317 3614 2840 3780 gegenüber, das dir wirklich nahe-
