3480 4152
2605 398 2792 566 150
1224 566 1859 738 manden liebt!
1431 690 3029 894 Du redest se altklug, als wenn du
1033 769 1306 966 Amad :
1234 872 2998 1033 sehen so viel Erfahrungen gemacht hät-
1244 1014 3017 1189 test. Ich weiss doch, dass dies bisher
1244 1205 2149 1354 nicht der Fall ist.
1071 1366 2995 1526 Cäc: Das ist wol wahr. Aber die Erfahr-
1258 1526 2475 1689 ungen werden sehen kommen.
1076 1673 2955 1864 Amaa: Du stellst eir aas einfacher vor,
1277 1816 2976 2008 als es ist. Man ändert sieh nicht so
1275 1975 2935 2142 mit einem Male. Es ist gar nicht so
1296 2113 2986 2317 einfach, plötzlich eine Lügnerin und
1296 2291 2708 2463 weiss Gott was noch zu werden.
1380 2415 3046 2626 Zu werden?... Du weisst ja nur, was
1117 2516 1306 2655 Cäc:
1308 2574 2938 2789 ich für mich war unabin. Una aa du
1318 2760 2971 2931 meine ganze Welt warst, se kenntest
1330 2895 3031 3139 weder du noch ich wissen, was sonst
1330 3019 3125 3249 noch in mir steckt. Du darfst ja nicht
1354 3213 3137 3405 vergessen, dass wir uns geliebt haben,
1359 3328 2938 3590 Amadeus. Und se lange diese Liebe
1368 3487 3098 3695 währte, war natürlich irgend ein Pan-
