3480 4136
2825 484 2998 615 137
2573 453 2844 679 Ginsen
1109 627 2903 795 Cäe: Darf ich dir gleich einschenken?
1073 781 2986 933 Amad: Danke sehr. - Also du hast sehen -
1168 938 2953 1128 Cäc: Ja, im Speisewagen. (Ich sass) mit
539 997 1066 1344 Edlehaft
1306 1094 2208 1296 Sigismune zusammen
677 1253 1056 1460 si faud j'ai faire
275 1177 401 1403 r
1130 1268 2977 1389 Amad: :einfach: Du sagtest es sehen.
570 1355 1018 1574 zurück, wicht
1142 1436 2746 1595 Cäc: Ah, wie schön ist es zuhaus!
1135 1602 3036 1747 Amad: Aber au hast dich doch recht wohl
1341 1733 1733 1892 gefühlt?
1583 1823 1956 1970 so ist nicht
1147 1897 3000 2079 Cäc: O ja. Es war übrigens gar nicht
1346 2051 3019 2179 viel Zeit, zur Besinnung zu kommen -
1329 2243 3088 2381 Proben, Vorstellungen, Besuche... Na,
1355 2383 2265 2538 du weisst ja alles.
1109 2495 2977 2680 Amad: Alles? Nein. - Was nicht mit dem
1353 2682 3027 2867 Theater zusammenhängt, hast du doch
1365 2837 2595 3008 ziemlich flüchtig berührt.
1664 2951 2568 3084 Wie kannst die der sagen -
1441 3027 3136 3178 Wiese denn? Da irrst du dich. Jeden
1180 3024 1384 3183 Cäc:
1363 3164 3034 3352 Abend beim nach Hause Kemmen - ob’s
1370 3323 3095 3489 nun Mitternacht war oder noch später
1374 3473 3124 3691 hab' ich dir ausführlich geschrieben.
