3432 4072
2276 392 2450 529 161
1242 531 3047 657 Du wirst bei mir sein, wann es dir be-
1234 706 1555 842 liebt.
1019 829 3047 986 Amad: Es ist noch Zeit, darüber zu reden.
592 862 986 1077 2. ). il
1242 956 3060 1123 Sicher ist jedenfalls, dass ich in ein
443 1072 920 1280 self-vous
432 1125 1110 1398 voir Guéphine
1244 1173 3093 1302 paar Wochen fortfahre, um meine Symphe-
789 1199 1133 1403 haut
1252 1302 2921 1479 nie zu dirigieren, und dass wir nur
410 1376 726 1575 ale de
1249 1469 3009 1606 mehr kurze Zeit vor uns haben, in der
523 1512 617 1740 il
1257 1616 3040 1752 wir XXX gemeinschaftlich arbeiten kön-
1257 1745 2976 1929 nen wie früher. - Cäcilie, ich wollte
1274 1932 2981 2084 es mir eigentlich erst sagen, bis es
1277 2079 2898 2240 ganz fertig ist; aber ich habe was
1267 2220 3070 2407 ganz Neues gemacht. Eine Symphenie mit
1290 2410 3024 2554 einem Schlusscher,- mit einem Sepran-
1287 2541 2964 2696 sele, das nur Eine auf waren singen
1280 2701 2918 2906 kann - - du! Denn es ist für deine
1297 2840 2964 3042 Stimme geschrieben, ich hab' es nur
1292 2999 2936 3214 mit deiner Stimme gehört, - una ich
1302 3174 3067 3363 will es von niemand anders hören! Und
1320 3343 3123 3505 du sellst es unbedingt nach heuer hier
1317 3467 2994 3652 singen - gleich wenn ich von meiner
