3464 4120
1261 527 2811 738 dir auch was mitgebracht; aber du
1248 672 2911 888 kriegst es erst mergen. Es ist noch
1265 836 2960 1047 eingepackt, und die Mama ist heut zu
1256 1015 2220 1221 müd, um auszupacken.
1089 1167 2683 1400 Amad: Hast du sehen genachtmahlt?
1091 1310 3034 1567 Cäc: Ja, natürlich. Im Speisewagen haben
1290 1479 2985 1682 wir etwas genommen. - Aber einenaus
1285 1601 3058 1837 möcht' ich... Bitte Fräulein, wellen
1302 1830 2085 2006 Sie se gut sein.
1128 1933 2928 2207 Amad: Ja. Und einiges kaltes Fleisch.
1373 2114 2899 2352 :Zu Cäc: Ich habe nämlich nach
1324 2271 2467 2519 nicht zu Abend gegessen.
1216 2408 3100 2668 Cäc: itzt auf dem Divan, den Buben auf
1371 2526 3161 2850 dem Schoss:  Wie? wart ihr bis jetzt
1391 2769 1960 3029 se fleissig?
1199 2845 3181 3171 Alb: Ich bin erst vor einer halben Stunde
1395 3129 1857 3316 gekommen.
1226 3176 3159 3436 Amad: Ja, aber vorher war auch Maria da.
1239 3338 3178 3644 Alb: Wer?... Meine Frau? Das hast du mir
