3464 4120
2720 368 2845 546 79
1276 528 2883 736 man nicht ruhig entsehlafen lässt,
1054 711 3063 936 Amad: Ja. Die man lieber, statt sie zu be-
1316 878 3028 1061 graben, als Gespenst im Hause umher-
1296 1029 2918 1219 irren lässt Und dabei versucht man
1314 1169 2865 1356 eins vor dem andern zu verhehlen,
1316 1334 2930 1517 dass man das Gespenst erkennt, und
1314 1491 3126 1702 doch schauert es beide, und sie dürfen
1341 1654 3136 1827 es keinen andern merken lassen, und man
1329 1812 3123 1992 beginnt, sieh zu hassen, weil man sich
1339 1957 3111 2177 gegenseitig die unerträgliche Mühe ei-
1341 2155 3143 2332 ner unaufhörlichen Lüge auferlegt.) Man
1344 2260 3113 2465 könnte überhaupt keine Freude mehr an
1374 2470 3008 2605 einander haben, während einem jetzt
1361 2578 3058 2783 alles wie verklärt erscheint, in der
1356 2700 3166 2913 Helligkeit gegenseitiger Aufmerksamkeit
1374 2860 3111 3078 und gegenseitigen Vertrauens. Gewiss,
1376 3041 3128 3258 Cäcilie, mir würde deine Stimme nicht
1384 3201 3143 3413 mehr se schön klingen als bisher, dir
1877 3373 2130 3476 sagt fin
1481 3328 3166 3554 was beinahe noch schrecklicher wäre
1411 3514 3123 3711 würden meine Meleaisen nicht mehr ge-
