3400 4184
2652 394 2834 593 212
1244 574 2800 849 über Ihre Schwelle gesetzt hätte?
971 804 2887 990 A: Lieber Fürst, es besteht nicht der ge
1257 926 2964 1156 ringste Anlass, eine derartige Rolle
1260 1119 2681 1342 mir gegenüber weiterzuspielen.
1715 1246 1921 1368 lant.
1172 1265 2972 1471 Eine Rolle?... Nun, Sie mögen ja über
995 1363 1111 1479 S:
1275 1434 2876 1627 mich denken, wie es Ihnen beliebt,
1302 1582 3009 1781 aber wie dürfen Sie glauben, dass Cä-
1310 1821 1720 1977 eilie -.
1217 1874 3128 2098 Waren Sie gegen jedermann se aufgebracht,
1035 1937 1164 2117 A:
1331 2080 2887 2273 für den die Tugend der Frau Adams-
1328 2223 3112 2403 Ortenburg nicht über allen Zweifel er-
1342 2432 1836 2567 haben war?
1027 2503 3160 2768 S: Sie sind der ersten, der es mir ins Gesicht
1315 2662 3043 2916 hinein wagt! (Wie durften Sie glauben,
1387 2797 3141 3033 dass Ihnen Cäcilie se etwas verschwie-
1418 3048 1879 3218 gen hätte?
1080 3138 3154 3371 A: Verschwiegen?... Es giebt Dinge, die man
1426 3263 3075 3509 weder zu verschweigen noch zu sagen
1482 3430 3138 3668 braucht una die sich ven selbst ver-
