3480 4200
2774 290 2951 485 217
1157 582 2864 826 nicht wahr wären, wäre ich nicht bei
1175 708 2889 952 Ihnen und hätte Sie nicht aufferdern
1184 860 2850 1109 dürfen, Cäcilie frei zu geben. Aber
2268 1005 2604 1113 beinahe
1187 1014 2937 1251 weil sie wahr sind, haben Sie die Ver
1198 1198 2431 1428 pflichtung, sich zu fügen.
1214 1339 2907 1575 Sie irren, Fürst Sigismund. Dass Cä-
1035 1481 1132 1580 A:
1228 1520 3004 1723 eilie unschuldig ist und ich schuldig,
1265 1674 3031 1877 - um es mit einem raschen Wort abzutun
1283 1824 2960 2070 - kümmert niemanden auf der Welt als
1295 2001 3020 2210 uns beide: Cäcilie und mich. Wir bei-
1267 2091 3059 2339 de waren frei und jeder hat von seiner
1288 2252 3082 2523 Freiheit den Gebrauch gemacht, der ihm
1281 2433 3093 2677 beliebte. Der Mut zu dem Einfall, Cäei¬
1288 2606 2951 2820 liens Hand von mir zu fordern, muss
1304 2751 3004 2985 Ihnen also aus einer andern Erwägung
1316 2914 3068 3139 kommen - Sie mussten wissen, dass Sie
1334 3080 2433 3307 ven ihr geliebt würden.
1343 3181 3024 3461 Ich habe es geglaut. Und es gab Au-
1155 3369 1263 3484 S:
1316 3351 3172 3657 gehelicke, in denen sie es auch geglaukt
1373 3510 3107 3855 hat. Ich habe es geglaubt bis ver we-
