3416 4072
2750 411 2866 576 91.
1433 576 2207 777 2. Szene.
1025 709 2871 954 Verige. Amadeus:  : kommt aus dem Zimmer
1766 917 2067 1085 linkes:
1057 1095 3014 1240 Amad: Wer ist denn da?... Sie, Maria?...
1315 1298 1894 1418 Guten Abend.
1022 1423 1703 1578 Stubenm: :ab:
1072 1513 3084 1718 Maria: Ich wollte Cäcilie begrüssen - ich
1320 1693 2943 1859 dachte, sie käme sehen mittags an.
1393 1859 3006 2014 Ja, es war ihre Absicht. Aber sie
1082 1919 1333 2037 Amaal:
1315 2007 3076 2184 hat sieh's (doch noch anders überlegt;
1325 2149 3061 2337 sie hätte vom Theater direkt auf die
1338 2320 3111 2495 Bahn müssen, und so eilig ist es doch
1333 2477 3029 2653 nicht. - (Ja, legen Sie doch ab. Sie
1348 2653 3146 2806 sind ja sehen ganz winterlich angetan.
1115 2783 2658 2976 Maria: Es ist se kalt draussen!
1122 2943 2558 3136 Amad: Ein böser Herbst heuer.
1125 3051 3111 3304 Maria: Nach dem wundervellen(heissen)sem-
1353 3352 1571 3459 mer!
1130 3422 3134 3687 Amad: Nehmen Sie doch Platz, Cäcilie muss
