3480 4104
2528 476 2709 662 155
1357 687 2893 833 Ich hoffe immer- soll ich dir ge¬
1082 738 1327 850 Càc :
359 792 886 965 Mir wird das
1281 881 3038 988 stehen? - für den Fall, dass ich nach
257 914 830 1100 mir werden?
1281 1024 3063 1166 Berlin fahre, holen sie dich bald hin.
318 1016 797 1197 allerleicht sich
1276 1179 2796 1306 Sie schätzen dich wirklich sehr.
1090 1332 3007 1507 Amad: Nun ja, ewig bleibe ich natürlich
1281 1467 2943 1622 nicht hier. - Und indess werden wir
1306 1637 3005 1780 die Freundschaft durch Korrespondenz
1306 1831 2180 1973 aufrecht erhalten.
1400 1930 3025 2088 Natürlich. Das ist doch eigentlich
1131 1996 1319 2154 cäc:
1316 2096 2949 2289 nichts Neues. Wenn sogar die Liebe
1329 2253 3134 2475 durch Korresponanz aufrecht zu halten
1332 2498 1688 2597 War...
1159 2577 2534 2781 Amaa: Aufrecht zu halten.?
1171 2714 3162 2928 Cäc: Nein, mehr als das. - Warum lächelst
1367 2966 1548 3071 au?
1184 3033 3234 3285 Amad: Ich habe neulich meine Briefschaften
1403 3198 3112 3394 geordnet und da sind mir alte Briefe
443 3254 1123 3412 Dm d in reprubl
1418 3348 3221 3521 von dir in die Hände gefallen, aus dem
451 3351 1110 3529 naehr d. der erste vor
1416 3422 3267 3718 ersten Jahr, aus einer Zeit, in der wir
448 3493 1013 3651 et puis levieux
448 3616 779 3774 in dem Ged
