3384 4072
3041 486 3151 627 69
1543 607 3024 798 ist es sehen. Und es lässt sich
1501 789 3028 971 doch keineswegs leugnen, dass un-
1549 964 2877 1113 sere Erinnerungen - die sehr
1589 1102 3155 1245 schönen, mein' ich - etwas weiter
1549 1269 2172 1424 zurückliegen.
1411 1413 2638 1595 Amad: Nicht um so Vieles.
1409 1562 3171 1742 Cäc: Amadeus! Sellen wir uns über die
1549 1733 3204 1874 nächste Vergangenheit täuschen? Wir
1556 1902 3160 2025 die wir se klug waren, die Zukunft
1556 2062 2785 2187 stets vorherzusehen? Nein.
1411 2202 3136 2356 Amad: Cäcilie - vielleicht hab' ich
1560 2334 3164 2480 nur ein etwas besseres Gedächtnis;
1560 2511 3048 2654 unser Glück ist doch eigentlich
1565 2667 3074 2814 nicht ferner - das höchste Glick,
1560 2816 3164 2974 main' ich - als der Herbst vom ve-
1626 2963 2147 3147 rigen Jahr.
1700 3066 3160 3293 Unser Glück?... Ich glaube, du
1442 3103 1657 3309 Cäc:
1626 3274 3083 3438 irrst dich ein wenig, Amadeus.
