3432 4056
2627 402 2752 591 70
821 591 2982 782 Cäcilie: Unser Glück?... Ich glaube, du irrst
1001 779 2893 951 dich Aein wenig, Amadeus; es ist länger
990 971 1212 1082 her.
813 1073 3046 1209 Amad: Erinnere dich doch, Cäcilie: die schönen
1273 1198 1376 1304 .S.
993 1215 2399 1415 Aktobertage auf dem Semmering.
1093 1409 3040 1534 Ich weiss sehen. Aber die waren eigentlich
818 1420 1007 1587 C àe :
533 1520 915 1656 de marin
1012 1548 2976 1739 doch mehr ein Traum von verflossnem Glück,
288 1648 971 1822 alver malancholdt
1010 1734 2993 1853 als ein gegenwärtiges., als ein neues oder
447 1767 760 1958 gleich
999 1867 1628 2030 als das alte.
829 1958 3040 2150 Amaa: Es ist mir vielleicht nicht mehr se deut-
1725 2130 1972 2225 21 will
1001 2194 2971 2316 lieh, Cäcilie. Die Spaziergänge durch den
372 2194 693 2377 Mütter
957 2294 3010 2485 Wald und die Bank, auf der wir zu Mittag ge-
338 2344 840 2491 in hilles and
261 2460 877 2621 et Bont-da ma
1021 2474 2940 2671 sessen sind; die Wiese unter uns und ganz
247 2557 888 2757 man so erfüllt zu
1024 2632 2962 2804 unten die Maierei, und die Senne über den
302 2704 774 2879 beauder.
1015 2790 2971 2962 Felsen...weisst du nicht? Die Leute eben
1021 2943 2754 3115 hielten uns sogar für ein Liebespaar.
1068 3093 2854 3256 :nicht sentimental: Die Andern. Aber
788 3057 976 3290 Cäe:
1035 3240 2985 3453 es stimmte nicht so ganz. Es war doch søn-
1024 3409 2910 3586 derbar, wie wir gerade damals in unserer
1024 3564 2915 3767 Einsamkeit uns se wenig zu sagen hatten.
