3464 4136
2472 438 2635 574 130
1097 526 2720 807 De Bub und das Fräulein von rechts,
997 739 2555 979 Amad: Was? der Bub ist noch auf?
967 892 2981 1092 Fräulein: Er hat nicht einschlafen wollen,
1250 1075 2968 1250 und jetzt hat er den Wagen verfahren
1263 1252 1708 1418 gehört...
972 1353 2673 1598 Peterl: Die Mama kommt! ⁒Klingel:
954 1546 2192 1764 Alb: Was hast du denn da?
994 1693 2377 1936 Peterl: Blumen für die Mama.
1012 1836 2781 2089 Amad: So? :Er nimmt die Blumen von
1310 1981 3024 2234 Fried., die auf dem Schreibtisch ste-
1303 2139 2831 2415 hen, und lässt sie hinabgleiten:
