3592 4248
2612 442 2787 575 181
1020 713 2998 968 Alb: Ist deine Frau zuhause? kann ich sie
1263 931 1713 1071 sprechen?
1037 1015 2841 1221 Amad: Nein, sie ist nicht zuhause. Du
1273 1185 2561 1366 sollst mein Sekundant sein!
1381 1302 2981 1519 Was ist denn das für ein Blödsinn?
1364 1310 1890 1445 Johannberg
1497 1423 2482 1578 Yr. Gold... de p s porte
1106 1420 1337 1563 Alb:
1391 1452 2983 1651 Auch weisst du, dass ich ein prin-
543 1529 718 1678 Mr
1310 1627 2824 1814 zipieller Gegner des Duells bin.
1401 1779 2978 1973 Prinzipien haben mit dem, was wir
1096 1895 1354 2008 Amad:
1349 1924 3104 2131 tun, nichts zu schaffen, sonst brauch¬
1359 2138 2214 2290 ten wir sie nicht.
1401 2236 3065 2445 Du bist mir zu geistreich für einen
1121 2337 1334 2485 Alb:
1381 2386 3037 2583 Komponisten; ich werde aufhören, an
1396 2571 2664 2750 deine Melodieen zu glauben.
1865 2684 2391 2792 but will uny
1170 2664 3065 2917 Amad: Du wirst die Güte haben, dich zum
1406 2821 3028 3037 Fürsten Siegismund zu begeben, (mit
1376 3062 2327 3229 einem zwei ten Herrn.
1197 3143 3057 3396 Alb: Ich habe keine Zeit - ich muss zu
1423 3293 2403 3563 Herrn Fichtenwipfel!
1983 3445 2408 3581 sich umher doch
1258 3460 3222 3711 Amad: Gut. Geh. zu ihm. Er sei der zweite
1452 3620 3119 3846 Herr. Was du mit ihm zu besprechen
