<?xml version="1.0" encoding="UTF-8" standalone="yes"?>
<PcGts xmlns="http://schema.primaresearch.org/PAGE/gts/pagecontent/2013-07-15" xmlns:xsi="http://www.w3.org/2001/XMLSchema-instance" xsi:schemaLocation="http://schema.primaresearch.org/PAGE/gts/pagecontent/2013-07-15 http://schema.primaresearch.org/PAGE/gts/pagecontent/2013-07-15/pagecontent.xsd">
    <Metadata>
        <Creator>prov=READ-COOP:name=TrHtr:version=2.1.0:model_id=51170:date=25_07_2023_02:32</Creator>
        <Created>2023-05-10T13:04:49.653+02:00</Created>
        <LastChange>2023-07-25T02:32:46.816+02:00</LastChange>
        <TranskribusMetadata docId="1428561" pageId="55407929" pageNr="85" tsid="130580929" status="IN_PROGRESS" userId="64420" imgUrl="https://files.transkribus.eu/Get?id=CFBFCHUCYFHSQYFEXYRTQNIM&amp;fileType=view" xmlUrl="https://files.transkribus.eu/Get?id=VHQMLBUXVRKTWQUHJJFUYJLI" imageId="44682075"/>
    </Metadata>
    <Page imageFilename="1428561_0085.jpg" imageWidth="3352" imageHeight="4040">
        <ReadingOrder>
            <OrderedGroup id="ro_1711794587797" caption="Regions reading order">
                <RegionRefIndexed index="0" regionRef="tr_1"/>
                <RegionRefIndexed index="1" regionRef="tr_2"/>
            </OrderedGroup>
        </ReadingOrder>
        <TextRegion id="tr_1" custom="readingOrder {index:0;}">
            <Coords points="924,710 2998,710 2998,2668 924,2668"/>
            <TextLine id="tr_1_tl_1" custom="readingOrder {index:0;}">
                <Coords points="2323,797 2393,779 2464,805 2502,789 2548,805 2598,774 2664,797 2715,787 2717,668 2674,665 2626,688 2591,673 2563,688 2530,681 2502,660 2477,678 2426,660 2350,683 2325,673"/>
                <Baseline points="2339,763 2366,763 2410,763 2455,763 2500,763 2545,760 2589,760 2634,760 2679,760 2724,760"/>
                <TextEquiv>
                    <Unicode>konnten</Unicode>
                </TextEquiv>
            </TextLine>
            <TextLine id="tr_1_tl_2" custom="readingOrder {index:1;}">
                <Coords points="926,792 954,782 994,782 1002,792 1020,782 1052,805 1098,794 1138,807 1144,706 1128,708 1106,688 1070,693 1050,678 977,681 961,668 954,673 929,663"/>
                <Baseline points="939,769 969,769 1014,766 1059,766 1103,763 1148,763"/>
                <TextEquiv>
                    <Unicode>Amael</Unicode>
                </TextEquiv>
            </TextLine>
            <TextLine id="tr_1_tl_3" custom="readingOrder {index:2;}">
                <Coords points="1189,954 2183,964 2454,929 2454,810 2343,777 2229,830 1887,855 1761,802 1584,863 1447,807 1189,850"/>
                <Baseline points="1202,921 1247,924 1291,924 1336,924 1381,921 1426,918 1470,918 1515,921 1539,924 1569,921 1611,921 1655,921 1700,921 1745,921 1790,921 1835,921 1879,918 1924,918 1969,918 2014,918 2058,916 2103,918 2148,913 2193,913 2237,913 2282,916 2327,916 2372,913 2416,913 2461,913"/>
                <TextEquiv>
                    <Unicode>denn das durchführen? Wenn ist</Unicode>
                </TextEquiv>
            </TextLine>
            <TextLine id="tr_1_tl_4" custom="readingOrder {index:3;}">
                <Coords points="2700,1151 2783,1138 2821,1144 2841,1133 2899,1149 2917,1133 2935,1141 2988,1128 2993,987 2968,992 2947,979 2859,987 2836,974 2818,992 2770,954 2705,964"/>
                <Baseline points="2715,1068 2730,1065 2774,1065 2819,1065 2864,1065 2909,1065 2953,1062 2998,1050"/>
                <TextEquiv>
                    <Unicode>doch</Unicode>
                </TextEquiv>
            </TextLine>
            <TextLine id="tr_1_tl_5" custom="readingOrder {index:4;}">
                <Coords points="1111,1103 1227,1133 1558,1075 2110,1133 2244,1090 2381,1131 2464,1118 2464,994 2310,1009 2087,951 1852,1004 1219,997 1111,1035"/>
                <Baseline points="1124,1083 1127,1080 1172,1080 1217,1080 1262,1080 1306,1080 1351,1077 1396,1077 1441,1074 1485,1071 1530,1074 1575,1074 1620,1074 1664,1074 1709,1074 1754,1074 1799,1074 1843,1074 1888,1074 1933,1074 1978,1071 2022,1071 2067,1071 2112,1071 2157,1071 2202,1071 2246,1074 2291,1071 2336,1071 2381,1071 2425,1071 2470,1068"/>
                <TextEquiv>
                    <Unicode>anderer - die Volkskiiche müss.</Unicode>
                </TextEquiv>
            </TextLine>
            <TextLine id="tr_1_tl_6" custom="readingOrder {index:5;}">
                <Coords points="1141,1285 1437,1305 1541,1242 2348,1273 2323,1128 1925,1106 1581,1179 1144,1141"/>
                <Baseline points="1154,1244 1193,1238 1238,1238 1283,1238 1327,1238 1372,1238 1417,1235 1462,1241 1506,1238 1551,1238 1596,1238 1641,1235 1685,1235 1730,1235 1775,1235 1820,1235 1864,1232 1909,1232 1954,1235 1999,1235 2043,1232 2088,1232 2133,1229 2178,1229 2222,1229 2267,1226 2312,1229 2357,1217"/>
                <TextEquiv>
                    <Unicode>wenigstens gemerkt haben.</Unicode>
                </TextEquiv>
            </TextLine>
            <TextLine id="tr_1_tl_7" custom="readingOrder {index:6;}">
                <Coords points="911,1445 2831,1422 2902,1399 2902,1290 2616,1245 2196,1348 911,1316"/>
                <Baseline points="924,1396 939,1399 984,1399 1029,1402 1074,1399 1118,1399 1163,1399 1208,1399 1253,1399 1297,1396 1342,1396 1387,1399 1432,1396 1476,1396 1521,1396 1566,1396 1611,1393 1655,1390 1700,1387 1745,1390 1790,1393 1835,1393 1879,1393 1924,1390 1969,1393 2014,1390 2058,1387 2103,1387 2148,1387 2193,1387 2237,1387 2282,1387 2327,1384 2372,1384 2416,1384 2461,1384 2506,1384 2551,1381 2595,1381 2640,1381 2685,1381 2730,1381 2774,1381 2819,1381 2864,1381 2909,1378"/>
                <TextEquiv>
                    <Unicode>Maria: Ich hab'das ganz schlau gemacht.</Unicode>
                </TextEquiv>
            </TextLine>
            <TextLine id="tr_1_tl_8" custom="readingOrder {index:7;}">
                <Coords points="1144,1599 2636,1538 2849,1584 2877,1404 2072,1483 1913,1435 1758,1478 1566,1404 1144,1478"/>
                <Baseline points="1157,1563 1178,1566 1223,1560 1268,1557 1312,1557 1357,1557 1402,1557 1447,1557 1491,1557 1536,1557 1581,1554 1626,1554 1670,1551 1715,1548 1760,1551 1805,1548 1849,1548 1894,1548 1939,1551 1984,1548 2028,1545 2073,1545 2118,1542 2163,1542 2207,1542 2252,1542 2297,1542 2342,1542 2387,1542 2431,1542 2476,1542 2521,1539 2566,1536 2610,1536 2655,1533 2700,1530 2745,1530 2789,1530 2834,1530 2879,1530"/>
                <TextEquiv>
                    <Unicode>Die haben ja auch einen kleinen Teil</Unicode>
                </TextEquiv>
            </TextLine>
            <TextLine id="tr_1_tl_9" custom="readingOrder {index:8;}">
                <Coords points="1166,1733 2295,1703 2975,1786 2978,1624 2826,1571 1903,1660 1166,1639"/>
                <Baseline points="1181,1712 1193,1712 1238,1715 1283,1712 1327,1712 1372,1712 1417,1712 1462,1712 1506,1709 1551,1712 1596,1712 1641,1709 1685,1706 1730,1706 1775,1706 1820,1703 1864,1706 1909,1706 1954,1706 1999,1703 2043,1700 2088,1700 2133,1700 2178,1697 2222,1697 2267,1697 2312,1697 2357,1697 2401,1697 2446,1697 2491,1697 2536,1697 2580,1694 2625,1694 2670,1694 2715,1691 2759,1691 2804,1691 2849,1691 2894,1688 2938,1685 2983,1685"/>
                <TextEquiv>
                    <Unicode>bekommen. Es war natürlich ein bissehen</Unicode>
                </TextEquiv>
            </TextLine>
            <TextLine id="tr_1_tl_10" custom="readingOrder {index:9;}">
                <Coords points="1159,1905 2872,1857 2872,1756 2593,1718 2004,1796 1161,1796"/>
                <Baseline points="1172,1870 1178,1867 1223,1867 1268,1867 1312,1867 1357,1870 1402,1870 1447,1870 1491,1867 1536,1867 1581,1867 1626,1864 1670,1867 1715,1864 1760,1864 1805,1864 1849,1864 1894,1861 1939,1861 1984,1858 2028,1858 2073,1855 2118,1855 2163,1855 2207,1855 2252,1855 2297,1855 2342,1852 2387,1855 2431,1852 2476,1852 2521,1852 2566,1852 2610,1849 2655,1849 2700,1849 2745,1846 2789,1843 2834,1843 2879,1846"/>
                <TextEquiv>
                    <Unicode>Betrug dabei, aber das lässt sich in</Unicode>
                </TextEquiv>
            </TextLine>
            <TextLine id="tr_1_tl_11" custom="readingOrder {index:10;}">
                <Coords points="1166,2052 2001,2021 2596,2072 2851,2021 2854,1918 2770,1943 2634,1872 2259,1953 2206,1905 1743,1966 1166,1930"/>
                <Baseline points="1181,2028 1202,2028 1247,2025 1291,2028 1336,2028 1381,2022 1426,2022 1470,2022 1515,2022 1560,2022 1605,2022 1650,2022 1694,2022 1739,2022 1784,2020 1829,2020 1873,2017 1918,2020 1963,2020 2008,2017 2052,2017 2097,2017 2142,2017 2187,2014 2231,2011 2276,2011 2321,2008 2366,2008 2410,2008 2455,2008 2500,2008 2545,2005 2589,2005 2634,2005 2679,2005 2724,2005 2768,2005 2813,2005 2858,2005"/>
                <TextEquiv>
                    <Unicode>der Politik doch nie ganz vermeiden.</Unicode>
                </TextEquiv>
            </TextLine>
            <TextLine id="tr_1_tl_12" custom="readingOrder {index:11;}">
                <Coords points="918,2244 2869,2211 2872,2100 2651,2037 1637,2113 1450,2044 921,2118"/>
                <Baseline points="936,2190 951,2187 996,2187 1041,2190 1086,2190 1130,2187 1175,2187 1220,2184 1265,2184 1309,2181 1354,2181 1399,2181 1444,2184 1488,2181 1533,2181 1578,2181 1623,2181 1667,2178 1712,2175 1757,2175 1802,2175 1846,2178 1891,2175 1936,2178 1981,2178 2025,2178 2070,2178 2115,2175 2160,2175 2204,2172 2249,2169 2294,2169 2339,2166 2384,2163 2428,2163 2473,2163 2518,2160 2563,2160 2607,2160 2652,2157 2697,2157 2742,2157 2786,2157 2831,2157 2876,2157"/>
                <TextEquiv>
                    <Unicode>Amad: Und Ihr Mitschuldiger ist wel Herr</Unicode>
                </TextEquiv>
            </TextLine>
            <TextLine id="tr_1_tl_13" custom="readingOrder {index:12;}">
                <Coords points="1156,2406 1209,2414 1235,2391 1313,2409 1397,2386 1472,2434 1558,2388 1725,2383 1801,2355 1804,2272 1670,2249 1526,2282 1417,2247 1343,2280 1270,2244 1230,2267 1159,2259"/>
                <Baseline points="1169,2339 1181,2339 1226,2339 1271,2339 1315,2339 1360,2339 1405,2339 1450,2336 1494,2336 1539,2336 1584,2336 1629,2333 1673,2330 1718,2327 1763,2327 1808,2324"/>
                <TextEquiv>
                    <Unicode>Fichtenstamm?</Unicode>
                </TextEquiv>
            </TextLine>
            <TextLine id="tr_1_tl_14" custom="readingOrder {index:13;}">
                <Coords points="916,2553 1839,2495 2697,2538 2839,2505 2841,2386 2583,2328 2075,2414 918,2416"/>
                <Baseline points="930,2506 966,2506 1011,2506 1056,2506 1101,2503 1145,2503 1190,2500 1235,2500 1280,2500 1324,2500 1369,2500 1414,2497 1459,2497 1503,2497 1548,2494 1593,2494 1638,2494 1682,2494 1727,2491 1772,2491 1817,2491 1861,2488 1906,2488 1951,2488 1996,2488 2040,2488 2085,2488 2130,2488 2175,2482 2219,2485 2264,2485 2309,2485 2354,2482 2398,2479 2443,2479 2488,2479 2533,2476 2577,2473 2622,2473 2667,2470 2712,2470 2756,2467 2801,2464 2846,2461"/>
                <TextEquiv>
                    <Unicode>Maria: Wenn Sie es Sehuld nennen wellen</Unicode>
                </TextEquiv>
            </TextLine>
            <TextLine id="tr_1_tl_15" custom="readingOrder {index:14;}">
                <Coords points="1189,2717 1343,2743 1424,2692 2067,2646 2750,2679 2753,2543 2570,2517 2434,2568 2269,2505 2009,2510 1920,2568 1194,2581"/>
                <Baseline points="1205,2649 1235,2655 1280,2655 1324,2658 1369,2655 1414,2655 1459,2655 1503,2658 1548,2655 1593,2652 1638,2652 1682,2649 1727,2649 1772,2649 1817,2649 1861,2646 1906,2646 1951,2646 1996,2646 2040,2646 2085,2643 2130,2643 2175,2640 2219,2640 2264,2637 2309,2637 2354,2637 2398,2634 2443,2634 2488,2631 2533,2631 2577,2631 2622,2631 2667,2625 2712,2625 2756,2625"/>
                <TextEquiv>
                    <Unicode>Uebrigens heisst er Fichtenstein</Unicode>
                </TextEquiv>
            </TextLine>
        </TextRegion>
        <TextRegion id="tr_2" custom="readingOrder {index:1;}">
            <Coords points="942,2727 2965,2727 2965,3596 942,3596"/>
            <TextLine id="tr_2_tl_1" custom="readingOrder {index:0;}">
                <Coords points="929,2854 2955,2844 2960,2679 2158,2649 1976,2712 1870,2664 931,2743"/>
                <Baseline points="942,2822 951,2822 996,2825 1041,2825 1086,2825 1130,2825 1175,2825 1220,2819 1265,2819 1309,2819 1354,2819 1399,2816 1444,2816 1488,2813 1533,2813 1578,2810 1623,2810 1667,2807 1712,2810 1757,2807 1802,2807 1846,2804 1891,2804 1936,2804 1981,2801 2025,2801 2070,2801 2115,2801 2160,2798 2204,2798 2249,2795 2294,2795 2339,2795 2384,2792 2428,2792 2473,2792 2518,2789 2563,2792 2607,2792 2652,2789 2697,2786 2742,2789 2786,2786 2831,2783 2876,2780 2921,2777 2965,2777"/>
                <TextEquiv>
                    <Unicode>Amad: Und Albertus muss das doch eigentlie</Unicode>
                </TextEquiv>
            </TextLine>
            <TextLine id="tr_2_tl_2" custom="readingOrder {index:1;}">
                <Coords points="1179,3026 1275,3069 1465,2985 1667,3031 1774,2978 1882,2970 1991,3041 2044,3013 2049,2846 1880,2851 1763,2912 1700,2879 1644,2907 1452,2877 1182,2922"/>
                <Baseline points="1196,2974 1202,2974 1247,2974 1291,2974 1336,2974 1381,2971 1426,2971 1470,2965 1515,2965 1560,2965 1605,2968 1650,2968 1694,2965 1739,2965 1784,2965 1829,2962 1873,2962 1918,2962 1963,2959 2008,2959 2052,2962"/>
                <TextEquiv>
                    <Unicode>auch Spass machen.</Unicode>
                </TextEquiv>
            </TextLine>
            <TextLine id="tr_2_tl_3" custom="readingOrder {index:2;}">
                <Coords points="934,3152 1354,3228 1457,3188 2024,3213 2102,3160 2353,3200 2449,3178 2452,3018 2317,2968 1849,3059 1518,3064 1419,3016 934,3079"/>
                <Baseline points="948,3132 978,3135 1023,3135 1068,3135 1112,3135 1157,3132 1202,3132 1247,3129 1291,3126 1336,3126 1381,3126 1426,3123 1470,3126 1515,3123 1560,3123 1605,3123 1650,3121 1694,3121 1739,3123 1784,3123 1829,3121 1873,3121 1918,3118 1963,3118 2008,3115 2052,3115 2097,3112 2142,3109 2187,3106 2231,3106 2276,3106 2321,3109 2366,3109 2410,3109 2455,3103"/>
                <TextEquiv>
                    <Unicode>Maria: Der weiss nichts davon.</Unicode>
                </TextEquiv>
            </TextLine>
            <TextLine id="tr_2_tl_4" custom="readingOrder {index:3;}">
                <Coords points="989,3317 1503,3294 1774,3375 2029,3289 2806,3292 2823,3188 992,3223"/>
                <Baseline points="1002,3305 1038,3300 1083,3297 1127,3297 1172,3294 1217,3291 1262,3288 1306,3288 1351,3288 1396,3291 1441,3288 1485,3285 1530,3285 1575,3282 1620,3282 1664,3282 1709,3279 1754,3279 1799,3279 1843,3279 1888,3276 1933,3276 1978,3273 2022,3273 2067,3270 2112,3270 2157,3270 2202,3267 2246,3267 2291,3270 2336,3267 2381,3264 2425,3264 2470,3264 2515,3261 2560,3261 2604,3258 2649,3255 2694,3252 2739,3249 2783,3249 2828,3240"/>
                <TextEquiv>
                    <Unicode>Amad: Warum denn? Das müsste ihm doch</Unicode>
                </TextEquiv>
            </TextLine>
            <TextLine id="tr_2_tl_5" custom="readingOrder {index:4;}">
                <Coords points="1192,3494 2955,3438 2955,3312 2563,3281 2019,3365 1194,3367"/>
                <Baseline points="1205,3449 1217,3449 1262,3449 1306,3446 1351,3446 1396,3446 1441,3446 1485,3446 1530,3443 1575,3443 1620,3443 1664,3440 1709,3440 1754,3437 1799,3437 1843,3437 1888,3434 1933,3434 1978,3431 2022,3431 2067,3428 2112,3431 2157,3428 2202,3431 2246,3431 2291,3431 2336,3434 2381,3431 2425,3434 2470,3434 2515,3431 2560,3428 2604,3428 2649,3425 2694,3419 2739,3422 2783,3419 2828,3419 2873,3416 2918,3416 2962,3416"/>
                <TextEquiv>
                    <Unicode>eher sympathisch sein. Daß sie sollte</Unicode>
                </TextEquiv>
            </TextLine>
            <TextLine id="tr_2_tl_6" custom="readingOrder {index:5;}">
                <Coords points="997,3623 2631,3557 2884,3618 2922,3438 2424,3509 1854,3448 999,3509"/>
                <Baseline points="1011,3586 1044,3583 1089,3583 1133,3583 1178,3583 1223,3580 1268,3583 1312,3580 1357,3580 1402,3580 1447,3580 1491,3580 1536,3580 1581,3580 1626,3577 1670,3574 1715,3571 1760,3568 1805,3568 1849,3568 1894,3568 1939,3565 1984,3562 2028,3562 2073,3562 2118,3562 2163,3559 2207,3559 2252,3562 2297,3562 2342,3559 2387,3556 2431,3556 2476,3553 2521,3550 2566,3547 2610,3544 2655,3547 2700,3544 2745,3544 2789,3544 2834,3541 2879,3538 2924,3538"/>
                <TextEquiv>
                    <Unicode>Maria: Ja, theeretisch wel,- aber er hat</Unicode>
                </TextEquiv>
            </TextLine>
        </TextRegion>
    </Page>
</PcGts>
