3400 4056
2794 448 2932 579 83
1096 618 3080 788 Cäe: Ich frage aich gar nicht weiter. Ich
1281 774 3016 951 halte Details nicht für so notwendig.
1293 931 2944 1153 Ich weiss, dass Isolde dir gefällt,
1303 1109 3107 1269 das Weitere versteht sich ja nun sezien
1308 1293 2067 1463 lieh von selbst.
1392 1399 3094 1572 Ja, Isolde gefällt mir sehr. Und sie
1091 1468 1338 1624 Amad:
1325 1569 3028 1732 war heute schöner als je. - Aber die
1330 1720 2929 1882 sen Dingen irgene eine Wichtigkeit
1338 1860 2996 2045 beizulegen, wird mir niemals einfal
1338 2018 3090 2247 len. Oh, ich will mich nicht für al-
1345 2168 3146 2375 le Zeiten verwahren! Es wird vielleicht
1362 2323 3149 2552 einmal eine kommen, die als Persönlich
1367 2474 3013 2668 keit stärker auf mich wirkt, aber
1355 2673 3075 2848 Isolde ist es gewiss nicht.- Und wenn
1382 2828 2949 2984 du restattestt, se glaube ich auch
1387 2952 3099 3151 nicht, dass Sigismund dein bedeutend-
1402 3102 3075 3351 stes Erlebnis bleiben wird. Ich ver-
1402 3267 3065 3457 stehe ja vollkommen den Charme, den
2735 3383 2917 3511 just
1419 3476 3119 3636 sein Wesen ausübt, - dieses Gemisch
