3336 4024
1782 345 2988 507 kleine Landes hat Ihnen wohl einzeln,
1352 419 1558 530 mir
2317 458 2859 548 erhielt nicht viel.
1262 481 2870 676 sehr erregt eigentlich die letzten
792 607 2304 861 Aufsich zwei Jahre gewesen sin
977 792 3047 995 Maria: (Spielen Sie mir doch was vor! Irgend
1268 946 2916 1142 was aus Ihrer Oper - ich bitte Sie.
1036 1106 1797 1280 Amad: Jetzt?...
1031 1288 1998 1442 Maria: Warum nicht?
1031 1406 2553 1589 Amad: Wenn's Ihnen Spass macht.
1075 1594 2957 1754 Maria: Gewiss. - Oder glauben Sie viel-
1255 1689 3098 1905 leicht auch, dass ich von allen diesen
1273 1874 2384 2101 Dingen nichts verstehe?
1319 2039 2813 2232 Oh, Sie wissen sehr gut...Aber
1003 2039 1250 2222 Amad:
1283 2198 2988 2404 bleibt Ihnen denn auch noch Zeit für
1298 2355 3014 2543 die Musik? Ihre eigentlichen Interes-
1296 2512 2970 2705 sen liegen doch mehr auf anderem Ge
1280 2687 1558 2854 biet.
1072 2762 3080 3024 Das Stubenmädchen: kommt und bringt Brie¬
1296 2990 1545 3168 fo:/
1070 3129 3101 3368 Amad: (Und auf einem Gebiet, das mindestens
1327 3317 3021 3497 se schön ist wie ein anderes... Sie
1332 3443 3037 3685 erlauben.) - Sehen Sie, da kommt eben
