3544 4168
2686 346 2875 506 143
1121 506 3122 688 Amad: Eine Italienerin. - Ja, gerade heute
1310 688 3139 840 kam wieder ein Brief. Da liegt er noch.
431 742 1089 909 C Einge d'orgen geht
436 840 1268 1014 ein dis...bel stahmeile
1393 842 2910 1039 Und auch ihr Bild hat sie mitge-
491 937 1223 1146 lt. d. machs. scherze,
1330 1024 3059 1176 sehiekt. :Er reicht es ihr:
593 1064 1211 1266 J.C. a r ouil
1418 1163 3089 1343 Italien?.. Hm-4 :Geste. Kopfschüt-
1143 1206 1345 1353 Càc:
563 1256 725 1413 de
1335 1310 3094 1480 teln: Ich glaub' nicht. Etwas östli
1350 1460 2875 1654 cher. - Lass doch sehen, was sie
1353 1607 3044 1831 schreibt. :Sis liest: "Wie glück-
1348 1761 2975 2013 lieh, teurer Meister, hat mich Ihr
1365 1936 3072 2133 Brief gemacht...“ :spricht: Dein
1370 2078 3139 2294 Brief?.. Ach ja, natürlich! (:Liest
1410 2255 3087 2456 "Und Sie erlauben mir also wirklich,
1400 2392 3062 2608 Ihnen ver’s Angesicht zu treten?...
1460 2568 2875 2773 :Spricht: Welche Seelengüte!
1475 2705 3204 2925 :Liest: l "Bever ich dies voyage, sende
1425 2867 3104 3064 ich Ihnen mit Ihrer freundlichen Er-
1442 3039 3151 3229 laubnis mein Porträt. Ich bin ja nur
1455 3166 3216 3398 ein kleines Määnken, und Sie sind ein
1460 3303 3184 3575 berühmter Mann, und nur mit Schauern
1480 3518 3102 3707 tret' ich in den heiligen Hain der
