3480 4104
2796 439 2926 622 73
1034 629 3015 814 Amad: Ob man das voraus hat, das ist noch
1268 795 3097 957 die Frage...) ob nicht in gewissem Sinne
395 834 1110 1036 Markt dem ich
1278 923 3075 1145 die zu beneiden sind, die in der Dumpf-
291 980 1140 1187 cuitement près
1273 1098 2973 1266 heit ihrer Gefühle hinleben und sich
1286 1273 2001 1461 selbst belügen.
1323 1426 2944 1582 Aber...! man belügt doch immer nur
1051 1463 1251 1599 Cae :
1293 1569 3052 1737 die Andern. - Auch die Dumpfsten belii¬
1286 1715 2998 1902 gen sich selber nicht; sie versuchen
1303 1880 2971 2046 es nur, sieh die Existenz leicht zu
1288 1989 2971 2149 machen, dasurch dass sie sich nichts
1295 2137 3092 2305 merken lassen, und erschweren sie sich
1303 2337 1725 2475 doch nur.
1369 2413 3028 2591 anerkennend, beinahe mit Innigkeit
1026 2502 1276 2635 Am ad:
1318 2611 3057 2791 Sehr wahr!... Du bist klug... du bist
1323 2766 3000 2954 so klag Cäcilie. :Er sitzt am Kla-
1332 2922 2931 3116 vier und spielt ein paar Töne. Lä-
1323 3097 2843 3287 ehelnd, mit leichter Bitterkeit:
1325 3279 1821 3422 Sehr klug.
1389 3393 3171 3566 :wie misbilligend: Amadeus! - :Nä-
1108 3447 1310 3570 C äe :
1347 3548 3141 3738 her zu ihm: Zur Bitterkeit liegt für
