3464 4104
2762 451 2937 583 156
1290 600 3076 758 und sehen angehört haben, ohne dass es
1305 783 2992 943 eine Seele wusste,- aus dem Jahr, we
1297 925 3084 1112 au in Köln engagiert warst, und ich in
1290 1092 2536 1262 Zürich. Erinnerst au dich?
2237 1191 2458 1285 le vie
1647 1201 2136 1300 dans le Juf
1404 1244 3091 1386 Ob ich mich erinnere? - Und die drei
1115 1292 1318 1470 Càc:
1300 1399 2625 1563 TageUrlaub am Bden Bodensee!
1112 1551 3058 1705 Amad: Urlaub? - Ich hatte ja keinen. Ich
1305 1687 3096 1850 bin einfach durchgegangen. Das hättest
1315 1908 2045 2030 au nicht get an.
1087 2024 3124 2197 Cäc: Nun is, wirf mir nur vor, dass ich im-
1330 2169 2929 2354 mer etwas vernünftiger war als du.
1186 2351 3089 2519 Amad: Was waren das für wunderschöne Ta-
1335 2491 2764 2666 ge! - Erinnerst du dich an die
1338 2638 3149 2820 Schlittenfahrt... in der merkwürdigen
1348 2795 3096 2964 Beleuchtung,- der matten gelben Sonne
1361 2964 3038 3155 areben... Und dann der Abend in Ken-
1376 3127 3043 3304 stanz,- das Riesenzimmer mit dem un-
1378 3248 3030 3471 geheuern Fenster, durch das wir auf
1391 3410 3048 3623 den Marktplatz hinunterschauten, wo
1394 3545 3157 3790 lauter XXXXXX Menschen herumelusammen
