3416 4088
591 130 3043 356 sagen die beste Fr, meiner schreien die die sei? Man glaubt Ihm
343 260 2830 523 „ Ihr verzehrd teilenhaft – auch nun sei keine toversamt
421 254 557 439 P.
1416 424 2561 674 Gewohnheiten angenommen.
260 486 1147 705 Marielmachen In
182 569 1271 835 haben überhaupt in der Lhl Heim¬
1231 622 2854 847 Fried: die ruhig dasteht und ihn
1426 761 2950 977 lächelnd betrachtet: Ich liebe
182 807 643 971 Welchen
1438 949 2078 1150 Sie, Amadeus.
1249 1070 2953 1280 Amad: :als hörte er das nicht: Es
1398 1206 2969 1478 fällt mir eben ein, dass wir über
1401 1392 2888 1617 Ihre vorgestrige Brunhilde noch
1398 1543 3028 1750 gar nicht gesprochen haben. Ich war
1506 1676 2947 1936 höchst unangenehm berührt - er
897 1769 1314 1973 Ich will Ihnen
1478 1868 2845 2091 schrocken... xxxr steht auf,
857 1914 1364 2134 nicht, erzähle
1481 1988 2969 2245 geht nach seiner Gewohnheit mit
1484 2134 3065 2322 beiden Händen in den Sakkotaschen
1491 2322 2997 2480 hin und her: Erbittert ist ei-
1522 2465 3018 2656 gentlich das treffendste Wort...
1509 2619 2978 2802 Haben Sie denn alles vergessen,
1531 2743 3108 2947 was man Ihnen gesagt hat? War auch
1528 2944 3055 3123 nur eine Spur von Walkürentum in
1546 3089 3040 3269 Ihrer Gestalt? Weder was Göttli-
1556 3256 3021 3504 ches noch was Jungfräuliches...
1562 3408 3074 3624 Sie waren keine Walküre, sie wa-
1568 3516 3123 3739 ren - verzeihen Sie - eine Marke-
