3448 4136
2711 400 2881 545 147
1141 517 2335 773 Amad: Ist denn das wahr?
1103 751 2706 926 Cäc: Gewiss wird er sie heiraten.
1120 892 2586 1113 Aman: Du bist sehr resigniert.
1081 1062 2983 1275 Cäe: Sähst du mich lieber mit Tränen?...
1323 1191 3012 1419 Das liegt nun einmal nicht in meiner
1330 1436 1629 1589 Natur.
1120 1498 3007 1742 Amad: Aber ich muss sagen, ich fina' es
1366 1665 3132 1904 recht - mässig von ihm, dir gegenüber.
1189 1818 3015 2036 Cäe: Er weiss es ja noch gar nicht. Er
1402 1991 3160 2215 glaubt ja, es wira ewig aauern. - Aber
1404 2137 3149 2354 ich kenn' ihn natürlich ein wenig bes
1409 2314 2828 2522 ser, als er sich selbst kennt.
1287 2433 3208 2682 Amad: Also zu fülst, dass er dich nicht
1440 2627 2811 2833 mehr sehr liebt wie einst?
1275 2782 3146 3007 Cäc: Das sagt' ich nicht -. nein! Eher
1464 2916 3268 3127 mehr. Aber trotzaem... Gott, er ist ja
1486 3060 3254 3318 se jung. Ich bin eine alte Frau gegen
1495 3306 1701 3469 ihn.
1273 3479 1758 3632 Am ao : Dit!
1323 3517 3249 3720 Cäc: Um vier Jahre älter als er. - Nein,
