3384 4088
2512 389 2641 531 38
1228 522 2822 773 Alb: Die Epoche der gegenseitigen
2042 577 3134 744 aber nicht die der Finkstreibt!
1361 730 2928 941 Zärtlichkeit... Aber hier beginnt
2354 785 3017 961 Um den statt der
1443 895 2309 1065 ja erst die Gefahr.
2808 895 2960 1036 sept
1198 1006 3019 1232 Amad: Welche Gefahr? - Ich sehe keine.
507 1051 821 1282 would it
1339 1192 2958 1377 Ich sagte ja, dass es nur auf Wahr-
1384 1336 2854 1542 heit ankommt und nicht auf das,
1352 1504 3014 1696 was wir Treue nennen. - Es ist selt
1393 1657 2910 1859 sam, was für Gewalt manche Werte
1366 1820 3012 1967 über uns gewonnen und sich allmälig
1431 1945 2928 2182 einen Sinn angemaasst haben, der
1438 2103 2854 2279 ihnen gar nicht zukommt... Ich
1449 2277 2944 2426 weiss ja, welche Worte dir jetzt
1452 2438 2872 2650 durch den Kopf schwirren - Ehe¬
1449 2603 2962 2734 bruch, Betrug... und du vergisst
1463 2738 3048 2897 ganz, durch die Macht dieser Worte
1474 2890 3032 3064 vor den Kopf geschlagen, dass von
1486 3050 3084 3268 einem Betrug auch in der Ehe keine
1522 3220 3075 3444 Rede sein kann, wenn es keine Lü-
1486 3372 3093 3586 ge giebt. Und ebenso siebt es kein
1497 3539 2885 3756 Lächerlichwerden, kein Sicher-
1393 3697 3089 3869 niedrigt fühlen, wenn es keinen Betrug
