3336 4072
1599 640 2053 803 klingelt:
1038 816 2955 989 Amad: Cäcilie!... Ah nein, das ist nicht
1413 931 2690 1130 ich. Es wird Albertus sein.
1028 1109 2892 1331 Maria: Albertus... Nein, ich will ihm
1183 1255 2841 1479 jetzt lieber nicht begegnen. Jetzt
1198 1413 2899 1591 nicht. - Kann man hier hinausgehen?
1033 1573 2912 1772 Amad: Ich begleite Sie und öffne Ihnen
454 1627 938 1846 so ist zu schlechte
1239 1780 1905 1938 die Gartentür.
487 1805 793 1912 Mills.
357 1877 824 2055 Jahr Sie deren
984 1897 3034 2114 Maria: Bitte, reden Sie zu Albertus nihtes
324 2007 793 2173 der seinen
1250 2020 2874 2218 van alldem, ich werd' es ihm sehen
314 2132 768 2328 invention
1247 2203 3040 2369 selber sagen. /:Er öffnet die Tür zur
1260 2394 2864 2581 Veranda:  Oh, was für ein Wetter!
1293 2524 2374 2718 :Es regnet und stürmt:
1025 2675 2856 2932 Amad: schlägt sich den Kragen hinauf;
1272 2851 2524 2989 beide über die Veranda ab:
1089 2986 2512 3182 :Bühne ein paar Sekunden leer:
