3400 4040
1081 511 1567 701 freigiebt.
896 636 2779 861 Amad: Ich verbiete mir ein für alle Mal
1097 834 2904 991 dass du dich in unsere Angelegenheiten
1089 951 2893 1165 mischst. Ob wir nach Berlin gehen oder
1092 1114 2800 1285 nicht, hängt aussehliesslich von uns
1103 1309 1271 1494 ab.
926 1429 2781 1646 Fried! Wir -?!... Was hast du denn in
282 1524 864 1714 Schlupenwirck
1103 1603 1782 1790 Berlin zu tun?
185 1698 815 1858 I. Mad[illegible]
921 1744 2980 1923 Amad: Ich oder sie oder wir beide - Berlin
334 1798 763 1945 Kermt! -
168 1888 929 2072 a. of nein! - Abthärlich,
1125 1907 2836 2102 oder Amerika... Nie hab' ich dir das
209 2013 945 2219 Nie durch die dir der...
1122 2034 2871 2246 Recht gegeben, dich darum zu kümmern!
535 2214 2716 2445 Wir je- Fried:  Wenn ich’s mir nun aber nehme?
1127 2344 2784 2583 Wenn ich mir endlich zu gut bin für
405 2439 1010 2629 celui de mille
1138 2488 2893 2711 die Rolle, die du mir in deinem Leben
1135 2673 1709 2852 zuteilst?..
962 2749 2966 3007 Amad: So werd' ich dir ohneweiters gestat-
1149 2939 2893 3151 ten, dich aus meinem Leben zu entfer-
1146 3088 2885 3273 nen; nie aber werd' ich dir erlauben,
1163 3243 2885 3431 dich um meine Angelegenheiten zu kün-
1157 3406 2885 3580 menn. Das hab‘ ich dir vom ersten Au-
1163 3537 2906 3738 genblick an gesagt. Ist es etwa nicht
1176 3710 2958 3860 wahr?.. hörst du damit etwas Neues?...
