3384 4088
1746 580 2896 758 und es werden vielleich
1443 641 1591 741 geh
1723 708 2240 901 Träume sein
1178 728 1634 921 nicht imm
931 868 2891 1041 Amad: Aber dann werden Sie ihm nichts da
1260 1089 1741 1232 von sagen.
949 1168 2774 1379 Maria: Wo bliebe denn dann die Rache?
965 1356 3013 1570 Amad: Dann wird Ihnen nicht mehr die Rache
1201 1545 2153 1690 das Wichtigste sein.
1774 1552 2438 1754 Ihr so weit!...
1209 1657 1687 1761 Man man in
1010 1654 1158 1827 ai.
1161 1657 2962 1871 (Ich glaube, Sie sind empfindlich, Ma-
1209 1809 3013 2036 ria, - zu empfindlich. Er ist nun ein-
1209 1993 3031 2156 mal, wie er ist. Ihre Stimmung scheint
1222 2110 2896 2326 mir sehr sonderbar) Sie sollten ihr
1272 2301 2927 2469 nicht zu viel Gewalt über sich ein-
1245 2448 2871 2621 räumen. - Reden Sie doch einmal zu
1247 2591 2970 2787 ihm, wie Sie jetzt zu mir gesprechen
1247 2830 1570 2950 haben.
1021 2896 2878 3118 Maria: Dazu ist es wel zu spät. Sie kö-
1311 3074 2985 3291 nen sich wel denken, dass das nicht
1328 3212 3003 3428 von heute ist, was ich da sage; aber
1384 3400 3085 3604 ist se stark in mir, es quillt her-
2469 3527 3034 3683 ich ja heute
1624 3581 1736 3769 A
