<?xml version="1.0" encoding="UTF-8" standalone="yes"?>
<PcGts xmlns="http://schema.primaresearch.org/PAGE/gts/pagecontent/2013-07-15" xmlns:xsi="http://www.w3.org/2001/XMLSchema-instance" xsi:schemaLocation="http://schema.primaresearch.org/PAGE/gts/pagecontent/2013-07-15 http://schema.primaresearch.org/PAGE/gts/pagecontent/2013-07-15/pagecontent.xsd">
    <Metadata>
        <Creator>prov=READ-COOP:name=TrHtr:version=2.1.0:model_id=51170:date=25_07_2023_02:32</Creator>
        <Created>2023-05-10T13:04:48.692+02:00</Created>
        <LastChange>2023-07-25T02:32:45.417+02:00</LastChange>
        <TranskribusMetadata docId="1428561" pageId="55407900" pageNr="80" tsid="130580924" status="IN_PROGRESS" userId="64420" imgUrl="https://files.transkribus.eu/Get?id=QWSPBUQJCYEBQCUSBPNRXIJI&amp;fileType=view" xmlUrl="https://files.transkribus.eu/Get?id=ZNXJOHHSNUDEKJYCNKLUOPTF" imageId="44682046"/>
    </Metadata>
    <Page imageFilename="1428561_0080.jpg" imageWidth="3416" imageHeight="4152">
        <ReadingOrder>
            <OrderedGroup id="ro_1711794582869" caption="Regions reading order">
                <RegionRefIndexed index="0" regionRef="tr_2"/>
                <RegionRefIndexed index="1" regionRef="tr_1"/>
            </OrderedGroup>
        </ReadingOrder>
        <TextRegion id="tr_2" custom="readingOrder {index:0;}">
            <Coords points="964,514 3011,514 3011,1571 964,1571"/>
            <TextLine id="tr_2_tl_1" custom="readingOrder {index:0;}">
                <Coords points="2774,582 2804,589 2838,609 2860,600 2899,598 2904,427 2890,427 2869,439 2856,427 2822,425 2810,418 2794,432 2776,432"/>
                <Baseline points="2787,570 2832,567 2877,564 2904,570"/>
                <TextEquiv>
                    <Unicode>94</Unicode>
                </TextEquiv>
            </TextLine>
            <TextLine id="tr_2_tl_2" custom="readingOrder {index:1;}">
                <Coords points="1173,780 2558,730 2926,769 2926,689 2690,655 1176,709"/>
                <Baseline points="1185,767 1229,764 1274,764 1319,761 1364,761 1408,761 1453,761 1498,761 1543,758 1587,758 1632,752 1677,752 1722,752 1767,749 1811,749 1856,749 1901,749 1946,749 1990,746 2035,746 2080,743 2125,740 2170,743 2214,740 2259,740 2304,740 2349,740 2393,737 2438,734 2483,734 2528,731 2572,728 2617,728 2662,731 2707,731 2752,731 2796,731 2841,728 2886,728 2931,731"/>
                <TextEquiv>
                    <Unicode>ihrer ganzen Künstlerschaft würdigen.</Unicode>
                </TextEquiv>
            </TextLine>
            <TextLine id="tr_2_tl_3" custom="readingOrder {index:2;}">
                <Coords points="1244,950 2883,907 2981,884 2983,796 1244,873"/>
                <Baseline points="1256,916 1286,916 1331,916 1376,916 1420,919 1465,916 1510,916 1555,913 1599,913 1644,913 1689,910 1734,910 1779,913 1823,910 1868,910 1913,907 1958,907 2002,907 2047,904 2092,904 2137,901 2181,901 2226,898 2271,898 2316,895 2361,895 2405,895 2450,895 2495,892 2540,892 2584,892 2629,889 2674,889 2719,889 2764,886 2808,883 2853,883 2898,883 2943,880 2987,880"/>
                <TextEquiv>
                    <Unicode>Und übrigens hat sie sich anorm ent-</Unicode>
                </TextEquiv>
            </TextLine>
            <TextLine id="tr_2_tl_4" custom="readingOrder {index:3;}">
                <Coords points="1187,1112 1219,1116 1246,1098 1278,1112 1317,1087 1337,1103 1442,1080 1494,1080 1583,1107 1580,1046 1539,1044 1492,1007 1448,1016 1367,1000 1328,1028 1276,1016 1244,1032 1228,1019 1185,1044"/>
                <Baseline points="1196,1062 1241,1068 1286,1071 1331,1074 1376,1074 1420,1074 1465,1074 1510,1074 1555,1077 1587,1077"/>
                <TextEquiv>
                    <Unicode>wickelt.</Unicode>
                </TextEquiv>
            </TextLine>
            <TextLine id="tr_2_tl_5" custom="readingOrder {index:4;}">
                <Coords points="1303,1257 2910,1212 2865,1119 2717,1185 2624,1121 1883,1187 1305,1157"/>
                <Baseline points="1316,1241 1349,1241 1393,1238 1438,1238 1483,1235 1528,1235 1573,1232 1617,1229 1662,1229 1707,1229 1752,1226 1796,1226 1841,1226 1886,1223 1931,1223 1976,1223 2020,1220 2065,1220 2110,1220 2155,1217 2199,1217 2244,1214 2289,1214 2334,1214 2378,1214 2423,1211 2468,1208 2513,1208 2558,1205 2602,1205 2647,1205 2692,1205 2737,1202 2781,1202 2826,1199 2871,1199 2916,1199"/>
                <TextEquiv>
                    <Unicode>Es ist aber auch unglaublich, wie</Unicode>
                </TextEquiv>
            </TextLine>
            <TextLine id="tr_2_tl_6" custom="readingOrder {index:5;}">
                <Coords points="950,1278 1030,1287 1071,1314 1151,1317 1178,1342 1214,1323 1257,1339 1262,1180 1196,1187 1157,1171 1100,1187 1030,1171 953,1198"/>
                <Baseline points="964,1250 996,1250 1041,1247 1086,1247 1131,1244 1176,1244 1220,1244 1265,1241"/>
                <TextEquiv>
                    <Unicode>Maria:</Unicode>
                </TextEquiv>
            </TextLine>
            <TextLine id="tr_2_tl_7" custom="readingOrder {index:6;}">
                <Coords points="1189,1419 2901,1385 2954,1289 2640,1289 2551,1346 2401,1291 1191,1335"/>
                <Baseline points="1202,1402 1211,1402 1256,1396 1301,1396 1346,1396 1390,1393 1435,1393 1480,1390 1525,1390 1570,1387 1614,1387 1659,1387 1704,1387 1749,1384 1793,1384 1838,1382 1883,1382 1928,1379 1973,1379 2017,1379 2062,1376 2107,1373 2152,1373 2196,1373 2241,1370 2286,1370 2331,1370 2375,1367 2420,1367 2465,1364 2510,1361 2555,1361 2599,1361 2644,1358 2689,1358 2734,1358 2778,1355 2823,1355 2868,1352 2913,1352 2958,1349"/>
                <TextEquiv>
                    <Unicode>sie arbeitet. Eigentlich hab ich mir</Unicode>
                </TextEquiv>
            </TextLine>
            <TextLine id="tr_2_tl_8" custom="readingOrder {index:7;}">
                <Coords points="1291,1514 2183,1444 2360,1485 2399,1467 2401,1387 1294,1426"/>
                <Baseline points="1307,1471 1322,1471 1367,1468 1411,1465 1456,1465 1501,1462 1546,1462 1590,1462 1635,1459 1641,1459 1644,1459 1689,1456 1734,1456 1779,1456 1823,1450 1868,1450 1913,1450 1958,1447 2002,1447 2047,1447 2092,1444 2137,1441 2181,1438 2226,1438 2271,1438 2316,1438 2361,1438 2405,1438"/>
                <TextEquiv>
                    <Unicode>Hierin in Sommer worauf</Unicode>
                </TextEquiv>
            </TextLine>
            <TextLine id="tr_2_tl_9" custom="readingOrder {index:8;}">
                <Coords points="1196,1564 1405,1608 1553,1555 2919,1542 3006,1530 3008,1444 1198,1510"/>
                <Baseline points="1208,1561 1220,1558 1265,1558 1310,1558 1355,1558 1399,1558 1444,1555 1489,1555 1534,1552 1579,1552 1623,1549 1668,1546 1713,1546 1758,1546 1802,1543 1847,1540 1892,1540 1937,1540 1981,1540 2026,1537 2071,1537 2116,1534 2161,1531 2205,1534 2250,1531 2295,1528 2340,1528 2384,1525 2429,1525 2474,1522 2519,1522 2564,1516 2608,1513 2653,1516 2698,1516 2743,1513 2787,1513 2832,1513 2877,1513 2922,1510 2966,1510 3011,1510"/>
                <TextEquiv>
                    <Unicode>das gar nicht gedacht, dass so fertige</Unicode>
                </TextEquiv>
            </TextLine>
        </TextRegion>
        <TextRegion id="tr_1" custom="readingOrder {index:1;}">
            <Coords points="917,1615 3089,1615 3089,3759 917,3759"/>
            <TextLine id="tr_1_tl_1" custom="readingOrder {index:0;}">
                <Coords points="1191,1758 2703,1705 2879,1633 1928,1614 1510,1664 1194,1623"/>
                <Baseline points="1205,1716 1226,1713 1271,1713 1316,1713 1361,1713 1405,1713 1450,1710 1495,1710 1540,1707 1584,1707 1629,1704 1674,1704 1719,1701 1764,1701 1808,1698 1853,1695 1898,1695 1943,1695 1987,1692 2032,1692 2077,1689 2122,1686 2167,1686 2211,1683 2256,1680 2301,1680 2346,1677 2390,1677 2435,1677 2480,1680 2525,1677 2570,1677 2614,1674 2659,1671 2704,1668 2749,1668 2793,1668 2838,1665 2883,1665"/>
                <TextEquiv>
                    <Unicode>Künstlerinnen noch so fleissig sein</Unicode>
                </TextEquiv>
            </TextLine>
            <TextLine id="tr_1_tl_2" custom="readingOrder {index:1;}">
                <Coords points="1196,1896 1246,1887 1255,1899 1301,1878 1360,1880 1389,1899 1417,1885 1442,1905 1519,1876 1558,1892 1560,1812 1523,1821 1476,1796 1412,1833 1387,1824 1367,1835 1303,1796 1253,1814 1230,1794 1198,1796"/>
                <Baseline points="1208,1880 1250,1877 1295,1874 1340,1871 1384,1871 1429,1868 1474,1868 1519,1868 1564,1871"/>
                <TextEquiv>
                    <Unicode>miiss en.</Unicode>
                </TextEquiv>
            </TextLine>
            <TextLine id="tr_1_tl_3" custom="readingOrder {index:2;}">
                <Coords points="1257,2055 2981,2015 2983,1921 1955,1980 1260,1951"/>
                <Baseline points="1271,2029 1286,2029 1331,2026 1376,2023 1420,2023 1465,2020 1510,2020 1555,2020 1599,2020 1644,2017 1689,2014 1734,2014 1779,2014 1823,2008 1868,2008 1913,2008 1958,2005 2002,2005 2047,2002 2092,2002 2137,2002 2181,1999 2226,1999 2271,1999 2316,1999 2361,1996 2405,1996 2450,1993 2495,1993 2540,1993 2584,1990 2629,1990 2674,1987 2719,1984 2764,1981 2808,1978 2853,1976 2898,1976 2943,1976 2987,1976"/>
                <TextEquiv>
                    <Unicode>Wie kommen Sie darauf?... Ah ja, Sie</Unicode>
                </TextEquiv>
            </TextLine>
            <TextLine id="tr_1_tl_4" custom="readingOrder {index:3;}">
                <Coords points="905,2049 935,2051 953,2065 973,2051 991,2065 1048,2051 1055,2060 1107,2060 1144,2083 1171,2074 1176,1980 1151,1987 1114,1967 1062,1978 1035,1965 1010,1974 989,1967 955,1992 907,1996"/>
                <Baseline points="917,2045 955,2044 999,2044 1044,2041 1089,2041 1134,2038 1179,2035"/>
                <TextEquiv>
                    <Unicode>Amad:</Unicode>
                </TextEquiv>
            </TextLine>
            <TextLine id="tr_1_tl_5" custom="readingOrder {index:4;}">
                <Coords points="1205,2203 2913,2171 3029,2153 3031,2065 1207,2131"/>
                <Baseline points="1217,2193 1244,2190 1289,2187 1334,2187 1379,2184 1423,2184 1468,2181 1513,2181 1558,2178 1602,2175 1647,2173 1692,2173 1737,2170 1781,2170 1826,2167 1871,2167 1916,2164 1961,2161 2005,2161 2050,2158 2095,2158 2140,2158 2184,2158 2229,2155 2274,2152 2319,2152 2364,2152 2408,2149 2453,2146 2498,2146 2543,2143 2587,2140 2632,2140 2677,2137 2722,2137 2767,2137 2811,2134 2856,2134 2901,2131 2946,2131 2990,2128 3035,2131"/>
                <TextEquiv>
                    <Unicode>haben sie heuer im Sommer auf dem Land</Unicode>
                </TextEquiv>
            </TextLine>
            <TextLine id="tr_1_tl_6" custom="readingOrder {index:5;}">
                <Coords points="1214,2390 1453,2342 2856,2326 2935,2315 2938,2233 1219,2290"/>
                <Baseline points="1229,2346 1241,2343 1286,2343 1331,2340 1376,2340 1420,2343 1465,2340 1510,2340 1555,2337 1599,2334 1644,2334 1689,2331 1734,2331 1779,2328 1823,2328 1868,2328 1913,2322 1958,2322 2002,2319 2047,2319 2092,2316 2137,2316 2181,2313 2226,2313 2271,2310 2316,2310 2361,2307 2405,2307 2450,2304 2495,2301 2540,2298 2584,2298 2629,2295 2674,2292 2719,2292 2764,2289 2808,2289 2853,2286 2898,2286 2943,2283"/>
                <TextEquiv>
                    <Unicode>üben gehört, wärend ich und Albertus</Unicode>
                </TextEquiv>
            </TextLine>
            <TextLine id="tr_1_tl_7" custom="readingOrder {index:6;}">
                <Coords points="1228,2517 1501,2522 1533,2497 1708,2522 1896,2485 2071,2501 2071,2467 1983,2426 1867,2412 1651,2451 1626,2428 1230,2451"/>
                <Baseline points="1241,2507 1271,2504 1316,2504 1361,2501 1405,2498 1450,2498 1495,2495 1540,2495 1584,2495 1629,2492 1674,2492 1719,2489 1764,2486 1808,2486 1853,2483 1898,2480 1943,2480 1987,2480 2032,2480 2077,2483"/>
                <TextEquiv>
                    <Unicode>auf Reisen waren."</Unicode>
                </TextEquiv>
            </TextLine>
            <TextLine id="tr_1_tl_8" custom="readingOrder {index:7;}">
                <Coords points="1351,2672 2924,2624 2949,2549 2851,2522 2763,2567 2669,2522 1353,2608"/>
                <Baseline points="1364,2665 1384,2662 1429,2659 1474,2656 1519,2653 1564,2653 1608,2653 1653,2650 1698,2650 1743,2647 1787,2644 1832,2641 1877,2641 1922,2638 1967,2635 2011,2635 2056,2632 2101,2629 2146,2626 2190,2626 2235,2623 2280,2623 2325,2620 2370,2620 2414,2617 2459,2614 2504,2614 2549,2611 2593,2611 2638,2608 2683,2605 2728,2605 2772,2602 2817,2602 2862,2599 2907,2599 2952,2596"/>
                <TextEquiv>
                    <Unicode>Ja. Täglich zwei Stunden übte sie</Unicode>
                </TextEquiv>
            </TextLine>
            <TextLine id="tr_1_tl_9" custom="readingOrder {index:8;}">
                <Coords points="946,2699 985,2685 1050,2710 1112,2713 1178,2688 1203,2706 1253,2681 1285,2683 1289,2613 1228,2624 1171,2594 1144,2615 1078,2626 1057,2606 1041,2619 1007,2617 978,2592 950,2588"/>
                <Baseline points="958,2677 979,2677 1023,2677 1068,2677 1113,2674 1158,2671 1202,2668 1247,2668 1292,2665"/>
                <TextEquiv>
                    <Unicode>Mmea:</Unicode>
                </TextEquiv>
            </TextLine>
            <TextLine id="tr_1_tl_10" custom="readingOrder {index:9;}">
                <Coords points="1235,2833 2085,2794 2392,2890 2542,2785 3020,2781 3056,2717 2563,2692 2265,2756 1962,2719 1348,2779 1237,2738"/>
                <Baseline points="1247,2820 1265,2817 1310,2817 1355,2817 1399,2814 1444,2814 1489,2811 1534,2808 1579,2805 1623,2805 1668,2805 1713,2805 1758,2802 1802,2802 1847,2799 1892,2796 1937,2793 1981,2793 2026,2790 2071,2790 2116,2787 2161,2787 2205,2784 2250,2784 2295,2781 2340,2778 2384,2778 2429,2775 2474,2775 2519,2772 2564,2769 2608,2769 2653,2764 2698,2764 2743,2764 2787,2761 2832,2761 2877,2761 2922,2758 2966,2755 3011,2755 3056,2752"/>
                <TextEquiv>
                    <Unicode>ihre Skalen und Läufe. Ich bin mergens</Unicode>
                </TextEquiv>
            </TextLine>
            <TextLine id="tr_1_tl_11" custom="readingOrder {index:10;}">
                <Coords points="1244,2995 2985,2956 3042,2947 3047,2860 2306,2860 1703,2935 1617,2883 1526,2926 1248,2894"/>
                <Baseline points="1256,2981 1259,2978 1304,2978 1349,2975 1393,2975 1438,2969 1483,2972 1528,2969 1573,2966 1617,2966 1662,2966 1707,2964 1752,2964 1796,2961 1841,2961 1886,2958 1931,2955 1976,2952 2020,2952 2065,2949 2110,2949 2155,2946 2199,2943 2244,2943 2289,2940 2334,2937 2378,2937 2423,2934 2468,2934 2513,2931 2558,2931 2602,2928 2647,2925 2692,2925 2737,2925 2781,2925 2826,2922 2871,2922 2916,2919 2961,2919 3005,2922 3050,2925"/>
                <TextEquiv>
                    <Unicode>im Garten gesessen mit den drei Buben,</Unicode>
                </TextEquiv>
            </TextLine>
            <TextLine id="tr_1_tl_12" custom="readingOrder {index:11;}">
                <Coords points="1244,3145 2976,3101 2981,2999 1246,3079"/>
                <Baseline points="1256,3143 1283,3137 1328,3134 1373,3134 1417,3134 1462,3131 1507,3128 1552,3125 1596,3125 1641,3122 1686,3119 1731,3119 1776,3119 1820,3116 1865,3113 1910,3113 1955,3110 1999,3107 2044,3107 2089,3104 2134,3101 2178,3098 2223,3098 2268,3095 2313,3095 2358,3092 2402,3089 2447,3089 2492,3089 2537,3089 2581,3089 2626,3086 2671,3083 2716,3080 2761,3080 2805,3077 2850,3074 2895,3074 2940,3071 2984,3068"/>
                <TextEquiv>
                    <Unicode>meinen zwei und Ihrem Peterl, und da</Unicode>
                </TextEquiv>
            </TextLine>
            <TextLine id="tr_1_tl_13" custom="readingOrder {index:12;}">
                <Coords points="1255,3313 2167,3261 2772,3301 2972,3261 2976,3181 1257,3226"/>
                <Baseline points="1268,3298 1277,3298 1322,3295 1367,3292 1411,3292 1456,3292 1501,3289 1546,3283 1590,3283 1635,3280 1680,3280 1725,3277 1770,3277 1814,3274 1859,3271 1904,3268 1949,3268 1993,3265 2038,3262 2083,3259 2128,3259 2173,3259 2217,3253 2262,3253 2307,3250 2352,3247 2396,3247 2441,3247 2486,3244 2531,3244 2575,3244 2620,3244 2665,3241 2710,3238 2755,3235 2799,3232 2844,3232 2889,3229 2934,3232 2978,3235"/>
                <TextEquiv>
                    <Unicode>hab' ich sie durch's Fenster gehört.</Unicode>
                </TextEquiv>
            </TextLine>
            <TextLine id="tr_1_tl_14" custom="readingOrder {index:13;}">
                <Coords points="1253,3458 2835,3415 2838,3317 2740,3283 2472,3354 2217,3311 2117,3361 1903,3340 1460,3413 1257,3383"/>
                <Baseline points="1268,3444 1271,3444 1316,3447 1361,3447 1405,3447 1450,3444 1495,3444 1540,3444 1584,3444 1629,3441 1674,3435 1719,3435 1764,3432 1808,3429 1853,3426 1898,3426 1943,3423 1987,3423 2032,3420 2077,3423 2122,3420 2167,3417 2211,3411 2256,3411 2301,3408 2346,3405 2390,3405 2435,3402 2480,3402 2525,3402 2570,3399 2614,3396 2659,3393 2704,3393 2749,3390 2793,3393 2838,3393"/>
                <TextEquiv>
                    <Unicode>Wie eine Schülerin hat sie geübt,</Unicode>
                </TextEquiv>
            </TextLine>
            <TextLine id="tr_1_tl_15" custom="readingOrder {index:14;}">
                <Coords points="1264,3665 3013,3572 3081,3556 3083,3490 1271,3531"/>
                <Baseline points="1280,3617 1298,3617 1343,3614 1387,3614 1432,3614 1477,3608 1522,3608 1567,3608 1611,3605 1656,3602 1701,3599 1746,3599 1790,3599 1835,3596 1880,3596 1925,3593 1970,3590 2014,3590 2059,3587 2104,3587 2149,3581 2193,3581 2238,3578 2283,3575 2328,3572 2372,3572 2417,3569 2462,3566 2507,3566 2552,3566 2596,3560 2641,3560 2686,3558 2731,3555 2775,3555 2820,3552 2865,3549 2910,3546 2955,3546 2999,3546 3044,3543 3089,3540"/>
                <TextEquiv>
                    <Unicode>Täglich von neun bis zehn und dann von</Unicode>
                </TextEquiv>
            </TextLine>
            <TextLine id="tr_1_tl_16" custom="readingOrder {index:15;}">
                <Coords points="1264,3754 2253,3704 2526,3745 2831,3688 2890,3727 3042,3699 3045,3633 2153,3629 1712,3693 1269,3652"/>
                <Baseline points="1277,3749 1304,3746 1349,3743 1393,3737 1438,3734 1483,3731 1528,3728 1573,3725 1617,3722 1662,3719 1707,3719 1752,3719 1796,3716 1841,3716 1886,3713 1931,3713 1976,3713 2020,3710 2065,3707 2110,3707 2155,3707 2199,3707 2244,3704 2289,3704 2334,3701 2378,3698 2423,3698 2468,3698 2513,3695 2558,3695 2602,3695 2647,3692 2692,3692 2737,3692 2781,3689 2826,3689 2871,3689 2916,3686 2961,3686 3005,3686 3050,3683"/>
                <TextEquiv>
                    <Unicode>zwälf bis d na - und auch abends noch</Unicode>
                </TextEquiv>
            </TextLine>
        </TextRegion>
    </Page>
</PcGts>
