3288 3960
1226 516 2203 737 hier sind die Worte.
1045 669 2922 917 Cäe: Nein. Ich bin zu müd. - Spiel' mir
1246 872 2195 1060 die Melodie nur vor.
1040 997 2950 1206 Amad: So hat es keinen Sinn. Ohne deine
1231 1175 2997 1426 Stimme ist es nichts... Deine Stimme!
1358 1336 2075 1501 Deine Stimme!
1058 1504 3073 1704 Cäc: schüttelt den Kopf: Heute nicht...
1050 1639 2820 1877 Am. So verlet sie mein heil. so freund bleiben!
1108 1782 1404 2005 Caes. 3
2015 1827 2401 2030 ¬
1120 1960 2937 2211 In Marien compt.. Ich will d by une
1155 2125 2900 2368 u will ich [illegible] ein Freien so mich bleiben
1125 2328 2997 2551 der Coll den Leb nicht kann mehmen!
1226 2479 1990 2717 + J. p. keines!...
1030 2697 2922 2932 (Vielleicht andrer: (: mal auf einer Ministät die Ehele
1080 2947 2391 3153 Beträge bezitimmen mit.  Christ
1040 3103 2759 3343 Querulant -  il s'est part
