3464 4168
1216 712 2887 841 aber nun ist es sehen verüber. Wenn
1218 800 2963 988 alle Männer se klug und energisch wä-
1218 1005 2781 1183 ren.... Grüss' mir auch Cäcilie.
1051 1213 2935 1497 Albertus: :tritt ein:  Oh guten Abend,
1236 1482 1877 1644 gnädige Frau.
1056 1570 2905 1765 Fried: Guten Abend, Herr Rhen. Ich war
1249 1747 2925 1932 eben im Fortgehen. - Was macht denn
1249 1945 2583 2097 Ihre gemeinschaftliche Oper?
1076 2122 1740 2262 Alb: Es geht
1084 2183 2771 2429 Fried: Aber es bleibt doch dabei...
1274 2416 2983 2601 :Zu Amad: dass ich die Hauptrolle
1271 2550 2621 2728 in Ihrer Oper spielen werde?
1109 2720 2760 2872 Amad: Wenn Sie bis zum Cis kommen.
1064 2867 3097 3057 Fried: Sie sind imstande und schreiben die
1287 3029 3097 3193 Partie absichtlich höher... Nun adieu.
1362 3171 3052 3381 Nicht wahr, das Leben ist eine sen-
1319 3368 2008 3508 derbare Sache?
1135 3457 3145 3685 Alb: Ich las es eben in den Abendblättern
1332 3589 3052 3827 gnädige Frau, - man weiss wahrhaftig
