<?xml version="1.0" encoding="UTF-8" standalone="yes"?>
<PcGts xmlns="http://schema.primaresearch.org/PAGE/gts/pagecontent/2013-07-15" xmlns:xsi="http://www.w3.org/2001/XMLSchema-instance" xsi:schemaLocation="http://schema.primaresearch.org/PAGE/gts/pagecontent/2013-07-15 http://schema.primaresearch.org/PAGE/gts/pagecontent/2013-07-15/pagecontent.xsd">
    <Metadata>
        <Creator>prov=READ-COOP:name=TrHtr:version=2.1.0:model_id=51170:date=25_07_2023_02:32</Creator>
        <Created>2023-05-10T13:04:40.456+02:00</Created>
        <LastChange>2023-07-25T02:32:28.757+02:00</LastChange>
        <TranskribusMetadata docId="1428561" pageId="55407624" pageNr="19" tsid="130580863" status="IN_PROGRESS" userId="64420" imgUrl="https://files.transkribus.eu/Get?id=TPNZWDVPDMLBSYVWEFHQXHDS&amp;fileType=view" xmlUrl="https://files.transkribus.eu/Get?id=RYNRJZGCDYGHWWSJLWVSIJFO" imageId="44681770"/>
    </Metadata>
    <Page imageFilename="1428561_0019.jpg" imageWidth="3304" imageHeight="3992">
        <ReadingOrder>
            <OrderedGroup id="ro_1711794530901" caption="Regions reading order">
                <RegionRefIndexed index="0" regionRef="tr_1"/>
                <RegionRefIndexed index="1" regionRef="tr_2"/>
            </OrderedGroup>
        </ReadingOrder>
        <TextRegion id="tr_1" custom="readingOrder {index:0;}">
            <Coords points="310,633 3093,633 3093,2745 310,2745"/>
            <TextLine id="tr_1_tl_1" custom="readingOrder {index:0;}">
                <Coords points="1796,746 1850,726 1900,753 2112,712 2351,748 2450,726 2526,741 2526,629 2470,602 2348,618 2290,588 2258,611 2033,563 1796,590"/>
                <Baseline points="1808,686 1852,683 1897,683 1942,683 1987,683 2031,683 2076,686 2121,689 2166,689 2210,689 2255,689 2300,689 2345,689 2389,686 2434,689 2479,689 2524,689 2533,686"/>
                <TextEquiv>
                    <Unicode>Amadeus, Albert.</Unicode>
                </TextEquiv>
            </TextLine>
            <TextLine id="tr_1_tl_2" custom="readingOrder {index:1;}">
                <Coords points="570,872 602,888 669,861 712,886 829,847 847,870 931,823 980,847 1125,807 1213,836 1219,766 1059,764 920,699 719,769 577,771"/>
                <Baseline points="584,838 593,838 638,838 683,838 727,835 772,832 817,829 862,820 907,817 951,817 996,811 1041,808 1086,808 1130,805 1175,805 1220,805"/>
                <TextEquiv>
                    <Unicode>der p.m.</Unicode>
                </TextEquiv>
            </TextLine>
            <TextLine id="tr_1_tl_3" custom="readingOrder {index:2;}">
                <Coords points="1348,881 1803,852 2355,956 2553,904 2844,931 2831,764 1348,782"/>
                <Baseline points="1360,847 1372,847 1417,838 1461,841 1506,841 1551,844 1596,844 1640,841 1685,841 1730,844 1775,847 1819,847 1864,847 1909,844 1954,844 1998,844 2043,841 2088,841 2133,844 2177,844 2222,844 2267,844 2312,847 2357,844 2401,844 2446,847 2491,847 2536,847 2580,850 2625,850 2670,850 2715,847 2759,844 2804,844 2849,838"/>
                <TextEquiv>
                    <Unicode>Alb: Wie gefällt er dir?... Ich</Unicode>
                </TextEquiv>
            </TextLine>
            <TextLine id="tr_1_tl_4" custom="readingOrder {index:3;}">
                <Coords points="428,935 469,956 604,922 730,951 922,915 1012,935 1084,897 1215,949 1332,917 1336,847 1224,823 1174,852 890,836 852,865 627,883 435,805"/>
                <Baseline points="441,930 444,933 489,930 534,924 578,921 623,918 668,918 713,918 757,915 802,912 847,907 892,907 936,904 981,901 1026,895 1071,892 1115,889 1160,889 1205,892 1250,889 1294,889 1339,889"/>
                <TextEquiv>
                    <Unicode>Der wird in sich recht machen.</Unicode>
                </TextEquiv>
            </TextLine>
            <TextLine id="tr_1_tl_5" custom="readingOrder {index:4;}">
                <Coords points="437,1010 521,1025 611,998 676,1025 712,998 859,998 908,976 953,1012 1039,983 1122,1016 1129,913 1084,895 1012,935 942,908 881,942 841,926 735,949 627,922 509,956 442,940"/>
                <Baseline points="450,996 459,996 504,999 548,996 593,993 638,990 683,987 727,987 772,981 817,978 862,975 907,975 951,972 996,969 1041,966 1086,957 1130,954"/>
                <TextEquiv>
                    <Unicode>Sie kam ob That!“</Unicode>
                </TextEquiv>
            </TextLine>
            <TextLine id="tr_1_tl_6" custom="readingOrder {index:5;}">
                <Coords points="1499,1057 2116,1005 2946,1050 2948,931 2695,897 1873,956 1634,947 1501,890"/>
                <Baseline points="1512,1011 1521,1008 1566,1008 1611,1008 1655,1005 1700,1005 1745,1005 1790,1002 1834,1002 1879,1002 1924,1002 1969,1002 2013,999 2058,999 2103,999 2148,999 2192,1002 2237,1002 2282,1002 2327,1002 2371,1002 2416,1002 2461,1002 2506,1002 2550,1002 2595,1002 2640,1005 2685,1005 2729,1002 2774,999 2819,999 2864,996 2908,993 2953,984"/>
                <TextEquiv>
                    <Unicode>schwöre dir: von dem werden wir</Unicode>
                </TextEquiv>
            </TextLine>
            <TextLine id="tr_1_tl_7" custom="readingOrder {index:6;}">
                <Coords points="358,1129 458,1113 561,1143 854,1066 938,1077 998,1062 1003,1005 944,1021 926,1005 881,1032 841,1005 784,1025 732,1012 647,1059 586,1062 521,1025 473,1043 367,1007"/>
                <Baseline points="372,1088 378,1088 423,1097 468,1091 513,1091 557,1088 602,1086 647,1086 692,1080 736,1077 781,1071 826,1065 871,1059 915,1056 960,1053 1005,1050"/>
                <TextEquiv>
                    <Unicode>t. Jugnentil...</Unicode>
                </TextEquiv>
            </TextLine>
            <TextLine id="tr_1_tl_8" custom="readingOrder {index:7;}">
                <Coords points="1997,1102 2107,1098 2222,1066 2285,1075 2342,1107 2421,1062 2470,1084 2502,1073 2504,1039 2445,1019 2391,1032 2355,1007 2301,1034 2272,1007 2206,1032 2159,1007 2130,1021 2071,1007 2049,1030 1999,1007"/>
                <Baseline points="2010,1071 2016,1071 2061,1071 2106,1068 2151,1065 2195,1068 2240,1068 2285,1065 2330,1062 2374,1059 2419,1059 2464,1056 2509,1053"/>
                <TextEquiv>
                    <Unicode>u. t. zuweisen.</Unicode>
                </TextEquiv>
            </TextLine>
            <TextLine id="tr_1_tl_9" custom="readingOrder {index:8;}">
                <Coords points="370,1235 491,1237 597,1185 717,1222 784,1188 834,1206 1041,1131 1341,1165 1388,1156 1397,1048 1143,1050 1080,1093 865,1068 561,1143 381,1118"/>
                <Baseline points="387,1193 414,1190 459,1187 504,1184 548,1181 593,1178 638,1175 683,1172 727,1166 772,1163 817,1157 862,1151 907,1142 951,1139 996,1130 1041,1130 1086,1124 1130,1121 1175,1118 1220,1118 1265,1118 1309,1115 1354,1112 1399,1106"/>
                <TextEquiv>
                    <Unicode>all mr de Könnt.. l'aufuel</Unicode>
                </TextEquiv>
            </TextLine>
            <TextLine id="tr_1_tl_10" custom="readingOrder {index:9;}">
                <Coords points="1429,1249 1970,1188 2085,1253 2330,1188 2988,1192 2988,1059 2148,1116 2071,1077 1988,1129 1945,1086 1431,1107"/>
                <Baseline points="1444,1166 1473,1163 1518,1163 1563,1163 1608,1163 1652,1163 1697,1163 1742,1163 1787,1160 1831,1163 1876,1163 1921,1163 1966,1163 2010,1160 2055,1163 2100,1163 2145,1163 2189,1163 2234,1163 2279,1163 2324,1163 2368,1166 2413,1163 2458,1160 2503,1160 2547,1160 2592,1160 2637,1160 2682,1160 2726,1157 2771,1157 2816,1157 2861,1157 2905,1157 2950,1154 2995,1154"/>
                <TextEquiv>
                    <Unicode>noch hören. Dem steckt der Delen-</Unicode>
                </TextEquiv>
            </TextLine>
            <TextLine id="tr_1_tl_11" custom="readingOrder {index:10;}">
                <Coords points="304,1330 464,1352 586,1289 723,1339 926,1271 1147,1300 1298,1273 1303,1206 1176,1172 1037,1208 877,1188 764,1228 645,1210 570,1242 313,1228"/>
                <Baseline points="319,1306 322,1309 366,1312 411,1306 456,1303 501,1297 545,1291 590,1285 635,1282 680,1279 725,1273 769,1276 814,1270 859,1270 904,1265 948,1265 993,1259 1038,1250 1083,1250 1127,1244 1172,1241 1217,1238 1262,1232 1306,1229"/>
                <TextEquiv>
                    <Unicode>scheint’s doch... Aber ich hat man</Unicode>
                </TextEquiv>
            </TextLine>
            <TextLine id="tr_1_tl_12" custom="readingOrder {index:11;}">
                <Coords points="1418,1386 2626,1355 2799,1422 2923,1359 3065,1373 3067,1242 1420,1255"/>
                <Baseline points="1429,1321 1458,1321 1503,1321 1548,1321 1593,1321 1637,1318 1682,1318 1727,1318 1772,1318 1816,1318 1861,1318 1906,1318 1951,1318 1996,1318 2040,1318 2085,1318 2130,1318 2175,1321 2219,1318 2264,1324 2309,1321 2354,1321 2398,1318 2443,1318 2488,1321 2533,1318 2577,1318 2622,1315 2667,1315 2712,1315 2756,1315 2801,1315 2846,1312 2891,1312 2935,1312 2980,1312 3025,1315 3070,1312"/>
                <TextEquiv>
                    <Unicode>se lecker im Gürtel, als unsereinem</Unicode>
                </TextEquiv>
            </TextLine>
            <TextLine id="tr_1_tl_13" custom="readingOrder {index:12;}">
                <Coords points="295,1456 681,1445 789,1391 852,1427 1001,1427 1181,1377 1285,1422 1375,1391 1382,1309 1260,1271 1152,1305 856,1303 771,1350 525,1327 302,1359"/>
                <Baseline points="310,1417 355,1417 399,1414 444,1411 489,1411 534,1405 578,1402 623,1396 668,1393 713,1393 757,1390 802,1384 847,1384 892,1384 936,1381 981,1378 1026,1375 1071,1369 1115,1363 1160,1360 1205,1357 1250,1354 1294,1351 1339,1345 1384,1342"/>
                <TextEquiv>
                    <Unicode>wohl i Sache liebte sich mit mich.</Unicode>
                </TextEquiv>
            </TextLine>
            <TextLine id="tr_1_tl_14" custom="readingOrder {index:13;}">
                <Coords points="1496,1526 1717,1512 1823,1580 1929,1546 2168,1587 2646,1490 2995,1519 2997,1388 1814,1422 1499,1377"/>
                <Baseline points="1512,1482 1527,1479 1572,1479 1617,1482 1661,1479 1706,1479 1751,1479 1796,1476 1840,1476 1885,1476 1930,1476 1975,1476 2019,1476 2064,1473 2109,1473 2154,1473 2198,1473 2243,1476 2288,1476 2333,1473 2377,1473 2422,1473 2467,1473 2512,1473 2556,1476 2601,1473 2646,1473 2691,1470 2735,1473 2780,1473 2825,1470 2870,1470 2914,1470 2959,1470 3004,1464"/>
                <TextEquiv>
                    <Unicode>ein tyrannenmörderischer Vers im</Unicode>
                </TextEquiv>
            </TextLine>
            <TextLine id="tr_1_tl_15" custom="readingOrder {index:14;}">
                <Coords points="309,1548 406,1609 550,1564 624,1587 683,1573 737,1587 791,1566 829,1578 838,1456 769,1424 730,1445 606,1427 462,1492 428,1456 318,1447"/>
                <Baseline points="322,1542 349,1542 393,1542 438,1542 483,1542 528,1539 572,1533 617,1527 662,1524 707,1518 751,1512 796,1506 841,1500"/>
                <TextEquiv>
                    <Unicode>besserme betrieb.</Unicode>
                </TextEquiv>
            </TextLine>
            <TextLine id="tr_1_tl_16" custom="readingOrder {index:15;}">
                <Coords points="1476,1684 2062,1636 2522,1699 2901,1668 3052,1647 3054,1501 2610,1582 2443,1533 2170,1587 1478,1555"/>
                <Baseline points="1488,1629 1533,1632 1578,1632 1623,1637 1667,1637 1712,1637 1757,1637 1802,1634 1846,1634 1891,1632 1936,1634 1981,1634 2025,1634 2070,1634 2115,1632 2160,1632 2204,1632 2249,1632 2294,1634 2339,1629 2383,1626 2428,1626 2473,1626 2518,1626 2562,1626 2607,1623 2652,1623 2697,1623 2741,1623 2786,1623 2831,1626 2876,1623 2920,1626 2965,1623 3010,1623 3055,1632"/>
                <TextEquiv>
                    <Unicode>Kopf. AllerdingsXXrtreffen Vers</Unicode>
                </TextEquiv>
            </TextLine>
            <TextLine id="tr_1_tl_17" custom="readingOrder {index:16;}">
                <Coords points="1478,1893 2116,1814 2211,1853 2348,1801 2975,1801 2975,1713 2671,1711 2608,1668 2384,1726 1478,1702"/>
                <Baseline points="1491,1790 1503,1787 1548,1790 1593,1790 1637,1787 1682,1790 1727,1787 1772,1787 1816,1787 1861,1787 1906,1787 1951,1784 1996,1784 2040,1784 2085,1784 2130,1784 2175,1787 2219,1784 2264,1787 2309,1784 2354,1784 2398,1784 2443,1784 2488,1784 2533,1781 2577,1784 2622,1781 2667,1781 2712,1781 2756,1778 2801,1778 2846,1778 2891,1778 2935,1778 2980,1775"/>
                <TextEquiv>
                    <Unicode>sicherer als Delche und sind zu-</Unicode>
                </TextEquiv>
            </TextLine>
            <TextLine id="tr_1_tl_18" custom="readingOrder {index:17;}">
                <Coords points="1467,1959 1839,1972 1900,2010 2384,1963 2671,1997 2822,1965 2822,1855 2324,1871 2258,1835 2073,1893 1467,1891"/>
                <Baseline points="1479,1948 1485,1948 1530,1948 1575,1948 1620,1948 1664,1951 1709,1948 1754,1948 1799,1945 1843,1945 1888,1945 1933,1945 1978,1945 2022,1948 2067,1945 2112,1945 2157,1942 2201,1945 2246,1942 2291,1945 2336,1942 2380,1942 2425,1942 2470,1942 2515,1942 2559,1939 2604,1936 2649,1939 2694,1936 2738,1936 2783,1936 2828,1939"/>
                <TextEquiv>
                    <Unicode>weilen aus besserem Material</Unicode>
                </TextEquiv>
            </TextLine>
            <TextLine id="tr_1_tl_19" custom="readingOrder {index:18;}">
                <Coords points="1469,2197 1819,2123 2062,2195 2164,2139 2526,2119 2801,2186 2923,2161 2925,2037 2650,1999 2569,2051 2112,2013 1947,2067 1740,2026 1472,2058"/>
                <Baseline points="1485,2106 1500,2106 1545,2103 1590,2106 1634,2103 1679,2103 1724,2100 1769,2100 1814,2100 1858,2100 1903,2100 1948,2097 1993,2100 2037,2100 2082,2103 2127,2100 2172,2100 2216,2100 2261,2100 2306,2100 2351,2100 2395,2100 2440,2100 2485,2100 2530,2097 2574,2097 2619,2097 2664,2097 2709,2094 2753,2094 2798,2094 2843,2094 2888,2091 2932,2091"/>
                <TextEquiv>
                    <Unicode>hast also das Finale noch immer</Unicode>
                </TextEquiv>
            </TextLine>
            <TextLine id="tr_1_tl_20" custom="readingOrder {index:19;}">
                <Coords points="1533,2326 1609,2299 1634,2319 1711,2310 1814,2274 2008,2312 2049,2292 2107,2330 2139,2326 2161,2321 2161,2193 2107,2177 2049,2197 2013,2170 1929,2173 1907,2152 1794,2182 1695,2141 1623,2182 1533,2195"/>
                <Baseline points="1545,2255 1590,2258 1634,2258 1679,2258 1724,2258 1769,2258 1814,2258 1858,2255 1903,2255 1948,2258 1993,2258 2037,2258 2082,2258 2127,2258 2166,2255"/>
                <TextEquiv>
                    <Unicode>nicht fertig?</Unicode>
                </TextEquiv>
            </TextLine>
            <TextLine id="tr_1_tl_21" custom="readingOrder {index:20;}">
                <Coords points="1278,2493 1956,2425 2107,2470 2182,2421 2414,2499 2896,2432 3061,2463 3090,2335 1278,2339"/>
                <Baseline points="1291,2428 1303,2428 1348,2416 1393,2416 1438,2413 1482,2416 1527,2416 1572,2416 1617,2416 1661,2413 1706,2413 1751,2413 1796,2413 1840,2413 1885,2413 1930,2413 1975,2413 2019,2413 2064,2413 2109,2413 2154,2416 2198,2416 2243,2413 2288,2413 2333,2413 2377,2413 2422,2410 2467,2410 2512,2410 2556,2410 2601,2410 2646,2410 2691,2410 2735,2410 2780,2410 2825,2410 2870,2407 2914,2407 2959,2407 3004,2404 3049,2401 3093,2398"/>
                <TextEquiv>
                    <Unicode>Amad: Nein. Ich hab' jetzt rasene zu</Unicode>
                </TextEquiv>
            </TextLine>
            <TextLine id="tr_1_tl_22" custom="readingOrder {index:21;}">
                <Coords points="1490,2612 1922,2596 2324,2659 2641,2594 2819,2648 3016,2628 3018,2504 2508,2468 2416,2502 2321,2445 2222,2513 1492,2486"/>
                <Baseline points="1503,2571 1545,2574 1590,2571 1634,2574 1679,2574 1724,2574 1769,2571 1814,2571 1858,2571 1903,2574 1948,2571 1993,2571 2037,2571 2082,2571 2127,2574 2172,2574 2216,2574 2261,2571 2306,2568 2351,2568 2395,2568 2440,2568 2485,2568 2530,2568 2574,2568 2619,2568 2664,2568 2709,2568 2753,2568 2798,2568 2843,2565 2888,2562 2932,2559 2977,2556 3022,2550"/>
                <TextEquiv>
                    <Unicode>tun. (Du weisst ja-- in dieser Wo-</Unicode>
                </TextEquiv>
            </TextLine>
            <TextLine id="tr_1_tl_23" custom="readingOrder {index:22;}">
                <Coords points="1533,2831 1699,2759 1884,2840 2409,2729 3009,2765 2993,2626 2177,2680 1997,2599 1747,2673 1535,2644"/>
                <Baseline points="1548,2732 1581,2732 1626,2735 1670,2735 1715,2735 1760,2732 1805,2732 1849,2732 1894,2732 1939,2732 1984,2729 2028,2729 2073,2729 2118,2729 2163,2732 2207,2732 2252,2729 2297,2729 2342,2729 2386,2726 2431,2723 2476,2723 2521,2726 2565,2726 2610,2726 2655,2726 2700,2726 2744,2726 2789,2726 2834,2723 2879,2723 2923,2721 2968,2718 3013,2721"/>
                <TextEquiv>
                    <Unicode>ehe hab' ich vier Mal dirigiert</Unicode>
                </TextEquiv>
            </TextLine>
        </TextRegion>
        <TextRegion id="tr_2" custom="readingOrder {index:1;}">
            <Coords points="1491,2823 3114,2823 3114,3754 1491,3754"/>
            <TextLine id="tr_2_tl_1" custom="readingOrder {index:0;}">
                <Coords points="1478,2916 3056,2928 3058,2804 2892,2790 2418,2842 1481,2808"/>
                <Baseline points="1491,2891 1494,2891 1539,2891 1584,2894 1629,2891 1673,2894 1718,2894 1763,2891 1808,2891 1852,2891 1897,2891 1942,2891 1987,2891 2031,2891 2076,2888 2121,2888 2166,2888 2210,2891 2255,2888 2300,2885 2345,2885 2389,2885 2434,2885 2479,2882 2524,2882 2568,2885 2613,2882 2658,2885 2703,2882 2747,2882 2792,2882 2837,2879 2882,2879 2926,2876 2971,2876 3016,2873 3061,2876"/>
                <TextEquiv>
                    <Unicode>Dann nimmt mich die Neueinstudier</Unicode>
                </TextEquiv>
            </TextLine>
            <TextLine id="tr_2_tl_2" custom="readingOrder {index:1;}">
                <Coords points="1485,3097 1666,3117 1873,3061 2215,3126 2402,3049 2928,3081 2943,2966 2590,2930 2224,3000 1922,2937 1487,3009"/>
                <Baseline points="1497,3049 1518,3049 1563,3052 1608,3052 1652,3052 1697,3052 1742,3052 1787,3049 1831,3049 1876,3049 1921,3046 1966,3049 2010,3049 2055,3046 2100,3046 2145,3046 2189,3046 2234,3046 2279,3043 2324,3043 2368,3040 2413,3043 2458,3040 2503,3040 2547,3040 2592,3043 2637,3043 2682,3040 2726,3037 2771,3037 2816,3037 2861,3034 2905,3031 2950,3031"/>
                <TextEquiv>
                    <Unicode>ung von "Tristan" se sehr in An</Unicode>
                </TextEquiv>
            </TextLine>
            <TextLine id="tr_2_tl_3" custom="readingOrder {index:2;}">
                <Coords points="1521,3259 2290,3243 2563,3299 2695,3232 2867,3225 2867,3139 2475,3101 2360,3153 2141,3117 2033,3155 1943,3112 1864,3153 1521,3153"/>
                <Baseline points="1533,3216 1575,3216 1620,3216 1664,3216 1709,3213 1754,3213 1799,3213 1843,3210 1888,3210 1933,3210 1978,3210 2022,3210 2067,3207 2112,3207 2157,3207 2201,3207 2246,3207 2291,3204 2336,3204 2380,3204 2425,3204 2470,3204 2515,3201 2559,3198 2604,3201 2649,3198 2694,3201 2738,3198 2783,3195 2828,3192 2873,3189"/>
                <TextEquiv>
                    <Unicode>spruch, den wir zu Beginn der</Unicode>
                </TextEquiv>
            </TextLine>
            <TextLine id="tr_2_tl_4" custom="readingOrder {index:3;}">
                <Coords points="1487,3419 1711,3441 2073,3369 2520,3460 2768,3399 2889,3437 3058,3387 3061,3299 2867,3295 2738,3232 2344,3313 2197,3261 1749,3322 1490,3279"/>
                <Baseline points="1500,3368 1542,3368 1587,3371 1632,3368 1676,3368 1721,3371 1766,3371 1811,3368 1855,3365 1900,3365 1945,3365 1990,3362 2034,3365 2079,3362 2124,3365 2169,3365 2213,3365 2258,3365 2303,3365 2348,3365 2392,3362 2437,3359 2482,3359 2527,3356 2571,3359 2616,3356 2661,3356 2706,3356 2750,3359 2795,3356 2840,3356 2885,3356 2929,3356 2974,3356 3019,3356 3064,3353"/>
                <TextEquiv>
                    <Unicode>nächsten Saisen herausbringen wer¬</Unicode>
                </TextEquiv>
            </TextLine>
            <TextLine id="tr_2_tl_5" custom="readingOrder {index:4;}">
                <Coords points="1535,3572 1557,3568 1587,3590 1623,3563 1643,3568 1657,3554 1663,3559 1675,3552 1702,3552 1699,3455 1677,3455 1670,3462 1652,3450 1618,3457 1607,3448 1602,3453 1591,3448 1557,3462 1533,3453"/>
                <Baseline points="1545,3535 1590,3535 1634,3538 1679,3535 1702,3538"/>
                <TextEquiv>
                    <Unicode>en.</Unicode>
                </TextEquiv>
            </TextLine>
            <TextLine id="tr_2_tl_6" custom="readingOrder {index:5;}">
                <Coords points="1551,3764 2351,3798 3108,3730 3110,3640 2826,3586 1555,3615"/>
                <Baseline points="1566,3740 1614,3738 1658,3735 1703,3735 1748,3738 1793,3741 1837,3741 1882,3744 1927,3744 1972,3744 2016,3744 2061,3741 2106,3741 2151,3741 2195,3738 2240,3735 2285,3732 2330,3732 2374,3729 2419,3726 2464,3729 2509,3729 2553,3729 2598,3723 2643,3723 2688,3717 2732,3717 2777,3717 2822,3717 2867,3714 2911,3714 2956,3714 3001,3714 3046,3714 3090,3714 3114,3711"/>
                <TextEquiv>
                    <Unicode>Isolden sah ich eben fortgehen.</Unicode>
                </TextEquiv>
            </TextLine>
        </TextRegion>
    </Page>
</PcGts>
