3432 4136
2629 520 2816 717 126
1250 692 2863 906 nur eine neue Art von Ehe ist, (die
1242 827 2956 1038 nicht auf Treue sondern auf Wahrheit
1245 1031 2040 1196 begründet wurde.
1392 1144 2914 1343 Ja, so ist es.) Warum aber können
1063 1186 1311 1380 Amad:
1309 1282 2342 1517 sie s nicht verstehen?
1340 1463 3047 1667 Wozu brauchst du ihr Verständnis?...
1065 1502 1277 1630 Alb:
1277 1613 2975 1836 Verständnis braucht einer, dem daran
1257 1748 3037 1991 liegt, seine Ideen bei Andern durchzu-
1252 1917 2926 2148 setzen... Was brauchst du denn ver-
1272 2079 3042 2281 ständnis für eine Privatabmachung zwi-
1316 2234 2585 2443 schen dir und deiner Frau?
1397 2384 2939 2590 Es beschmutzt die Sache! Ich bin
1083 2443 1336 2578 Amad:
430 2467 980 2627 his glaihes. were
1284 2516 2845 2750 überzeugt, das glauben sehr Viele
395 2575 1056 2767 lages im lieb vor
1274 2671 3037 2934 nicht, dass wir eben nichts mehr sind
373 2742 1088 2921 Min. wistalt, xxx
373 2865 960 3012 ist auch d. Raub.
1286 2899 1854 3091 als Freunde.
464 2968 913 3150 11 Zeit schreibt
1100 3022 2619 3223 Alb: Das glauben gewiss Manche,
1107 3160 2585 3410 Amad: So? du meinst?... Wiese?
1102 3302 3076 3565 Alb: Nun, es ist ja sogar die Rede davon,
1304 3476 2676 3685 dass ihr euch scheiden lasst.
1122 3631 2924 3864 Amad: Se. - Also entweder Betrug oder
