3416 4184
2463 517 2642 642 211
1125 758 2548 939 kompromittiert ist oder nicht.
1043 886 2944 1070 Ihnen!... Aber mir! eine Frau, die ich s
852 978 976 1111 S:
1191 1048 2954 1239 hochschätze, dass ich mit ihr vor den
1147 1208 2862 1401 Altar treten wollte, muss ohne Makal
1159 1369 2920 1534 sein vor Menschen und vor Gott.
1179 1575 1992 1732 ist aufgestanden:
1099 1666 2995 1869 Vor Gott? Oh! xxxr steht auf, sieht ihn
903 1794 1017 1913 A:
1200 1855 2816 2014 an, geht hin una her. Dann vor ihm
1200 1980 3002 2190 stehen bleibend: Das hätten sie sich
1212 2171 2772 2362 dann wol früher überlegen müssen,
932 2401 1297 2536 S: Wie?
942 2454 2886 2717 A: Vor Gott kein Makel!... Oh! Sigismund!
1246 2606 2893 2876 Sie sind doch keiner von denen, die
1261 2763 3089 3043 den Namen Gottes eitel im Munde führen.
1253 2929 3050 3200 Also wezu das?... mir gegenüber?... wo-
1268 3120 2422 3364 zu?.... I:Von ihm fort:
1210 3234 3125 3458 :ihm nachsehend: Sie glaubten -  7 Oh!
997 3359 1128 3497 S:
1294 3417 3147 3656 ist es möglich?... Und Sie meinen, dass
1307 3577 2917 3784 ich in einem solchen Fall den Fuss
