3432 4088
1446 518 2450 696 bissehen mit Amadeus.
1308 716 2690 832 Alb: Jetzt - nach der Prebe?
1313 828 2973 1044 Cäs: Warum nicht?... Uebrigens war
1471 1010 3048 1204 die Prebe heute ziemlich früh aus,
1468 1181 3055 1335 ich bin sehen zwei Stunden spazie-
1473 1331 2872 1495 ren gegangen - (mit Bekannten.
1333 1444 3084 1687 Alb: Aber unser Essen wartet - Komm,
1417 1693 1733 1787 Maria.
1344 1778 3102 1980 Cäe: Ich sch' dich noch dieser Tage?
1339 1940 3126 2136 Maria: Natürlich. Wir bespreehen dam
1506 2123 2872 2278 das Nähere, wenn du erlaubst.
1373 2265 2826 2476 Alb: Griiss dich Gott, Amadeus.
1511 2461 2221 2581 Adieu, Cäcilie.
1411 2574 2915 2806 :Maria, Albertus rechts vorn ab
1462 2775 2866 3030 zu dahin dann auch sehen, daß treu
1675 2928 2846 3139 im Sommer zu ihr kommt
