3400 4072
1251 627 2954 861 bei red' ich nur vom Theater, we ich
1293 790 2956 1031 die Dinge so ziemlich kentrellieren
1246 930 2993 1133 kann! Aber was du sonst treibst - was
1263 1123 2973 1288 sich sonst von Weibern an dich heran-
1241 1276 3057 1463 schmeichelt und -drängt, das weiss ich
1258 1461 1873 1633 ja gar nicht!
1034 1611 1927 1806 Amad: Beenden wir.
1081 1759 1656 1962 Fried: Was?
466 1856 624 2018 of:
1081 1898 3067 2115 Amad: Dieses Gespräch vorerst - und diese
311 2004 918 2162 Weil C.. möchtehrte
370 2100 908 2203 als mit tizt meine
215 2152 878 2344 A. Abthäulich. Aber
249 2268 915 2430 d'excise les mitspris
234 2374 1002 2566 Ünder welche teile als
257 2522 985 2707 Mir beschnecht theilte.
331 2697 1096 2875 nun hu sein aus einen Teil von
311 2843 1039 3042 trauertheft werden.
311 3045 849 3240 Min. mis -!.
1278 2036 2946 2250 ganze Sache. Es ist genug! ich will
1276 2186 3070 2421 nicht mehr! es hat lang genug gewährt!
1315 2329 3037 2551 ...es war sehr schön,- ich habe dich
1291 2490 3003 2722 angebetet, und als bleibender Gewinn
1291 2657 3025 2887 ist dir schliessliehausser unsern Er-
1340 2791 3050 3045 innerungen deine erste wirklich gute
1288 2968 2968 3193 Leistung geblieben - die Iselde. Es
1300 3131 3084 3314 giebt keinen schönern Moment, um abzu-
1305 3289 2339 3489 schliessen. :Pause:
2487 3262 2734 3462 même rien
1123 3420 3084 3677 Fried: sehr still; in einem Sessel am Ka-
