3496 4184
2760 424 2931 576 232
1051 672 2936 906 A: Ich würde es nicht dulden. Du liebst
2788 803 3032 965 dass
1189 850 2788 1037 mich... Ich würde es nicht dulden,
1213 929 2976 1203 unser Glück an deinem Eigensinn, an de
1220 1121 3016 1363 nem Mistrauen zugrunde geht. Ich habe
1236 1306 2969 1489 alle meine Rechte vergeben, habe aber
1276 1456 3081 1648 dafür neue, die nicht aus einem Gesetz,
1210 1585 3030 1840 sondern aus einer Leidenschaft stammen.
1255 1758 3004 1990 Ich werde über dich wachen! (Ich verde
1264 1903 3102 2145 dir folgen,- ich lasse dich nicht mehr!
1288 2065 3107 2334 Es darf sich keiner an dich heranwagen.
1335 2217 2997 2503 Jetzt mit einem Mal? Bis heute Früh
1152 2325 1260 2472 C:
1299 2376 3025 2648 durfte einer leben, von dem du es ge-
1304 2618 1943 2821 glaubst hast.
1365 2716 2969 2973 Aber du weisst ja nicht, was unser
1189 2817 1302 2973 A:
1332 2838 3222 3133 Wieder finden aus mir gemacht hat! Weisst
1707 2980 2419 3121 des Salzkandtstraßes
1302 3034 2891 3245 nichts von der Wut dieses Morgens
1360 3165 3210 3388 nichts von dem Hass, der mich gegen ihn
1381 3304 3217 3582 erfüllt, - du ahnst nicht, wie ich dich
1391 3503 3210 3699 liebe und was für Himmel diese neue Ge-
1438 3652 2917 3877 wissheit für mich aufgetan hat!
