3384 4088
2938 369 3021 532 7
2304 404 2693 579 (Staft aul)
1445 542 2777 736 Friederike - nein! Es mag ja
1441 695 3019 889 sein, dass es an mir liegt... aber
1452 848 2783 1052 Sie sehen ja selbst: es geht
1456 968 3026 1193 nicht. Sagen Sie doch einfach dem
1466 1156 2972 1356 Direktor, er soll die Partie mit
1468 1305 2832 1507 Ihnen einstudieren. An dieser
1470 1458 2856 1694 Szene arbeiten wir jetzt zwei
1478 1625 3040 1841 Monate - es ist vergeblich. (Sagen
1470 1751 2989 1974 Sie dem Direktor: für einen Kor-
1496 1921 3015 2137 repetitor bin ich mir doch et as
1492 2059 3058 2312 zu gut. Ich werde es ihm übrigens
1511 2196 3085 2440 selbst sagen. Der Teufel hole die
1515 2404 3091 2622 se Stellung!)Ich habe Besseres zu
1525 2583 2249 2777 tun - bai Gott!
1745 2693 2016 2791 Stesser
1305 2701 2946 2926 Fried: Ist Ihre Oper schen fertig?
1764 2805 2455 2942 Mais sehle mit ihm
1505 2871 2993 3054 ... Und die vierte Symphenie?...
634 2869 1246 3044 t. Thüntiedes nicht
477 3015 1354 3166 als wenn sie beiden Werk¬
1407 3011 2972 3187 Amad: Unter diesen Umständen -?
567 3146 1291 3295 F. Sympl. nicht eben
1558 3154 3046 3378 Glauben Sie, man kann sich nach
591 3244 1323 3415 in l. (In f. M. je gens.)
1588 3319 3140 3472 einer solchen Stunde hinsetzen und
606 3425 915 3592 Act. 2 &c
1570 3507 2167 3706 komponieren".
