3448 4136
2746 537 2921 680 151
1222 645 3006 847 zer um meine Seele - und um mich über-
1217 822 2822 1013 haupt. Alle Wünsche und Begierden,
1238 997 2900 1173 glitten über den fuhllesen eisernen
1226 1130 3024 1307 Panzer, der mich umgab. - Den hab' ich
1245 1286 3040 1479 aber abgeworfen. Ich bin frei, mit aus-
1245 1470 3047 1653 gebreiteten Armen steh' ich da und bin
1026 1511 1132 1690 (3)
1247 1637 2723 1780 sehr gespannt, was kommen wird,
1245 1777 2919 1945 zittre vor Neugier,... die Erde ist
347 1812 1107 2007 A. Osch' auch die Verschreiben
406 1931 971 2108 hatte ihre Kreis
1268 1945 2987 2087 voll Abenteuern, der Himmel voll Glu-
622 2051 1084 2198 C. a. p.n
1265 2076 2969 2273 ten,- die ganze Welt ist neu. O, ich
466 2202 983 2344 Auf wir waren
1265 2282 2845 2390 bin gar nicht unaankbar gegen die
606 2278 893 2434 glichlaut
1277 2413 2981 2558 schöne Zeit, die wir zusammen erlebt
1274 2583 3079 2700 haben. Aber eigentlich war man doch in
1290 2698 3070 2873 einem wunderschönen Garten und hat die
287 2820 999 3031 (in fafenguere)
1286 2879 3040 3033 Mauern nicht gesehen. Freilich war es
253 2981 1088 3114 in sal cem d fille cinl
1293 3045 2941 3189 ein schöner Garten,- aber da wusste
271 3082 1118 3274 selehe, weil es in Tricht
1295 3130 3056 3350 man nichts von all dem Andern, was es
271 3258 1111 3424 unser Licht  Gefahren
1311 3378 2041 3525 draussen giebt.
299 3408 889 3564 inngeben werden.
1127 3490 2974 3679 Amad: Was giebt es denn? - Du scheinst
