3496 4120
2805 463 2930 598 28
1268 595 1978 837 du mir bringen?
1268 745 2972 974 Nicht gar so viele - nicht so viel,
2499 894 2688 964 [...]
989 864 1203 977 Alb:
1233 902 3077 1109 als du dir einbildest./ Mir ist das Ende
558 996 1079 1258 von die Röhne.
1243 1101 1928 1293 ziemlich klar.
1066 1218 2840 1470 Amad: Wie? Da bin ich aber gespannt!
1071 1355 3079 1602 Alb: Für mich giebt es in diesem Stück nur
1285 1537 2887 1744 einen Abschluss - einen tagischen.
1467 1699 2823 1948 Nun je’n ein Stück ist ein bequamen tach.
1146 1784 1684 1951 Amad: Wie?
1378 1853 3062 2058 Ah, fürchte nichts! In meinem Stück
1111 1926 1308 2100 Alb:
1290 1978 3079 2222 könnt' ich ja die Sache reiner und um-
1318 2160 3102 2364 rissener zu Ende führen, als es dieses
1405 2309 2307 2444 -nion seis, der me tuh uren
1330 2302 3044 2554 verwirrte Leben höchstwahrseheinlieh
1340 2426 3144 2686 zustande bringen wird. Ich würde natür
1358 2626 2999 2885 lich auch meinen Helden ganz anders
1353 2760 3184 3032 machen als dich,- etwas weniger konfus.
1375 2947 3164 3229 Denn ein Subjekt wie dich kann ich für
1562 2962 1908 3082 das ich mit
1966 3024 3134 3214 kommt der uns nicht übel unpersag¬
1398 3114 3194 3366 eine Tragödie natürlich nicht brauchen
1395 3254 2972 3485 Und die ganze Sache amüsiert mich
590 3266 1298 3518 Une eine fichte Kleit
608 3403 867 3533 iussi
1415 3398 3174 3675 nicht, wenn sie heiter endet. Ich wür-
595 3493 989 3680 besonders.
1427 3528 3151 3772 de meinen Helden stärker, männlicher,
