3464 4216
2580 388 2761 556 205
1157 656 2903 867 uns ermöglichen würde, in alter Weise
1170 802 2876 1055 mit einander zu verkehren, weran we-
1177 974 2931 1200 nigstens mir sehr viel liegt, der ich
1180 1127 2853 1318 Sieals Künstler zu schätzen nie auf-
1205 1358 1789 1488 gehört habe.
932 1531 1601 1681 A: Ich warte.
942 1646 2640 1841 S: Also - lassen Sie sich scheiden.
939 1706 2926 1966 A: steht auf, bleibt starr stehen. Dann:
1240 1874 2740 2114 Kommen Sie in Cäeiliens Auftrag?
358 1979 1070 2182 Sie werth die Heirat
1150 2034 2886 2300 Sie hat von diesem Schritt selbstver-
539 2104 1057 2307 Je du Conse
957 2199 1080 2295 S:
1260 2247 2347 2447 ständlich keine Ahnung.
939 2342 2953 2633 A: Haben Sie Anlass zu vermuten, dass Sie
1280 2437 3056 2730 mit Ihrem Vorschlag einverstanden ist?
1120 2650 2996 2863 Wäre sie einverstanden, dann müsste ich
957 2723 1080 2868 S:
1300 2783 3109 3041 Sie ja nicht fragen, lieber Kapellmeis-
534 2836 777 3041 Nun
1323 2931 2981 3159 ter. Dann hätte sie’s ja getan, und
1333 3096 2928 3332 die Sache wäre natürlich erledigt.
982 3287 2415 3527 A: Also sie will es nicht?...
967 3452 2738 3705 (s: Sie glaubt, es nicht zu wellen.
1090 3555 3044 3840 A: Sie wissen, dass sie es nicht will?...
