3416 4152
2538 336 2726 487 215
1156 521 2742 749 sie verbreitet.... wer vor allen?
1162 717 2800 902 Die eine Spur geht ins Theater, zu
1188 842 2929 1061 einer Dame, die Ihnen nicht unbekannt
1186 1027 2980 1215 sein dürfte: Frau Friederike Messheim.
1186 1167 2919 1376 Die andere führt zu einem Herrn, den
1201 1302 2959 1530 ich häufig bei Ihnen zu begegnen das
1201 1482 2879 1691 mässige Vergnügen hat: Herrn Albert
1225 1715 2900 1844 Rhon. Aber ich versichere Sie, dass
1236 1818 2966 2003 diese Leichtfertigkeit nicht ungeahn-
1249 1990 3014 2165 det bleiben wird und dass ich mir die-
1299 2096 2866 2318 sen Herrn(stellen werde,) bei der
1265 2260 3067 2480 ersten Gelegenheit - Und wenn diese
1268 2411 3025 2630 Gelegenheit auf sich warten lässt, se
1281 2585 2765 2794 werde ich sie zu finden wissen!
1164 2747 3059 2972 Sie? - Meinen Sie, das würde dem Gerede
1006 2892 1130 2996 A:
1302 2937 2691 3112 ein Ende machen, wenn Sie -?
1355 3128 3041 3377 der innehm diesericht bei mehrerenge
1220 3133 2326 3276 Wer denn sollte es tun?
1027 3199 1164 3308 S:
1043 3265 2951 3456 A: Sie haben keineswegs ein Recht dazu.
1045 3422 3170 3654 S: Sie finden also, dass sie egegen Verleum-
1352 3599 2548 3781 dung schutzles sein soll?
