3416 4104
2654 549 2783 677 57
1534 644 3086 870 dabei bist. Ich bin um so viel si-
1501 824 3124 1038 cherer. Aber es ist wahrhaftig wie
1552 974 3031 1142 Absicht - du bekommst jetzt nur
1514 1162 3139 1361 die Sachen zu dirigieren, in denen
1523 1266 3095 1508 ich nichts zu tun habe. Du musst
905 1361 1481 1536 da Ich durch ihnen.
1519 1430 3146 1658 mergen hineinkommen; (ich muss dich
883 1499 1435 1729 laup nicht mehr.
1527 1576 3132 1837 noch um Manches fragen. Es scheint
1572 1762 3168 1992 mir, auch im Arrangement ist nicht
1592 1959 2285 2145 alles geglückt
1404 2092 2977 2327 Amad: Ja, da kann ich doch nicht
1603 2269 2147 2457 dreinreden.
1419 2389 3057 2621 Cäe: Das ist ja auch nicht netwen-
1570 2533 3188 2763 dig, ich bring's dann dem Direktor
1536 2743 1992 2953 schon bei
1395 2849 3177 3086 Amad: J Ja, ja, ich komme bestimmt hin-
1601 2986 3177 3219 ein. (Ich werd' dem Mayer abschrei-
1601 3172 3170 3314 ben - es eilt ja nicht so mit dem
1605 3329 3228 3467 Tristan; er kommt ja doch nicht ver-
1576 3504 2300 3706 Oktober heraus.
