3432 4088
2773 419 2903 564 87
1078 559 3085 754 Amad: Ja, ich werde an den Came-See gehen.
1258 734 2831 924 Wahrscheinlich - ich will es noch
1273 889 3055 1078 nicht beschwören. Es ist ja auch nicht
1271 1053 2988 1221 so wichtig. - Vom Came-See werde ich
1288 1193 3005 1378 dir genau se schreiben wie von we an¬
1283 1363 2803 1520 ders her... geradeso aufrichtig.
1573 1485 2329 1605 Une et weise et Bjav.
1340 1550 2936 1680 Arbeit' aber auch, ich bitte dich.
1061 1568 1261 1732 Cäe:
1301 1687 2968 1842 Du weisst, wie nervös du wirst, und
1311 1827 3015 1999 wie du allen Halt verlierst, wenn du
1323 2014 2868 2207 eine Zeitlang nichts Ordentliches
1313 2197 1665 2371 machst.
1438 2317 3133 2466 Verlass’ dich drauf: ich werde arbei-
1091 2376 1338 2514 Amad :
1296 2496 2908 2624 ten, Cäcilie. Ich fühl' mich ja so
1348 2611 3033 2813 frisch, se voll Einfällen, sobereit;
1353 2796 3015 2956 Der ganze Sommer liegt se leuchtend
412 2931 1221 3123 sinde schrift betrbt etc.
1380 2908 3065 3090 vor mir, - das Leben ist überhaupt so
1373 3035 3150 3265 wunderschön, se leicht! E:Er ist wie-
394 3073 1198 3228 A même entre leur
434 3220 1171 3375 Können. - lef me
1383 3210 3043 3450 der aufgestanden. Er umarmt sie plö
1383 3382 3200 3572 Sie sehen einander lange an, Plötzlich
509 3405 786 3610 so and
