3384 4152
2466 445 2654 620 187
1184 709 2014 895 chenschaft ziehe!
1221 843 2847 1006 Oho! das nicht! Im Gegenteil. Ich
949 850 1169 1040 Alb:
2311 942 3017 1068 Bemittess tot y
1189 971 3173 1203 finde vielmehr, dass du dich benimmt xxx
1189 1157 2963 1347 wie ein ausgemachter Narr - ebenso un-
1176 1292 2807 1512 logisch als unedel. Du und Cäcilie
1189 1468 2985 1638 habt einander ausdrücklich vollkommene
1189 1671 2901 1814 Freiheit gewährt, der Fürst hat also
1199 1782 2899 1965 keinerlei Rechte verletzt und weiss,
1216 1945 2894 2133 dass du seit längerer Zeit in Kennt-
1199 2063 2869 2254 nis der Sachlage bist. ( Wenn du ihn
1206 2259 2775 2444 heute plötzlich zur Verantwortung
1206 2375 2993 2553 ziehst, ja so ist es nicht um ein Haar
1213 2553 2820 2736 besser - du entschuldigst den Ver-
1221 2718 2867 2877 gleich, aber ich kann ihn nicht un-
1226 2864 2877 3054 terdrücken -, wie wenn ich mich mit
1231 3005 2928 3227 einem Freibillet vergnügt im Theater
1231 3188 2980 3366 befinde und zum Schluss will man mich
1223 3324 2995 3494 pfänden, weil ich das Billet nicht be-
1218 3482 2985 3677 zahlt habe. Ja, wenn hier einer das
1231 3628 2985 3813 Recht hat, empört zu sein und dich zu
