<?xml version="1.0" encoding="UTF-8" standalone="yes"?>
<PcGts xmlns="http://schema.primaresearch.org/PAGE/gts/pagecontent/2013-07-15" xmlns:xsi="http://www.w3.org/2001/XMLSchema-instance" xsi:schemaLocation="http://schema.primaresearch.org/PAGE/gts/pagecontent/2013-07-15 http://schema.primaresearch.org/PAGE/gts/pagecontent/2013-07-15/pagecontent.xsd">
    <Metadata>
        <Creator>prov=READ-COOP:name=TrHtr:version=2.1.0:model_id=51170:date=25_07_2023_02:33</Creator>
        <Created>2023-05-10T13:05:08.003+02:00</Created>
        <LastChange>2023-07-25T02:33:18.626+02:00</LastChange>
        <TranskribusMetadata docId="1428561" pageId="55408467" pageNr="194" tsid="130581041" status="IN_PROGRESS" userId="64420" imgUrl="https://files.transkribus.eu/Get?id=IYHFYIKCHHBIPPRDIHXDTHGN&amp;fileType=view" xmlUrl="https://files.transkribus.eu/Get?id=IIELBGDFNCLXGXWEZRZKEPQV" imageId="44682613"/>
    </Metadata>
    <Page imageFilename="1428561_0194.jpg" imageWidth="3448" imageHeight="4232">
        <ReadingOrder>
            <OrderedGroup id="ro_1711794680209" caption="Regions reading order">
                <RegionRefIndexed index="0" regionRef="tr_1"/>
            </OrderedGroup>
        </ReadingOrder>
        <TextRegion id="tr_1" custom="readingOrder {index:0;}">
            <Coords points="1059,439 3244,439 3244,3928 1059,3928"/>
            <TextLine id="tr_1_tl_1" custom="readingOrder {index:0;}">
                <Coords points="2687,518 2718,525 2735,513 2746,518 2776,510 2824,538 2834,530 2842,535 2862,530 2872,431 2809,436 2786,434 2781,426 2758,434 2753,424 2738,424 2708,439 2695,436"/>
                <Baseline points="2703,501 2739,501 2784,498 2829,492 2874,489"/>
                <TextEquiv>
                    <Unicode>206</Unicode>
                </TextEquiv>
            </TextLine>
            <TextLine id="tr_1_tl_2" custom="readingOrder {index:1;}">
                <Coords points="1279,840 1571,870 1779,802 1868,842 1992,792 2687,792 2928,738 2933,670 2751,627 2302,713 1705,695 1444,769 1287,713"/>
                <Baseline points="1292,823 1325,820 1369,820 1414,817 1459,814 1504,811 1548,808 1593,805 1638,802 1683,799 1728,796 1772,796 1817,790 1862,790 1907,787 1951,784 1996,781 2041,778 2086,775 2130,772 2175,769 2220,767 2265,764 2309,761 2354,758 2399,758 2444,755 2489,752 2533,749 2578,746 2623,746 2668,740 2712,737 2757,731 2802,728 2847,725 2891,722 2936,722"/>
                <TextEquiv>
                    <Unicode>Und trotzdem sind Sie da?... Hinter</Unicode>
                </TextEquiv>
            </TextLine>
            <TextLine id="tr_1_tl_3" custom="readingOrder {index:2;}">
                <Coords points="1294,990 2682,941 2989,883 2994,807 1599,873 1403,929 1299,886"/>
                <Baseline points="1307,978 1340,975 1384,972 1429,972 1474,969 1519,966 1563,963 1608,961 1653,955 1698,955 1742,952 1787,949 1832,946 1877,943 1922,940 1966,937 2011,934 2056,931 2101,928 2145,925 2190,925 2235,919 2280,916 2324,913 2369,910 2414,910 2459,907 2503,904 2548,901 2593,898 2638,892 2683,889 2727,886 2772,883 2817,880 2862,877 2906,874 2951,871 2996,868"/>
                <TextEquiv>
                    <Unicode>ihrem Rücken sozusagen - gegen ihren</Unicode>
                </TextEquiv>
            </TextLine>
            <TextLine id="tr_1_tl_4" custom="readingOrder {index:3;}">
                <Coords points="1292,1152 2758,1040 2997,1091 3045,954 1299,1063"/>
                <Baseline points="1307,1122 1346,1122 1390,1125 1435,1122 1480,1122 1525,1119 1569,1116 1614,1113 1659,1110 1704,1107 1748,1104 1793,1101 1838,1098 1883,1095 1927,1092 1972,1092 2017,1086 2062,1083 2107,1080 2151,1077 2196,1077 2241,1071 2286,1068 2330,1065 2375,1065 2420,1059 2465,1059 2509,1056 2554,1053 2599,1050 2644,1047 2689,1044 2733,1041 2778,1038 2823,1038 2868,1032 2912,1026 2957,1026 3002,1023 3047,1017"/>
                <TextEquiv>
                    <Unicode>Willen - verlangen etwas von mir, was</Unicode>
                </TextEquiv>
            </TextLine>
            <TextLine id="tr_1_tl_5" custom="readingOrder {index:4;}">
                <Coords points="1307,1312 2332,1261 2365,1139 2253,1172 2197,1139 2111,1193 1756,1172 1312,1238"/>
                <Baseline points="1322,1292 1337,1292 1381,1286 1426,1283 1471,1283 1516,1280 1560,1277 1605,1274 1650,1268 1695,1268 1739,1262 1784,1259 1829,1256 1874,1253 1919,1250 1963,1244 2008,1244 2053,1238 2098,1238 2142,1232 2187,1229 2232,1226 2277,1223 2321,1220 2366,1220"/>
                <TextEquiv>
                    <Unicode>sie selbst nicht will!</Unicode>
                </TextEquiv>
            </TextLine>
            <TextLine id="tr_1_tl_6" custom="readingOrder {index:5;}">
                <Coords points="1218,1482 2730,1424 3108,1360 3116,1241 1226,1380"/>
                <Baseline points="1235,1456 1280,1453 1325,1450 1369,1444 1414,1441 1459,1438 1504,1435 1548,1432 1593,1429 1638,1426 1683,1426 1728,1420 1772,1420 1817,1417 1862,1411 1907,1408 1951,1405 1996,1399 2041,1396 2086,1393 2130,1387 2175,1384 2220,1381 2265,1375 2309,1372 2354,1369 2399,1366 2444,1363 2489,1360 2533,1354 2578,1354 2623,1348 2668,1343 2712,1340 2757,1337 2802,1334 2847,1331 2891,1325 2936,1319 2981,1319 3026,1316 3071,1316 3115,1319"/>
                <TextEquiv>
                    <Unicode>Sie vergessen, mein lieber Kapellmeister,</Unicode>
                </TextEquiv>
            </TextLine>
            <TextLine id="tr_1_tl_7" custom="readingOrder {index:6;}">
                <Coords points="1043,1517 1071,1515 1096,1492 1111,1495 1139,1515 1170,1515 1172,1383 1099,1378 1076,1383 1063,1393 1048,1391"/>
                <Baseline points="1059,1468 1086,1465 1131,1462 1175,1465"/>
                <TextEquiv>
                    <Unicode>S:</Unicode>
                </TextEquiv>
            </TextLine>
            <TextLine id="tr_1_tl_8" custom="readingOrder {index:7;}">
                <Coords points="1337,1639 2723,1558 3040,1484 3048,1396 1347,1525"/>
                <Baseline points="1354,1599 1393,1599 1438,1593 1483,1593 1528,1587 1572,1584 1617,1578 1662,1575 1707,1572 1751,1572 1796,1569 1841,1563 1886,1557 1930,1554 1975,1551 2020,1545 2065,1542 2110,1542 2154,1534 2199,1531 2244,1528 2289,1528 2333,1522 2378,1519 2423,1516 2468,1510 2512,1507 2557,1504 2602,1498 2647,1495 2692,1492 2736,1486 2781,1480 2826,1477 2871,1471 2915,1471 2960,1465 3005,1465 3050,1465"/>
                <TextEquiv>
                    <Unicode>dass Frau Cäcilie eben keinen Willen</Unicode>
                </TextEquiv>
            </TextLine>
            <TextLine id="tr_1_tl_9" custom="readingOrder {index:8;}">
                <Coords points="1330,1797 1363,1797 1431,1847 1497,1837 1553,1850 1558,1700 1515,1685 1482,1695 1464,1682 1439,1705 1426,1705 1385,1677 1368,1685 1332,1670"/>
                <Baseline points="1343,1757 1384,1754 1429,1754 1474,1751 1519,1751 1563,1751"/>
                <TextEquiv>
                    <Unicode>hat.</Unicode>
                </TextEquiv>
            </TextLine>
            <TextLine id="tr_1_tl_10" custom="readingOrder {index:9;}">
                <Coords points="1081,1949 2944,1850 3114,1827 3124,1708 1086,1868"/>
                <Baseline points="1095,1939 1110,1939 1154,1936 1199,1936 1244,1922 1289,1922 1334,1919 1378,1916 1423,1913 1468,1910 1513,1907 1557,1901 1602,1898 1647,1892 1692,1889 1736,1886 1781,1883 1826,1880 1871,1877 1916,1874 1960,1871 2005,1871 2050,1868 2095,1862 2139,1856 2184,1853 2229,1847 2274,1841 2318,1838 2363,1835 2408,1832 2453,1829 2498,1823 2542,1817 2587,1811 2632,1808 2677,1802 2721,1799 2766,1796 2811,1793 2856,1787 2900,1781 2945,1778 2990,1775 3035,1769 3079,1766 3124,1757"/>
                <TextEquiv>
                    <Unicode>A: Keinen Willen?... Es muss Ihnen dech be-</Unicode>
                </TextEquiv>
            </TextLine>
            <TextLine id="tr_1_tl_11" custom="readingOrder {index:10;}">
                <Coords points="1365,2111 2342,2050 2687,1959 3108,1994 3172,1964 3185,1827 2814,1824 2373,1926 2005,1885 1670,2012 1373,2015"/>
                <Baseline points="1381,2077 1387,2074 1432,2071 1477,2068 1522,2062 1566,2059 1611,2053 1656,2050 1701,2047 1745,2044 1790,2038 1835,2035 1880,2035 1924,2032 1969,2026 2014,2023 2059,2020 2104,2017 2148,2011 2193,2005 2238,1999 2283,1996 2327,1993 2372,1987 2417,1981 2462,1978 2506,1975 2551,1972 2596,1969 2641,1963 2686,1960 2730,1957 2775,1954 2820,1951 2865,1945 2909,1942 2954,1936 2999,1936 3044,1933 3088,1927 3133,1927 3178,1930"/>
                <TextEquiv>
                    <Unicode>kannt sein, dass sie jede Freiheit hat,</Unicode>
                </TextEquiv>
            </TextLine>
            <TextLine id="tr_1_tl_12" custom="readingOrder {index:11;}">
                <Coords points="1391,2253 2715,2208 3012,2093 3124,2114 3134,1997 3004,1969 2903,2033 2560,2033 2197,2126 1614,2083 1398,2154"/>
                <Baseline points="1408,2229 1432,2226 1477,2223 1522,2217 1566,2214 1611,2211 1656,2205 1701,2202 1745,2199 1790,2193 1835,2190 1880,2187 1924,2184 1969,2181 2014,2175 2059,2169 2104,2166 2148,2160 2193,2160 2238,2154 2283,2151 2327,2148 2372,2145 2417,2142 2462,2139 2506,2136 2551,2133 2596,2127 2641,2121 2686,2118 2730,2116 2775,2110 2820,2107 2865,2104 2909,2101 2954,2095 2999,2092 3044,2089 3088,2086 3133,2083"/>
                <TextEquiv>
                    <Unicode>die sie wünscht - selbst die, mich zu</Unicode>
                </TextEquiv>
            </TextLine>
            <TextLine id="tr_1_tl_13" custom="readingOrder {index:12;}">
                <Coords points="1411,2395 1495,2421 1522,2398 1538,2413 1586,2398 1639,2416 1675,2403 1731,2418 1873,2411 1880,2296 1791,2281 1703,2319 1634,2291 1604,2309 1520,2299 1474,2327 1416,2322"/>
                <Baseline points="1426,2381 1435,2378 1480,2375 1525,2372 1569,2369 1614,2366 1659,2363 1704,2360 1748,2357 1793,2354 1838,2351 1883,2348"/>
                <TextEquiv>
                    <Unicode>verlassen.</Unicode>
                </TextEquiv>
            </TextLine>
            <TextLine id="tr_1_tl_14" custom="readingOrder {index:13;}">
                <Coords points="1317,2596 2941,2477 3103,2439 3114,2319 2071,2388 1718,2474 1330,2456"/>
                <Baseline points="1337,2545 1369,2542 1414,2539 1459,2536 1504,2533 1548,2527 1593,2524 1638,2521 1683,2518 1728,2512 1772,2506 1817,2503 1862,2503 1907,2498 1951,2495 1996,2492 2041,2489 2086,2483 2130,2480 2175,2477 2220,2471 2265,2465 2309,2462 2354,2456 2399,2450 2444,2450 2489,2447 2533,2444 2578,2441 2623,2438 2668,2432 2712,2429 2757,2426 2802,2420 2847,2417 2891,2414 2936,2408 2981,2405 3026,2399 3071,2396 3115,2393"/>
                <TextEquiv>
                    <Unicode>Diese Freiheit hat sie eben nicht. Sie</Unicode>
                </TextEquiv>
            </TextLine>
            <TextLine id="tr_1_tl_15" custom="readingOrder {index:14;}">
                <Coords points="1439,2728 2938,2644 3124,2603 3134,2502 2982,2449 2492,2545 2208,2527 1964,2624 1449,2624"/>
                <Baseline points="1456,2703 1480,2697 1525,2692 1569,2689 1614,2686 1659,2680 1704,2677 1748,2674 1793,2671 1838,2665 1883,2662 1927,2656 1972,2653 2017,2650 2062,2644 2107,2644 2151,2638 2196,2635 2241,2629 2286,2626 2330,2623 2375,2617 2420,2611 2465,2605 2509,2602 2554,2599 2599,2596 2644,2590 2689,2587 2733,2584 2778,2584 2823,2578 2868,2572 2912,2569 2957,2566 3002,2560 3047,2554 3091,2548 3136,2545"/>
                <TextEquiv>
                    <Unicode>glaubt nur, sie zu haben. Selang sie</Unicode>
                </TextEquiv>
            </TextLine>
            <TextLine id="tr_1_tl_16" custom="readingOrder {index:15;}">
                <Coords points="1129,2583 1167,2573 1182,2581 1190,2576 1205,2586 1241,2586 1241,2472 1210,2469 1198,2482 1172,2484 1160,2472 1129,2466"/>
                <Baseline points="1143,2560 1157,2557 1202,2557 1247,2557"/>
                <TextEquiv>
                    <Unicode>S:</Unicode>
                </TextEquiv>
            </TextLine>
            <TextLine id="tr_1_tl_17" custom="readingOrder {index:16;}">
                <Coords points="1441,2878 2931,2796 2974,2685 2819,2636 2738,2677 2444,2649 2256,2723 1451,2771"/>
                <Baseline points="1459,2850 1501,2847 1545,2844 1590,2841 1635,2835 1680,2832 1725,2826 1769,2820 1814,2820 1859,2814 1904,2811 1948,2808 1993,2802 2038,2796 2083,2793 2127,2790 2172,2784 2217,2781 2262,2775 2307,2772 2351,2769 2396,2769 2441,2763 2486,2757 2530,2754 2575,2748 2620,2745 2665,2742 2709,2736 2754,2736 2799,2730 2844,2727 2888,2724 2933,2718 2978,2721"/>
                <TextEquiv>
                    <Unicode>unter einem Dach mit Ihnen weilt,</Unicode>
                </TextEquiv>
            </TextLine>
            <TextLine id="tr_1_tl_18" custom="readingOrder {index:17;}">
                <Coords points="1451,3048 3192,2954 3207,2776 2433,2822 1941,2921 1819,2860 1464,2885"/>
                <Baseline points="1468,2999 1507,3002 1551,2999 1596,2996 1641,2990 1686,2987 1731,2984 1775,2978 1820,2975 1865,2969 1910,2966 1954,2960 1999,2954 2044,2954 2089,2951 2133,2945 2178,2942 2223,2939 2268,2933 2312,2930 2357,2924 2402,2918 2447,2915 2492,2909 2536,2906 2581,2903 2626,2900 2671,2894 2715,2888 2760,2885 2805,2880 2850,2877 2894,2874 2939,2868 2984,2865 3029,2862 3074,2856 3118,2853 3163,2853 3208,2853"/>
                <TextEquiv>
                    <Unicode>steht sie gewissermaassen unter Ihrem</Unicode>
                </TextEquiv>
            </TextLine>
            <TextLine id="tr_1_tl_19" custom="readingOrder {index:18;}">
                <Coords points="1459,3233 2659,3139 2819,3037 3167,3032 3174,2941 1472,3106"/>
                <Baseline points="1480,3163 1516,3163 1560,3157 1605,3154 1650,3151 1695,3148 1739,3145 1784,3139 1829,3136 1874,3130 1919,3124 1963,3121 2008,3118 2053,3112 2098,3109 2142,3103 2187,3100 2232,3097 2277,3091 2321,3085 2366,3082 2411,3077 2456,3077 2500,3071 2545,3068 2590,3062 2635,3059 2680,3053 2724,3050 2769,3044 2814,3038 2859,3035 2903,3032 2948,3029 2993,3023 3038,3020 3082,3017 3127,3014 3172,3011"/>
                <TextEquiv>
                    <Unicode>Bann. Diesen Bann müssen sie von ihr</Unicode>
                </TextEquiv>
            </TextLine>
            <TextLine id="tr_1_tl_20" custom="readingOrder {index:19;}">
                <Coords points="1469,3390 1799,3403 2606,3258 2885,3284 3169,3228 3182,3108 2578,3121 1824,3271 1710,3218 1484,3240"/>
                <Baseline points="1492,3321 1528,3318 1572,3315 1617,3312 1662,3309 1707,3303 1751,3303 1796,3300 1841,3297 1886,3291 1930,3282 1975,3279 2020,3276 2065,3270 2110,3268 2154,3262 2199,3256 2244,3253 2289,3250 2333,3247 2378,3241 2423,3238 2468,3232 2512,3229 2557,3226 2602,3220 2647,3217 2692,3211 2736,3205 2781,3199 2826,3196 2871,3190 2915,3187 2960,3184 3005,3178 3050,3175 3094,3169 3139,3163 3184,3166"/>
                <TextEquiv>
                    <Unicode>nehmen... ehe Sie das tun, haben sie</Unicode>
                </TextEquiv>
            </TextLine>
            <TextLine id="tr_1_tl_21" custom="readingOrder {index:20;}">
                <Coords points="1495,3530 2439,3431 2603,3464 2913,3347 3233,3362 3243,3253 3035,3223 2763,3299 2362,3289 1507,3408"/>
                <Baseline points="1513,3473 1542,3476 1587,3473 1632,3467 1677,3464 1722,3462 1766,3459 1811,3453 1856,3447 1901,3444 1945,3438 1990,3435 2035,3429 2080,3426 2124,3420 2169,3417 2214,3414 2259,3414 2304,3411 2348,3405 2393,3399 2438,3393 2483,3390 2527,3384 2572,3381 2617,3375 2662,3369 2706,3366 2751,3363 2796,3357 2841,3354 2885,3348 2930,3342 2975,3336 3020,3333 3065,3330 3109,3324 3154,3318 3199,3315 3244,3315"/>
                <TextEquiv>
                    <Unicode>ihr nicht die Entsehliessungsfreiheit</Unicode>
                </TextEquiv>
            </TextLine>
            <TextLine id="tr_1_tl_22" custom="readingOrder {index:21;}">
                <Coords points="1429,3702 1462,3725 1490,3723 1545,3692 1616,3687 1654,3664 1705,3677 1741,3664 1814,3672 1824,3570 1776,3568 1769,3555 1708,3573 1685,3558 1583,3575 1563,3563 1528,3588 1444,3568"/>
                <Baseline points="1447,3670 1465,3667 1510,3661 1554,3653 1599,3644 1644,3641 1689,3635 1733,3632 1778,3629 1823,3626"/>
                <TextEquiv>
                    <Unicode>gegeben.</Unicode>
                </TextEquiv>
            </TextLine>
            <TextLine id="tr_1_tl_23" custom="readingOrder {index:22;}">
                <Coords points="1418,3844 2494,3748 2860,3778 3124,3707 3136,3583 2423,3537 2322,3603 1657,3664 1429,3748"/>
                <Baseline points="1438,3811 1480,3811 1525,3805 1569,3802 1614,3796 1659,3790 1704,3787 1748,3778 1793,3772 1838,3766 1883,3760 1927,3757 1972,3751 2017,3748 2062,3742 2107,3736 2151,3730 2196,3727 2241,3724 2286,3718 2330,3712 2375,3709 2420,3706 2465,3703 2509,3700 2554,3694 2599,3691 2644,3688 2689,3685 2733,3679 2778,3679 2823,3676 2868,3670 2912,3670 2957,3667 3002,3661 3047,3658 3091,3658 3136,3658"/>
                <TextEquiv>
                    <Unicode>Was für ein Bann soll denn das sein?</Unicode>
                </TextEquiv>
            </TextLine>
            <TextLine id="tr_1_tl_24" custom="readingOrder {index:23;}">
                <Coords points="1431,3913 1588,3971 1726,3956 1809,3895 1992,3926 2205,3857 2299,3885 2497,3824 2505,3750 2060,3837 1994,3801 1850,3809 1756,3860 1439,3829"/>
                <Baseline points="1444,3909 1477,3915 1522,3918 1566,3918 1611,3918 1656,3912 1701,3906 1745,3900 1790,3894 1835,3891 1880,3888 1924,3882 1969,3879 2014,3876 2059,3873 2104,3870 2148,3864 2193,3858 2238,3852 2283,3847 2327,3841 2372,3835 2417,3829 2462,3820 2506,3817"/>
                <TextEquiv>
                    <Unicode>du hat zur Freißent. selbst die</Unicode>
                </TextEquiv>
            </TextLine>
            <TextLine id="tr_1_tl_25" custom="readingOrder {index:24;}">
                <Coords points="1256,3870 1287,3877 1309,3860 1317,3870 1327,3867 1332,3872 1370,3865 1378,3692 1350,3690 1335,3702 1299,3697 1264,3705"/>
                <Baseline points="1271,3841 1289,3838 1334,3838 1378,3835"/>
                <TextEquiv>
                    <Unicode>A:</Unicode>
                </TextEquiv>
            </TextLine>
        </TextRegion>
    </Page>
</PcGts>
