3400 4104
1412 672 2908 857 nicht mehr zusammen zum Fenster
1419 811 3052 1014 hinausschauen“? -. Es ist auch in¬
1436 1023 2990 1187 teressant, dass diese beschränkte
597 1065 1109 1330 The face if
1430 1167 3041 1353 Auffassung nur für den Verkehr zwi
639 1264 1187 1425 gemeinlich.
1448 1255 3043 1481 sehen Mann und Frau Geltung haben,
654 1392 1297 1633 Unter schwein
1492 1470 3123 1638 die einander einmal besessen haben.
1423 1633 3070 1852 ... Aber was heisst: jemanden hesi-
1408 1764 3076 1936 tzen? - Das heisst! ihn kennen. Ihn
1456 1943 3032 2141 verlieren, heisst: belegen werden
1467 2084 3052 2309 oder belügen., Also nicht mehr ken-
1454 2265 2679 2435 nen oder gekannt werden.
1337 2444 3056 2601 Alb: Se spricht nicht einer, der ge-
1478 2583 3014 2765 fasst, se spricht einer, der ent-
1483 2683 3003 2915 schlossen ist, - zu dem, was wir
1452 2864 3059 3094 der Verständigung halber doch auch
1494 3028 3101 3242 fernerhin "Undreue" nennen wellen.
1361 3176 3138 3397 Amad: Das Wort ist falsch.) Die Treue,
1514 3348 3059 3578 die ich ihr, die wir einander be-
1512 3503 3048 3733 wahren würden, ist eine bessere,
1532 3638 3112 3890 anständigere, als jene andere, die
