3480 4104
2731 514 2911 640 152
1476 675 2946 829 doch an irgend etwas Bestimmtes
1362 807 3151 927 zu denken. Was ist denn eigentlich ge-
2652 905 3043 1019 schehen?
1690 918 2227 1028 . J'ai mitsjussi
1198 946 3132 1154 Cäe: gesenehen ist nichts. Aber trotzdem
1378 1142 3094 1290 weiss ich, dass sich alles verändert
653 1239 3185 1489 In die man mit schrifft hat. Das fühle ich. Von dem Augenblick
602 1416 1277 1671 von hier außer Nr.
1388 1419 3103 1615 an, an dem das entscheidende Wort ge¬
1394 1571 3078 1779 sprechen wurde, war ich eine Andere.
1375 1741 3094 1876 In diesem Augenblick fiel der Panzer
1996 1845 2545 1949 Dn Malt voll die
1388 1880 3170 2088 von mir ab. Z. Wenn ich denke, dass se-
1381 2050 3144 2201 gar die Männer, die auf der Bühne mit
1378 2236 3062 2365 mir stehen, seitdem Männer für mich
1388 2378 3119 2520 bedeuten,- dass es mich sonderbar be¬
1384 2558 3088 2709 wegt, wenn gewisse Augen mich anglü¬
1372 2687 3091 2854 hen,- dass es eine Berührung auf der
1388 2867 3135 3050 Bühne gab, unter der nicht Carmen er¬
1391 2993 2826 3195 schauert ist, sondern Cäcilie!
1142 3138 2983 3400 Amad: Ich dacht' es! - Weaius?
1192 3324 3129 3498 Cäc: Es war ein Moment, an dem ich spür-
1391 3466 3188 3680 te: er hätte aus mir machen können,was
