3416 4056
2818 313 2953 492 82
1258 483 2917 689 ner Brust - ausjubeln, ausweinen.
1514 620 2365 725 Wenn irgend in das zwalt
1297 684 3045 840 Das liegt wol nicht in meiner Art, zu
1032 721 1219 830 Cäc:
1260 791 2928 1011 jubeln und zu weinen. - Aber sollen
1265 963 2944 1135 wir denn wirklich bei allem, was be-
1281 1135 2921 1297 ginnt, denn gleich ans Ende denken?
1267 1279 3100 1425 Dazu hat es doch wel noch Zeit. Sehr
1267 1448 3047 1617 leicht; sie geht eben langsam vom Kla¬
1297 1574 3136 1745 vier zum Kamin hin: Ieh bin überzeugt,
1286 1750 2992 1917 dass du dir auch noch nicht Gedanken
1295 1912 3084 2068 drüber machst, wie zum Beispiel die Sa¬
1304 2068 2955 2214 che mit Iselde enden wird, die doch
1297 2182 3086 2425 gewiss nicht für die Ewigkeit angelegt
1302 2352 3058 2553 ist. Aber es ist doch störend, gleich
1306 2516 3017 2674 wieder ans Ende zu denken, kaum dass
1322 2692 2745 2875 etwas begonnen hat. Thuß die
1411 2814 3031 2985 Ich bitte dich!... Es ist doch zu
1082 2917 1324 3024 Amad:
1327 2960 3100 3164 komisch, dass man gleich wieder verle-
1327 3106 2958 3337 gen wird und es notwendig zu haben
1336 3292 2942 3502 glaubt, seine Aufrichtigkeit immer
1334 3461 2349 3637 wieder zu versichern.
