3464 4104
2685 398 2820 593 75
1163 593 2882 794 Leidenschaft sezusagen allein zurück-
1163 769 2916 934 bleiben kann. Es kommt höchstens vor,
1186 943 2957 1105 dass der eine eigensinnig oder stolz
1170 1078 2952 1245 ist, und bei den meisten regt sich wel
1181 1231 2962 1405 auch die Angst, dass sie sich ganz auf
1181 1366 2969 1547 geben müssen, wenn sie sich nicht eben
1181 1559 2957 1721 mit ihrer Leidenschaft aneinanderklam-
1183 1719 3023 1865 mern können. Aber für uns hat ja all
1195 1840 3017 1982 das keine Geltung; wir bleiben einander
1202 2003 2856 2167 ja doch, was wir uns gewesen sind.)
1252 2199 2971 2330 Ja natürlich.- Aber da du das seltsa-
980 2222 1170 2337 Cäe:
1208 2296 3001 2474 merweise ausdrücklich bemerkst, möchte
1215 2483 2827 2634 ich dich doch daran erinnern, dass
563 2593 769 2779 Kurser
1206 2639 2840 2820 keinerlei bindende Abmachungen zwi
1222 2815 2557 2971 schen uns xxxxenn bestehen.
1273 2987 1959 3094 Das heisst -?
952 2964 1195 3115 Amaa:
1286 3090 2902 3259 Ich meine, wenn du vielleicht doch
1016 3154 1199 3271 Cäe:
1254 3250 2969 3422 glaubst, dass wir unter diesen verän-
1257 3390 3017 3584 derten Bedingungen nicht weiter zusam-
1238 3591 2193 3744 menleben sollten...
