3416 4072
2649 431 2776 563 92
1204 555 2976 763 sehr bald hier sein. Um Acht Uhr vier-
1199 738 2979 870 zig kommt der Zug - jetzt ist es acht.
1371 834 2031 948 Ist dreht, es bei all.
1207 915 2256 1062 Ich erwarte Albertus...
1273 1065 1465 1174 So?
958 1052 1222 1186 Mara:
1278 1189 2900 1336 Ja, wir haben über den dritten Akt
968 1227 1222 1369 Ama d:
2028 1303 2829 1415 Die Begrüsse hn laend
1204 1377 2996 1508 zu sprechen. Und es kommt Cäcilié, und
1207 1521 2925 1665 dann können Sie gleich mit Ihrem Gat-
1207 1686 2302 1845 ten nach Hause wandeln.
968 1825 2532 1993 Maria: Darauf kommt es nicht an.
1303 2005 2776 2162 Jedenfalls setzen Sie sich. Wie
966 2028 1224 2200 Amad:
1204 2155 3007 2322 geht’s Ihnen denn? Wenn Cäcilie nicht
1214 2299 2994 2431 da ist, sieht man Sie überhaupt nicht.
981 2459 2971 2626 Maria: Ich habe Ihnen noch gar nicht gra-
1224 2631 1615 2773 tuliert.
991 2758 2930 2936 Amad: Ja, sie hat grossen Erfolg gehabt.
984 2928 3017 3070 Maria:  Ich meinte.. ich dachte jetzt nicht
1222 3100 2984 3222 an Cäcilie - zu der Tristan- Aufführ-
1222 3275 1960 3415 ung vorgestern.
1039 3405 2991 3546 Amad: Ah se! Waren Sie drin?... Ja, es
1237 3557 2862 3737 war sehr schön. Winkelmann und xxN
