3416 4072
2773 386 2922 566 65
1213 561 2957 745 zu tun?... Was hast du denn, Amadeus?
1209 726 2877 884 Schau! Sie streicht ihm über die
1211 926 1541 1063 Haare:
1037 1016 2931 1195 Amaa: Man wird manchmal seaufgewühlt, -
1237 1183 2943 1374 so.... Du kannst es vielleicht nicht
1249 1364 1975 1517 ganz verstehen.
1060 1543 1652 1675 Cäc: Warum?
1065 1675 2856 1833 Amad:- Du warst ja immer die Ruhigere.
1265 1784 3011 1982 Warst es. - Es wird ja wahrscheinlich
1277 1984 2554 2182 auch mit dir anders werden.
1336 2118 2896 2326 Das glaub' ich selbst. - Aber in
1098 2194 1291 2319 Cäc:
1277 2278 3025 2436 Hinsicht auf dich, Amadeus, wird sich
1279 2446 3021 2606 nichts ändern. Was immer mir beschie-
1301 2531 3030 2802 den seÿn wird: wenn ich zu dir komme,
1298 2745 2974 2938 ist es abgeglitten. Die Stürme sind
1312 2915 3016 3122 nur draussen. - Wir werden auch über
1327 3054 3032 3292 die Stürme plaudern... aber hier ist
1338 3280 1826 3440 der Hafen.
1793 3318 2797 3480 Al.A. Nieren. Euch
693 3318 1103 3450 Sturmts
1155 3395 3049 3619 Amaa: :geht wieder hin und her: Wenn
617 3391 1230 3605 were mir Luft.
1355 3539 3047 3801 dir doch manches erspart bliebe, Cä¬
