3448 4136
2743 500 2920 648 224
1390 608 3036 805 lieren?... Es ist ein Wiederfinden,
1399 821 2935 967 das mehr bedeutet, als es bei An-
1395 955 3052 1110 dern bedeuten mag... Was hinter uns
1435 1137 3052 1274 liegt in diesen letzten Monaten,
1399 1271 2994 1415 das kann ja - das wird ja vollkom-
1390 1424 2841 1592 men vergessen werden. Wenn man
1390 1579 3036 1729 sich so wiederfindet wie wir, Cäei-
1395 1742 2985 1906 lie... Was will denn das, was ge¬
1404 1917 2915 2050 wesen ist, vorstellen, gegenüber
1393 2081 3034 2193 den Seligkeiten, die uns gemeinsam
1395 2240 2875 2366 sind, den Erinnerungen an unser
1399 2384 2926 2500 friiheres Glück, der Zukunft, die
1455 2559 3005 2684 uns gehört. Nur wir - unsere Lie-
1417 2651 3079 2828 be, unser Glück - ist Wirklichkeit.
1393 2826 3099 3018 ... nur das! Alles Andere waren Träu¬
1406 3043 1574 3171 me.
1271 3122 3070 3353 C: Wenn auch - sie könnten wiederkem-
1415 3337 1635 3489 men.
1276 3474 2278 3651 A: Die meinen nicht.
1289 3592 3090 3810 C: Ich bin meiner nicht se sicher als
