3432 4152
2768 514 2926 694 118
982 646 2973 874 Fried: Aber mein Freund wirst du bleiben,
1165 849 1583 1040 Amadeus?
989 932 2993 1202 Amaa: Nein, liebste Friederike. Wir haben
1177 1162 2858 1363 uns zu leidenschaftlich geliebt, um
1182 1303 2966 1460 Freunde werden zu können. Wir könnten
1200 1488 2961 1621 vielleicht beide nicht für uns einsten
2758 1536 2971 1651 wist
1182 1586 2953 1841 hen. Wir wollen uns also lieber keine
1207 1784 2275 1976 Freundschaft schwören.
982 1886 2968 2147 Fried: Du hast vielleicht Recht. - Adieu,
2109 2032 2525 2139 Rolten in
1212 2064 2888 2285 Amadeus. - - Aber mein Kerrepetiter
1237 2249 2057 2445 wirst du bleiben?
1045 2380 2986 2608 Amad: Ich werde es vermeiden, Rollen mit
1255 2555 2169 2750 dir einzustudieren.
1255 2635 3056 2886 Es wird auf die Rolle ankommen, - aber
1263 2821 3021 3069 ich hoffe, es wird zu vermeiden sein.
1035 2988 3054 3241 Fried: Leb' wohl, Amadeus. :ns klingelt
1090 3151 3074 3404 Amad: steht auf: Das wird wel Albertus
1295 3364 1551 3517 sein.
1115 3462 3049 3687 Fried: Du hast das vertrefflich gemacht,
1303 3690 3046 3863 Amadeus. Es war ein rasender Sehmerz,
