3384 4040
2647 322 2782 461 84
1186 497 2801 629 von uraltem Raubrittertum, Frömmig-
1176 658 2861 785 keit und Wiener Walzern, das ihn um-
1186 828 2926 970 schwebt,... aber es werden dir gewiss
1186 986 2830 1118 Andere entgegenkommen, die dir mehr
1193 1176 1630 1277 bedeuten.
1231 1291 2803 1414 Möglich. Aber ich kann heute noch
965 1325 1157 1435 Cäe:
1183 1457 2938 1577 nicht so weit denken. - Nun, au wirst
1193 1615 2662 1740 alles zu rechter Zeit erfahren.
1286 1790 2906 1908 :Pause: Aber wenn wir noch etwas
1207 1903 3000 2052 durchnehmen wollen, so ist es wirklich
1205 2086 2832 2208 Zeit. - Also das, nicht wahr - und
1212 2230 2573 2359 das?..“Nicht mehr zu dir...“
986 2405 2911 2515 Amaa: :am Klavier, spielt: Am wieviel-
1226 2554 2544 2683 ten sollte das Konzert sein?
996 2712 2923 2837 Cäc: In zehn Tagen - sagte sie nicht se?
1366 2808 1572 2923 also
1296 2825 2976 2986 Ja, ein paar Tage, bevor die Ferien
986 2894 1241 3010 Amad:
1231 3029 2266 3175 beginnen. Und dann...
1010 3173 2801 3286 Cäc: Ja, was dann, Amadeus?... Ist es
1236 3314 2986 3470 nicht eigentlich merkwürdig, dass wir
1241 3449 2887 3614 Überhaupt diesmal gar keine gemein-
1236 3588 3046 3806 schaftlichen Sommerpläne gemacht haben
