3448 4120
2628 487 2807 674 125
1142 622 2951 886 ist nun widerlich... es wirft geradezu
400 758 1042 945 Und ich mich mit
1155 807 2917 996 Schatten über unsere helle und freudi¬
425 866 1068 1065 verhohlen – auf eine
1155 978 2894 1176 ge Existenz, dass die Leute die Sache
1168 1147 1816 1337 se auffassen.
986 1263 2976 1493 Alb: Mein Lieber, die Neuerer müssen damt
1178 1442 2853 1657 anfangen, das Urteil der Wett zu ver-
1145 1575 2871 1754 achten, sonst enden sie damit, Gross-
1201 1719 2968 1952 sprecher gewesen zu sein Darauf muss-
1201 1877 2917 2077 test du verbreitet sein. - Ich übri¬
1222 2003 2943 2259 gens se unschuldig an diesen Briefen
1219 2205 3073 2410 als möglich. Du weisst, dass ich deinem
1214 2356 2917 2543 Wunsche gemäss allen Leuten, die Be-
520 2464 1063 2677 seden der er¬
1224 2500 2856 2735 merkungen über eure Aufführung....
540 2582 1040 2789 hören will.
1055 2677 2848 2889 XXIK Amad: Man sagt nicht "Aufführung"
1250 2815 3053 3012 Du hast Ausdrücke wie eine Gouvernante
1076 2963 2830 3179 Alb!... über euern Lebenswandel - -
1083 3086 3145 3350 Amad: Du sprichst wie ein Pelizeikommissär.
1094 3299 3030 3491 Alb:... also kurz: allen gegenüber, die
1304 3417 3045 3673 sich mir gegenüber über euch äussern,
1329 3552 3040 3816 erkläre ich, dass ihr die gleklichste
1324 3716 3015 3924 Ehe von der Welt führt, dass es eben
