3576 4248
2703 468 2892 618 180
1326 714 2863 953 Sie wünscht, ihre Existenz einer
1039 846 1260 985 Alb:
1282 894 3081 1116 grossen Sache zu widmen, einem Lebens-
1298 1025 2972 1237 werk. Sie will nicht länger die Ge-
618 1139 1110 1323 Ma & in lutt
1303 1201 2979 1421 liebte ihres Mannes sein. Verstehst
1326 1342 2979 1544 du? - lieber die Freundin ihres Ge¬
564 1339 803 1542 .
1373 1457 3140 1703 liebten! Dies ihre Worte. - Natürlich
1344 1621 3101 1874 ist er einicht. Er ist nämlich ausge-
1623 1833 1985 1955 warten..
1348 1812 3067 2042 wiesen - sie will ihm folgen. Es ist
798 1924 1071 2103 in 1 a.m.
1373 1974 2951 2187 ein Irrsinnsanfall von ihr. Deine
1378 2133 3206 2315 Frau muss mit ihr reden. Ich kann nicht
550 2146 1280 2399 Ihr müss und
1382 2265 3106 2485 plötzlich mit Max und Moritz hier al-
628 2326 1201 2549 ist werden.
1382 2392 3161 2638 lein bleiben. Darum komm ich her. Ich
1401 2569 3040 2794 begebe mich zu Herrn Fichtenstamm,
1403 2728 3206 2942 ich bin nämlich überzeugt, er hat kei-
1462 2906 2997 3113 ne Ahnung davon. - Was sagst du?
1519 3081 3010 3261 Ich finde, dass das alles nicht
1191 3131 1442 3317 Amad:
1442 3167 3149 3445 eilt. Du hast in diesem Moment Wich-
612 3304 1198 3515 John Fmit
1453 3315 3263 3597 tigeres zu tun, als Herrn Fichtenstamm
671 3490 930 3661 nach 7
1446 3474 3233 3749 zu besuchen.) Du sollst mein Sekundant
1464 3670 2799 3936 sein - hörst du? Mein geuge.
