3448 4168
2626 426 2892 559 148
1215 532 2894 772 so etwas ist nicht für aie Ewigkeit.
1205 719 2468 937 Nicht einmal für ais Dauer.
1026 922 2125 1070 Amad: Ein Rausch als•
1041 1016 2984 1222 Cäc: Wie?... Eine leichte Betäubung, die
1234 1188 2514 1384 natürlich wieder schwinäst.
1096 1307 2860 1544 Amad: Du wirst es sein, die ein Ende
1251 1595 1554 1725 macht.
1028 1665 2776 1868 Cäc: Das kann ich nicht verhersagen.
1036 1866 2316 2028 Amaa: Er wira sich grämen.
1087 1943 2977 2168 Cäe: Hr ist jung. Er wird mich bald ver
1309 2137 2894 2343 gessen haben... wenn es einmal aus
1287 2270 2696 2534 sein wird. Un er mir hal an so
1118 2415 2969 2660 Amad: steht auf: Se xxx wäre es air
1321 2635 3042 2824 unter diesen Umständen wel ganz ange-
682 2698 1193 2848 U.d. ths. mars
1326 2761 2478 2994 nehm, Wien zu verlassen?
711 2800 1084 2962 in the most
1389 3001 1706 3131 Warum?
1111 3030 1309 3161 Cäc:
1116 3037 3023 3318 Amad: Nun, da ja deine Neigung effenbar
1387 3216 3211 3485 im Schwinden ist... O, ich merke das!...
1370 3376 3107 3642 Würde dir seine Nähe, die ununterbre-
