3400 4056
2665 293 2807 457 86
1192 460 2864 659 nen stillen Ort im Gebirg zurückzie-
1148 672 2892 826 hen, ohne irgend jemand zu sehen. Ich
1173 788 2864 1003 denke, du kannst mir es glauben. Ich
1173 965 2854 1113 will ganz allein sein mit dem Buben.
1183 1139 2901 1325 Es wird mir wohl tun. - Du wirst dich
1192 1252 3024 1429 vielleicht ein bisschen nach Peterl seh-
694 1416 1088 1615 Aufmach die
1170 1407 2782 1615 nen, aber gar so arg wird es nicht
1173 1599 2946 1760 sein. Hast es ja auch vor zwei Jahren,
1192 1703 2946 1930 wie du in Deutschland überall herumge-
1202 1867 2924 2075 fahren bist, deine Zweite dirigieren,
1202 2063 2898 2211 ganz gut ausgehalten, und da hast
1258 2198 2949 2400 du dich auch nach deiner Gattin
1224 2346 2952 2542 gesehnt. Also ich bin ruhig über dich
1221 2561 1668 2703 und mich.
937 2624 2917 2870 Amad: Wir werden uns natürlich schreiben.
990 2810 2974 3053 Cäe: Selbstverständlich- und sehr ausführ
413 2961 2949 3217 1. die Aufpruchtgleiche  lieh! - Du wirst also anfangs mit Al-
1233 3144 2154 3334 bertus herumreisen?
445 3185 1088 3406 ou prugs... Allustar
1009 3220 2703 3520 Amad: Ja, ich will Berge besteigen.
975 3412 3062 3646 Cäc: lächelnd: Und dann herniedersteigen
1214 3646 2233 3832 in ein schönes Tal...
