3352 4088
2360 561 2548 677 228
1015 782 3012 955 C: Du bist rasch zufrieden. - Machen denn
1161 965 2861 1131 Gedanken und Wünsche nicht schuldig?
1164 1104 2769 1241 Ist diese Seele, die von so wilder
1164 1251 2883 1380 Sehnsucht erfüllt war, wirklich noch
1164 1444 2963 1536 reiner als die deine? Findest du, dass
1179 1595 2883 1732 die Frau, die sich in die Arme eines
1174 1757 3025 1893 schönen Fürsten sehnte, - die Frau, die
1223 1816 3000 2030 unter dem Blicke eines singenden Komö-
1201 2045 2945 2176 dientan erzitterte, - glaubst du, dass
1191 2186 3082 2380 die dem Geliebten der Isolde und Anderer
1196 2313 2965 2518 noch etwas vorzuwerfen hätte... wenn
1206 2518 2923 2732 es zwischen uns etwas wie Schuld und
1228 2710 1881 2824 Vorwurfef gäbe
1072 2831 3007 2970 A: Aber ich weiss, dass du rein bliebst,
1164 2965 2978 3121 Und deine wiistesten Träume und Wünsche
2022 3079 2479 3196 forzethen
1236 3116 2997 3295 werden fiir mich aufgezehrt von dem be¬
1236 3293 3059 3441 seligenden Bewusstsein, dass du nieman-
1236 3446 3097 3642 dem gehörtest, - dass es immer nur Wiin-
