3448 4216
2578 386 2761 612 207
834 651 2825 906 S: Dieser Bann ist die Hoffnung, dass Sie
1122 867 2412 1062 zu ihr zurückkehren werden.
854 971 2231 1251 A: Hat sie Ihnen das gesagt?
1045 1151 2763 1317 Was fällt Ihnen ein! Sie weiss es ja
854 1231 966 1416 S:
1151 1295 2907 1476 nicht. All das wird ihr erst klar wer¬
1161 1444 2875 1706 den, wenn Sie das entscheidende Wort
1300 1610 2830 1763 das einzig entscheidende Wort zu
1184 1763 2984 1941 ihr gesprochen haben und sie damit von
1275 1830 2972 2021 damit dies Zoffe verschallen, die beizweitet ist
1194 1954 2377 2112 dieser Hoffnung befreien.
406 1914 919 2110 E. Einrichtesse
423 2035 906 2177 in them
1117 2080 2902 2261 Ich musste denken, dass Sie über unser
438 2107 926 2295 unterlich. etc
926 2159 1035 2293 A:
379 2221 837 2402 dernig kein
1213 2236 2902 2489 Verhältnis besser unterrichtet sind.
414 2310 827 2499 es ja nicht
1213 2362 2984 2659 Ich kann nicht glauben, dass Ihnen Cä-
589 2459 740 2585 in
1243 2543 3078 2801 silie verschwiegen hätte, wie unentbehr-
1243 2726 3041 2974 lieh wir einander sind,- dass wir oben
1251 2855 3068 3132 unserer Kunst, unserer Freundschaft und
1258 3031 3028 3259 unseres Kindes wegen weiter mit einan-
1275 3175 2981 3430 der zu leben wünschen,- also aus tie¬
1337 3358 3014 3615 fern Gründen, als sonst Eheleute zu-
1350 3556 2070 3779 sammen bleiben.
1018 3667 3001 3900 3: Aber vor diesen tieferen Gründen würde
