3336 4024
1040 584 2910 705 Amad: Ja, ich kenn“ ja das Pustertal. M
1256 742 2882 954 hat es eben sehr in den Süden gelegt,
1382 893 2954 1107 :lächelnd:  Man kann es freilieh
1017 926 1319 1103 Maria:
1277 1079 2126 1200 auch Süden nennen.
1833 1189 3080 1398 Nun, abgesehen von allem
1356 1214 1798 1419 :lächelt:
1038 1240 1275 1349 Amaé :
1345 1370 2973 1475 ein bisschen italienische Luft ist
1249 1512 3052 1649 mir häufig ein Bedürfnis. Ich hab' das
1261 1691 2961 1801 immer gebraucht. Und Sie dürfen nicht
1272 1840 3052 2005 glauben, dass ich weniger fleissig war
1279 1949 3015 2133 als Cäcilie; bei mir ist es nur nicht
1279 2159 2873 2275 se regelmässig - neun bis zehn und
1261 2319 3029 2496 zwölf bis eins... aber heuer hab' ich
1277 2475 2994 2664 sehr viel gemacht, fragen Sie nur Al-
1270 2638 2980 2785 bertus. Sehen auf unserer Tour. Und
1268 2785 2992 2950 ich glaube, auch ich bin heuer künst-
1270 2968 3050 3110 lerisch viel weiter gekommen - gerade-
2070 3022 2668 3120 Yr Knut
1284 3078 3092 3215 se wie Cäcilie. Wir sind beide in einer
1407 3194 1733 3294 man in
1840 3192 2154 3310 an rechte
1279 3266 3022 3443 sehr glücklichen, ruhigen Epeche, in-
1275 3431 3059 3620 nerlich gefestigt; das spür' ich sehr,
1291 3587 2926 3799 Und kann erst heute beurteilen, wie
