3400 4072
2663 368 2832 580 166
1272 598 1575 722 eilie!
477 631 1010 881 a/gounet
1088 732 2799 926 Cäc: Mir? warum? Wünsche es mir doch
391 808 936 1083 self - a/c
1269 883 3026 1065 nicht! Ich habe noch se wenig erlebt,
697 954 904 1176 suis
1272 1017 3023 1191 ich sehne mich nach Stürmen, nach Tod
482 1073 639 1229 2.
283 1138 485 1322 be
1274 1211 2814 1378 am Ende... was eben se das Leben
1287 1345 2928 1499 bringt. Ich weiss es ja noch nicht,
1345 1494 3081 1693 aber bei dir ist Ruhe, und hier wird
1290 1696 2067 1845 immer Ruhe sein.
1105 1817 3137 1989 Amad: Das ist das Seltsame, das Bewunderns
1300 1969 3122 2165 werte an dir, wie du aich in alles fin-
1307 2117 2970 2312 dest. Ruhig, selbst in der Unruhe..
1295 2312 1820 2478 ihr Frauen
1136 2496 2511 2660 Cäe: Sag' nicht: ihr Frauen.
1146 2645 1933 2809 Amad: Cäcilie  )
1148 2741 2721 2968 Cäc: Warum siehst du mieh se an?
1151 2910 2970 3094 Amad: Du bist ja die selbe - und doch
1368 3054 3155 3253 eine Andere. :Sie schüttelt den Kopf
1358 3220 3036 3440 Es ist nun einmal se. Ein Hauch von
1365 3384 3165 3569 Abenteuern und Träumen umgiebt dich...
1383 3564 2847 3834 und auch Träume sina Abenteuer.
