2936 3592
735 523 1038 654 M채frchm
782 602 2449 740 ren ist. eine bedenkliche Sache. Die Gegner-
567 740 2419 873 sind leicht geneigt solche Aufkl채rung als Recht-
663 883 2340 1048 stigungsversuche, Entschuldigungen oder gar
555 1046 1470 1167 Revokationen anzusehen.
557 1122 2540 1275 Somit bemerke ich ausdr체cklich, dass ich jedes Wort
538 1241 2461 1423 aufrecht erhalte, das in meinen Bemerkungen steht
552 1393 2496 1539 nicht insofern ich es als absolute Wahrheit ange-
592 1487 2459 1647 nommen wissen will, sondern nur insofern als ich
555 1635 2424 1810 w체nsche, dass man mir den Glauben in diese Dinge
565 1818 984 1978 zubilligt.
