2936 3512
2262 259 2403 400 14
747 413 2453 600 Das Zerrbild des Journalisten kann so-
764 573 2502 723 wohl. der Feuilletonist als der Reperter
771 696 2374 850 sein. Von diesem letzteren soll hier
764 815 2374 973 nicht die Rede sein,so wenig wi von
773 958 2504 1100 jenem and ern Zerrbild des Dichters, dem
773 1074 2455 1245 Dilettänten oder von jenem andern Zerr-
771 1219 2425 1381 bild des Politikers, dem Kannegiesser.
1074 1329 2559 1489 Der Journalist, man nehme das Wört
773 1443 2466 1630 endlich wieder in seiner wahren Bedeu-
773 1608 2433 1753 tung, ist die chronik der öffehtlichen
775 1728 2427 1878 Meinung, das Gewissen seiger Partei,ja
780 1840 2464 2029 selbst seines Landes. Esgliegt in sehr
788 1972 2390 2128 komplizierten kulturhistorischen und
780 2091 2475 2275 sözialen Bedingungen, dass dieser reine
780 2247 2550 2403 Typus sich beinahe nochseltenen findet,
775 2361 2411 2548 als der (des Politikers und Dichters.
