3016 3656
2087 406 2357 584 Lothar
606 560 2666 755 Ich begnüge mich einfach Nr. 13 wörtlich zu zitieren:
582 731 2639 857 So hoch sich der Glaube emporzuschwingen vermeint,an-
568 830 2693 993 der Unendlichkeit gemessen - und hier gibt es kein an-
568 939 2637 1137 deres Mass - ist er geradeso weit von Gott entfernt-
579 1078 2719 1249 wie der Zweifel. Ich halte mieh nicht für einen Negati-
582 1220 2474 1372 visten und zwenn das, was Sie meinen Negativismus
576 1324 2666 1508 nennen, überhaupt vorhanden ist, so glaube ich noch we-
576 1476 2631 1647 niger, dass ihm abgrabende Wirkungen zukommen. Und wo-
582 1607 2626 1772 ist das Ideal, das ich zertrümmert hätte oder zu zer-
584 1751 1361 1887 trümmern versuchte?.
851 1849 2559 2036 Und denn ein Satz aus Nr. 11: Jeder auch der
592 1980 2514 2140 Gottloseste setzt an Stelle dessen, was dem Andern
571 2116 2589 2298 eben Goti ist, einen andern Begrifi,eine andere Vor-
582 2247 1959 2426 stellung, eine andere Vermutung ein.
859 2362 2583 2503 Und Sie werden nicht daran zweifeln,dass mir
590 2485 2522 2637 jede Tendenz des Abgrabens fern liegt,wenn Sie in
582 2615 2530 2789 Nr. 19 nachlesen: Mit fortschreitender Entwicklung
587 2773 2202 2898 hat Glaube und Zweifel nichts zu tun etc.
886 2880 2631 3040 Und wie viel liesse sich noch über die Frage
568 3010 2527 3194 Tliusion und Ideenassoziation diskutiaren. Es war
568 3173 2557 3323 ein ein froblem, über das ich seinerzeit mit Brahm-
