2968 3592
522 276 1108 414 Zum Dipgramm.
603 357 2354 559 Phantasie gehört zu den allgemeinen Rea
537 547 1042 680 Begabungen.
534 606 2455 803 Je rascher die Assoziationen vor sich gehen,
544 744 2522 941 unsoweiter führen sie, oder können sie führen,
525 911 2000 1064 behalten ihr e Schwungkraft u. s.W.
534 992 2495 1209 Bei langsamen Assoziationen besteht immer di
552 1113 2418 1317 die Gefahr, dass sie auf dem Wege dahinster-
544 1251 2497 1443 ben, dass sie durch andere Assoziationöketten,
549 1377 2386 1581 eventuell auch, solche aus dem anbewubsten,
544 1554 1608 1697 unterbrochen: werden etc.
561 1672 1995 1832 Phantasie auch als seelenzustand.
564 1812 1527 1953 Phantastische Naturen.
549 1879 2440 2091 Die Phantasie, sowohl auxhxder positiven als
561 2041 2413 2211 im negativen Gebiet vorkommend.Charakteris-
561 2150 2443 2320 tisch aber in jedem Fall für die rechte Sei-
557 2275 2470 2477 te,die Seite des Glaubens und der Intuition.
576 2433 2406 2591 (Also für den Staatsmannk,Priester,weniger
559 2568 1908 2721 für den Pfaffen und Politiker).
559 2669 2495 2834 Dagegen im Diagramm der Tat auch auExder ne-
561 2810 2522 3012 gativen cehiet charaktoristisch,besonders für
561 2943 1943 3142 Abenteurer, für den Spekulanten.
