2904 3512
1127 403 2422 546 Der Dichtèr hat das Bedürfnis
776 539 2565 684 die Welt aus sich heraus neu erstehen zu
781 672 2601 792 lassen. Er schafft stets mit Notwendigkeit
786 810 2563 953 undbringt immer sich selbst dar,auch dort
776 939 2565 1062 wo er matt. und unzulänglich ist. Man ver-
772 1037 2490 1191 gesse nicht: es gibt kleine Dichter und
781 1188 2409 1308 grosse Literäten,kleine Politiker und
776 1311 2499 1444 grosse Politäfisten,kleine Journalisten
770 1442 2497 1571 und grosse Feuilletonisten. Wie ja alle
906 1537 1075 1621 tung
770 1567 2483 1698 Werte innerhalb dieses Versuchs nur ei-
770 1696 2556 1845 ne Qualitäts-nicht eine Quantitätswertung
772 1831 2501 1951 vorstellt. Es wird versucht die Grenzen
749 1972 2524 2117 zwischen Typen festzustellen,die für ge-
758 2089 2393 2250 wöhnlich, nicht nur im Sprachgebrauch,
758 2216 2544 2366 sondern selbst im Gedankengang vehrnünfti
763 2352 2474 2526 ger Menschen leicht verwechselt werden.
752 2486 2463 2630 Diese Typen sind sehr streng voneinan-
749 2610 2388 2769 der geschieden. Zwischen dem Menschen
752 2737 2504 2886 und dem Unmenschen gibt es keine Brücke.
743 2882 2515 3022 An der Schaffung der allgemeinen Kultur-
752 3004 2470 3147 atmosphäre sind Alle beteiligt,belebend
