2904 3496
786 406 2436 549 Schicksal wirksam ist. Aber in seinem
1936 498 2160 586 Gerade
803 553 2465 689 innersten Wesen geht er jedenfalls bei
878 645 1078 731 solch
797 683 2540 819 dieser Gelegenheit zugrunde. Denn er ver-
788 790 2469 935 mag nicht sich auf der Höhe zu halten.
786 937 2513 1076 Ueberdies lernt er bei solcher Gelegen-
781 1062 2537 1207 heit sich selbst kennen,kann daher nicht
779 1185 2540 1326 mehr vermeiden sich als das Zerrbild zu
779 1324 2379 1440 sehen,das er tatsächlich ist,was ihn
1168 1409 2090 1501 seren u alleinen sae
779 1468 1940 1585 notwendig vernichten muss.
1032 1576 2461 1743 Ein grosses Liebeserlebnis (wenn
786 1701 2441 1853 er dergleichen überhaupt erleben kann)
777 1835 2325 1995 wird ihn zum Dichter machenfür ein
773 1982 1021 2092 Werk.
1021 2057 2533 2195 Eiy grosser echter Zorn,der aller
764 2195 2458 2340 dings immer nur durch ein ganz persön-
775 2335 2489 2485 liches Erlebnis bei ihm entstehen kann,
775 2461 2520 2630 wird ihn für die nauer und für die Nach
775 2619 2443 2766 wirkungen dieses Erlebnisses (z.B. An-
773 2744 2461 2893 tisemitismus) zum Journalisten machen.
775 2834 2515 3031 Irgend ein zufall,z.B. die Bekanntschaft
