2936 3496
740 378 2523 546 Feuilletonist,Politicist, Literat reichen
762 524 2494 675 einander die Hände wie Journalist, Poli-
775 691 1397 804 fiker,Dichter.
1053 780 2492 928 Beister Gruppe 1, der Un-Menschen,
771 897 2499 1060 gibt es ein Ineinanderüberfliessen. Man
764 1037 2450 1199 wird die drei Typen nicht auseinander-
771 1204 1415 1326 halten können.
760 1295 2528 1442 Die drei letzteren sind scharf getrennt.
764 1430 2297 1586 Denn jeder bedeutet für sich etwas
773 1584 2534 1713 Ganzes, scharf Umrissenes und dabei Frei-
782 1670 2463 1833 es. Das schliesst natürlich nicht aus,
780 1821 2474 1984 dass ein grosser lichter zuweilen auch
775 1932 2466 2097 zugleich politisch befähigt sein kann,
780 2104 2463 2208 doch heisst das nicht,dass die Seelen-
782 2201 2255 2341 zustände ineinänder überfliessen.
782 2328 2390 2490 Ganz unmöglich ist es natürlich, dass
784 2437 2526 2614 ein Tytus aus der Grüppe l in einen Ty-
793 2583 2483 2730 pus von der Gruppe 2 übergehen könnte.
780 2721 2521 2870 Die ungeheuerste Verschiedenheit inner-
791 2830 2559 3019 halb des Seelischen ist ebengegeben dun
