3016 3656
1908 405 2319 513 Lothar 7
1401 582 2661 722 lich zu meiner Auffassung bekehr-
546 593 1263 758 sprach, den ich all
535 711 2700 866 te. Fir heute nur ein Zweifel daran der Unterscheidung,
2333 808 2661 891 mässiger
535 849 2746 1020 die Sie zwischen gefühlsmissiger und verstandesgemäsxexx
538 968 2562 1111 Assoziation versuchen. Es gibt keine gefühlemssige
540 1100 2515 1271 Assoziation, es gibt nur verstandesgässige. Die ge-
538 1219 2564 1398 fühlsmissige ist für die verstandesmässige in einem
538 1368 2622 1497 raschen Tempo. Bei der gefühlsmässigen kommen uns die
540 1495 2526 1641 einzelnen Kettenglieder weniger oder nicht alle zu
538 1632 2424 1776 Bewusstsein. In den meisten Fällen aber hat der
540 1784 2567 1919 Denkfäßige die Möglichkeit rückblickend die Ketten-
538 1908 1544 2057 glieder zu reproduzieren.
915 1980 2667 2162 Ich habe hoffentlich bald einmal Gelegenheit
527 2154 2606 2336 über diese und andere Fragen persönlich mit Ihnen zu
538 2303 915 2427 sprechen.
