2904 3496
1505 242 2572 435 a      . 2.
437 364 2485 569 e zwelte moglichste Ausbreitung suchend in der
393 532 2464 727 Gegenwart, im Noment, ohne Rücksicht auf Zukunft,
395 675 1012 833 Vergangenheit.
379 790 2498 930 Eigentliche Mischformen gibt es nicht, denn hier
387 891 2466 1112 handelt es sich um absolute Wesensunterschiede,
385 1041 1937 1191 die nur nicht immer erkannt-werden.
382 1170 2487 1323 Doch im Staatsmann steckt irgend etwas vom Poli-
393 1304 2393 1447 tiker, im Historiker etwas vom Journal isten, im
393 1423 2327 1597 nichler etwas vom Litgaten, sonst müssten sie
382 1557 1889 1718 sich völliz in der ldee verlieren.
379 1684 2372 1847 Um überhaupt wirken, ja nur da sein zu können,
385 1805 2416 2024 brauchen sie diese gleichsam irdische Verunrei
393 1955 711 2121 nigung.
382 2032 2295 2229 Das Vorhandensein jener inferiorer Flemente
382 2171 2477 2364 bedingt ihre Fruchtbarkeit, ihre Arbeitsfähigkeit
640 2329 2416 2503 Hingegen steckt, in Politiker nur das un-
385 2456 2372 2617 erfüllte sehnen nach staatsmännischer Vollen-
385 2593 2337 2756 dung, im Journalisten nach historischer Ein-
382 2719 1947 2888 sicht, im Literaten nach Dichtertum.
385 2819 2403 3017 Diese Sohnsucht kann sich als guter Mülle, als
393 2964 2408 3167 hohes streben, aber häufiger als. Weid oder Ver
