3016 3656
2191 326 2506 526 Latten
846 597 1372 742 Sie sagen so
1572 608 2681 759 freundliche und schöne Dinge
575 729 2635 915 über mein Buch und mich,dass es mir beinahe kindisch
578 857 1443 1011 erscheint auf ein oder
1506 841 2687 1019 das andere zu erwiedern, wo mög-
572 980 2364 1148 licherweise ein Missverständnis walten könnte.
1263 1085 1416 1172 vo l
2106 1106 2391 1186 Crecse in
841 1123 2547 1290 Ich denke an das, was Sie Angriffe gegen den
570 1241 2558 1410 Feuilletonismus nennen.(Gegen den Feuilletoniemus,
553 1372 2736 1536 nicht gegen das Feuilleton und nicht gegen desreuille.
564 1504 950 1662 tonisten.)
827 1597 2750 1802 Sie sind einverstanden mit meiner Auffassung dass
556 1753 2448 1928 vielte Teuilletonschreiberei, sagenwir ruhig die
540 1879 2476 2032 meiste(nicht ausschliesslichum der Sache, sondern
559 2027 2755 2175 gelegentlich aus Opportunismus, Witz, Sympathie, Antipathie
553 2153 948 2287 geschieht.
1380 2147 1520 2328 ies
852 2295 2670 2427 Ganz recht, das sage ich. Doch wo sage ich, dass
1673 2385 2065 2468 infiziere.
534 2407 2531 2583 eine Rubrik die Rubrizierten inxiax? Ho nehme ich
540 2553 2632 2665 an, dass die schlimmsten Feuilletons in den Zeitungen
531 2665 1725 2837 und nicht im Leben erscheinen?
874 2788 2547 2961 Sie apaxxEEx sagen, der Unterschied
529 2917 2492 3106 ipt nur der: die Opportunisten und Schwätzer unter
518 3045 2331 3218 den Feuilletonisten brandwarken sich, da sie ja
2043 3150 2525 3278 sah mine ten
507 3180 2709 3423 skientlich reuilietons schreiben selbst; die opportunis-
