2968 3608
2072 351 2206 552 48
674 538 2380 727 Das charaktoristische für die Künstler-
688 707 2596 863 schaft ist:spezifische Begabung irgend einer
679 813 2452 1009 Art und die reiche Affinität zu Seelenzu-
667 956 1130 1090 ständen.
657 1076 2576 1257 Es ist möglich, dass auch dieTypen der Künst-
657 1205 2383 1374 ler sich irgendwie diagramätisch ordnen
655 1338 2567 1525 lassen, die Wahrscheinlichkeit ist gross, dass
648 1482 2541 1661 der zu Gott nächste Typus durch den Musiker
657 1606 1585 1757 repräsentiert wird.
636 1738 2493 1874 Deim Msanker ist das Element des Anbegreif
636 1857 2481 2029 lichen, der unerklärlichen Schönheit insbe-
633 1993 2261 2151 sondere, am wesentlichsten ausgeprägt.
614 2129 2385 2292 Den Erzeugnissen aller Künste, können wir
614 2251 2450 2423 von verschiedener Seite her durch den Ver-
614 2400 2371 2553 stand nahekommen.Je des Kunstwerk enthält
605 2502 2507 2679 Elemente der Verstandeswelt.Es ist ein Musi-
600 2639 2371 2808 ker zu denken, der wirklich singt,wie der
595 2756 2366 2899 Vogel singt mit völliger Unmittelbarkeit
593 2887 2502 3047 aus der tiefsten Tiefe seines Wesens heraus.
588 3016 2383 3191 Er braucht an keinerlei Matorial gebunden
578 3157 2347 3332 zu sein (in der Idee),während sowohl der
