2952 3592
473 543 1065 702 Zum Diagramm.
470 638 2190 823 Das Gesetz der unüberschreitbaren Linie
482 792 2409 950 spricht keine swegs gegen die Fortentwicklung
470 931 1939 1070 der Menschheit und des Einzelnen.
470 1055 2302 1240 Ist der Weiterantwicklung nicht unendlich
458 1211 1506 1369 viel Spielraum gegönnt?
485 1274 2444 1479 Ist auch die Geistesverfassung unveränderlicht
451 1433 2200 1615 51o kann sich zweifellos intensivieren.
482 1576 2141 1752 Die Begabungen sind entwieklungsfähig.
487 1705 2380 1883 Die Seelenzustände, var allem die Charakter-
487 1830 2215 2017 an lagen, sind den Zeistungen förderlich.
490 1976 2383 2141 Die leistungen, von nei sie auch kommen, wer-
497 2073 2353 2249 den von der nächsten Generation übenommen.
