2920 3512
2335 270 2469 442 16
1233 399 1554 500 Poliliten
1030 419 2408 571 Der Politizist ist der Streber,
725 566 2522 716 der seine kleinen Interessen niemals dem
740 691 2518 841 Vaterland aufopfert und die grosse Sache-
740 816 2511 977 immer nur zufällig fördert. Es kommt ihm
740 966 2469 1088 wie allen Unmenschen nur auf den Erfolg
734 1066 2431 1222 des Augenblicks an; er ahnt gar nicht,
743 1195 2433 1358 wie gleichgültig: ihm der Nachruhm ist,
745 1338 2413 1470 trotzdem er scheinbar ruhmsüchtig ist,
740 1450 2464 1644 aberser fastt den Begriff des Ruhmes,wie
743 1590 2444 1730 alle Ummenschen nur in der niedrigsten
752 1762 1204 1896 Bedeutung.
