2952 3592
2396 240 2681 394 1916
524 409 2396 572 Nichtig bei der Beurteilung eines Menschen
524 537 2506 684 sind nicht seine Eigenschaften, deren Entwick-
532 664 2341 814 lung im Allgemeinen Zufalsssache ist, (wie
2209 741 2449 869 sohl
527 801 2389 949 denn in den meisten Menschen die Keing zum
532 921 2391 1098 Heldentum und zur Feigheit vorhanden sind)
532 1043 2521 1213 sondern die Nurzel seines Nesens. Diese pfle-
539 1186 2519 1358 gen in einer Tiefe zu liegen, dass sie mit dem
539 1286 2391 1473 Verstände kaum zu erfassen sind. Daher ikt
532 1410 2536 1613 Menschenkeuntnis vielmehr eine Sacheder Intui
537 1573 1560 1725 tion als der Erfahrung.
