2904 3512
231 181 470 391 el
394 394 2736 575 Für die Vertreter der zweittn Gruppe ist exarat
412 558 899 698 teristisch:
406 634 2529 861 Onsachlichkeit, Vorwiegen der persönlichen In-"
412 812 1031 955 teressen,lüge.
397 894 2409 1113 Der Politiker will den sjeg in Zeillichen, Er-
403 1057 1028 1218 fol4;Carrière.
397 1180 2505 1367 Der Journalist Wirkung für den Augenblick, Aktua-
406 1346 683 1472 lität.
412 1451 2497 1624 Der Literat sensation in jedem sinn, will sie em-
415 1588 1507 1749 pfinden, will sie erregen.
400 1685 2502 1878 Alle die se nrei, scheinbar im Lehen stehend, sind
412 1834 1571 1977 gewissermassen lebensfern.
418 1942 2505 2140 Wie die erste Gruppé sich eipfelt zum Propchetn
403 2085 2403 2260 tum, so zipfelt die zweite Cruppe im Nezativen
420 2210 2228 2368 zur Lausbüberei (hiefür gibt es„noch kein
409 2380 990 2517 Schriftwort).
418 2488 1378 2648 Die erste Gruppeildee,
400 2610 1612 2780 die zweite Gruppe: Materie.
409 2736 2502 2902 Die erste Gruppe Meuschen, die zweite Inmenschen
403 2865 2500 3043 Die erste zeitlich bedingt, die zweite räumlich.
400 2993 2394 3171 Die erste ins Ewige und Unändliche gerichtet,
