2952 3608
536 379 949 546 Diagramm.
536 538 2358 752 In den zwei Typen oberhalb der Diagramme,
529 698 2383 856 also bei Prophet und bei Tückebold,hat die
516 814 2493 1025 Geistesverfassung gleichsam eine Neigung sich
534 929 1030 1087 aufzulösen.
524 1045 2410 1266 Gewisse Seelenzustände gewinnen eine solche
516 1185 2422 1382 Macht, dass sie gleichsam für die Geistesver-
521 1325 2282 1510 fassung eintreten und in ihrem Sinue als
1913 1502 2115 1593 3
516 1446 1232 1610 Richtung wirken.
511 1571 2309 1783 Glaubenskraft für den Propheten,Tücke für
511 1706 2272 1851 den Tückebold gewinnen solche racht, dass
507 1829 2397 2038 sie nicht nur soelisch, sondern auch geistig
497 1967 1495 2122 bedeutungsvoll werden.
489 2080 2373 2284 Bosheit und Besessenheit bedingen hier die
487 2218 2459 2410 Einstellung des Geistes zu Helt,wie sonst tur
489 2351 1561 2486 die Geistesverfassungen.
479 2476 2451 2697 Hier wirkt das Dämonische, resp. das Satanische
484 2594 861 2749 an sich.
479 2687 2439 2931 Der Prophet, der absolut dänonische, der Tücke-
484 2857 2026 3064 bold, der absolut satanische Mensch.
