2936 3592
432 263 891 479 keit
1159 392 1486 576 Feiglin
596 509 2456 638 Der geborene Held ist gewiss so selten wie
600 625 2486 816 der geborene Feiglne. Der geborene Verbre-
1873 747 2377 863 M Richler es
603 782 2352 935 cher so selten wie der geborenePolzist.
598 903 2449 1062 Es ist in den seltensten Fällen eine Frage
605 1027 2397 1208 der Berufing, der inneren Berufung, auf wel
598 1141 2595 1337 cher seite wir irgend ein Individuum finden,-
600 1293 2509 1464 ob auf der Heldeu-oder der Feiglingseite, der
610 1409 2551 1586 Polizisteu-oder Verbrecherseite, bei der Reck-
1563 1521 1861 1593 inden.
610 1558 2447 1712 tion oder bei der Revolution, Eigenschaften
600 1667 2404 1836 in ihrer wirklichen Bedeutung sind ebenso
591 1811 2352 1985 selten wie Telente (und Talente sind viel
603 1923 2556 2134 seltener als im zllgemeinen angenommen wird.)
