2968 3592
665 524 1259 682 zum Diagramm.
651 649 2335 831 Die Einwendung, dass ich dem Moment der
651 800 2419 951 Entwicklung keinen genügenden Raum gebe.
663 913 2518 1062 Ich leugne nur die Möglichkeit eines Ueber
658 1023 2470 1223 gangs einernegativen in eine positive Cei-
646 1165 2422 1312 stesverfassung.Die Trennungslinie bleibt.
646 1285 2575 1451 unüberschreitbar. hehh
644 1420 2443 1590 Aber möglich ist vor allem Intensivierung
634 1562 2145 1679 der angeborenen Geistesverfassung.
627 1679 2513 1823 Es ist. ferner der höllische Hauch in seiner
613 1843 2364 1992 Dichtigke it keineswegs konstant bei den
637 1927 2359 2126 Typen der positiven Seite. Er kann sich
627 2066 2362 2249 unter Amständen verflüchtigen,natürlich
634 2215 1355 2345 auch verdichten.
615 2297 2405 2508 Es kann sich die Sehnsucht der negafivon
610 2458 2508 2648 Typon, die Einsicht in das eigene Neyen stet
620 2600 877 2748 gern.
613 2693 2477 2888 Die Begabungen sind beinahe duruhwegs ent-
603 2864 1285 3003 wicklung sfähig.
608 2950 2419 3133 Die Seelenzustände, sowohl die verhältnis-
586 3111 2345 3294 wä sig konstanten, insbesondere aber die
