<?xml version="1.0" encoding="UTF-8" standalone="yes"?>
<PcGts xmlns="http://schema.primaresearch.org/PAGE/gts/pagecontent/2013-07-15" xmlns:xsi="http://www.w3.org/2001/XMLSchema-instance" xsi:schemaLocation="http://schema.primaresearch.org/PAGE/gts/pagecontent/2013-07-15 http://schema.primaresearch.org/PAGE/gts/pagecontent/2013-07-15/pagecontent.xsd">
    <Metadata>
        <Creator>prov=READ-COOP:name=PyLaia@TranskribusPlatform:version=2.7.0:model_id=50870:lm=none:date=22_01_2024_21:10</Creator>
        <Created>2023-09-27T14:40:55.573+02:00</Created>
        <LastChange>2024-01-22T21:10:28.023+01:00</LastChange>
        <TranskribusMetadata docId="1589065" pageId="60126234" pageNr="47" tsid="145642001" status="IN_PROGRESS" userId="40391" imgUrl="https://files.transkribus.eu/Get?id=BXNGYKKBPLCNGNBYKCGMFOHW&amp;fileType=view" xmlUrl="https://files.transkribus.eu/Get?id=LGJMGXMVOODUAONNRXDGLEUC" imageId="48551310"/>
    </Metadata>
    <Page imageFilename="1589065_0047.jpg" imageWidth="2952" imageHeight="3592">
        <ReadingOrder>
            <OrderedGroup id="ro_1711788285941" caption="Regions reading order">
                <RegionRefIndexed index="0" regionRef="tr_1"/>
                <RegionRefIndexed index="1" regionRef="tr_2"/>
            </OrderedGroup>
        </ReadingOrder>
        <TextRegion orientation="0.0" id="tr_1" custom="readingOrder {index:0;}">
            <Coords points="271,1997 271,2153 554,2153 554,1997"/>
            <TextLine id="tr_1_tl_1" custom="readingOrder {index:0;}">
                <Coords points="257,2120 316,2117 345,2137 379,2120 448,2156 487,2151 519,2129 548,2134 548,2007 487,2007 465,1992 438,2012 409,2002 392,2019 350,2009 328,2029 257,2029"/>
                <Baseline points="271,2100 296,2100 322,2100 348,2101 373,2103 399,2103 425,2103 451,2103 476,2102 502,2101 528,2099 554,2097"/>
                <TextEquiv>
                    <Unicode>wohl</Unicode>
                </TextEquiv>
            </TextLine>
            <TextEquiv>
                <Unicode></Unicode>
            </TextEquiv>
        </TextRegion>
        <TextRegion orientation="0.0" id="tr_2" custom="readingOrder {index:1;}">
            <Coords points="402,255 402,2419 2717,2419 2717,255"/>
            <TextLine id="tr_2_tl_1" custom="readingOrder {index:0;}">
                <Coords points="389,357 465,370 551,355 592,365 644,338 729,348 749,255 702,225 627,255 560,257 470,294 404,277"/>
                <Baseline points="402,355 428,353 454,352 481,352 507,350 533,345 560,331 586,324 613,319 639,313 665,309 692,305 718,302 745,298"/>
                <TextEquiv>
                    <Unicode></Unicode>
                </TextEquiv>
            </TextLine>
            <TextLine id="tr_2_tl_2" custom="readingOrder {index:1;}">
                <Coords points="494,536 521,543 538,529 546,531 565,512 590,521 614,504 627,509 644,504 651,406 607,409 585,396 573,399 563,384 553,384 534,367 524,374 509,370"/>
                <Baseline points="513,504 539,500 566,496 593,491 620,491 647,495"/>
                <TextEquiv>
                    <Unicode></Unicode>
                </TextEquiv>
            </TextLine>
            <TextLine id="tr_2_tl_3" custom="readingOrder {index:2;}">
                <Coords points="590,673 1155,693 1241,661 1402,724 1672,651 1936,658 1987,698 2117,649 2401,666 2381,543 1860,602 1363,563 1246,624 1023,602 945,546 592,580"/>
                <Baseline points="605,668 695,668 785,666 875,667 965,665 1055,663 1145,664 1235,660 1325,657 1415,656 1506,659 1596,651 1686,653 1776,650 1866,647 1956,649 2046,644 2136,641 2226,641 2316,641 2407,653"/>
                <TextEquiv>
                    <Unicode>Es hat mir die Gläubigen immer verdächtig</Unicode>
                </TextEquiv>
            </TextLine>
            <TextLine id="tr_2_tl_4" custom="readingOrder {index:3;}">
                <Coords points="595,815 2470,808 2443,700 2191,690 2051,729 1860,685 1138,756 783,702 595,751"/>
                <Baseline points="608,808 701,798 794,796 888,796 981,796 1075,794 1168,791 1261,790 1355,787 1448,784 1542,784 1635,783 1728,781 1822,779 1915,777 2009,775 2102,772 2195,770 2289,769 2382,766 2476,769"/>
                <TextEquiv>
                    <Unicode>gemacht, dass sie den Zweifel als einen Cha-</Unicode>
                </TextEquiv>
            </TextLine>
            <TextLine id="tr_2_tl_5" custom="readingOrder {index:4;}">
                <Coords points="605,942 1060,920 1434,974 1686,915 1909,957 2242,906 2430,935 2492,918 2494,800 2117,849 605,866"/>
                <Baseline points="617,930 711,924 805,924 899,921 993,919 1087,921 1181,918 1275,916 1369,916 1463,912 1557,912 1651,909 1745,908 1839,903 1933,903 2027,903 2121,900 2215,899 2309,897 2403,900 2497,903"/>
                <TextEquiv>
                    <Unicode>rakterfehleridie zweifler immer verdächtig,</Unicode>
                </TextEquiv>
            </TextLine>
            <TextLine id="tr_2_tl_6" custom="readingOrder {index:5;}">
                <Coords points="595,1072 957,1052 1045,1092 1525,1045 1767,1092 2095,1030 2391,1050 2452,1033 2455,959 1946,940 1735,991 1569,945 1446,999 1260,940 1155,1003 1003,952 827,1008 595,986"/>
                <Baseline points="608,1059 700,1054 792,1053 885,1050 977,1050 1069,1047 1162,1050 1254,1047 1346,1044 1439,1043 1531,1042 1623,1040 1716,1038 1808,1036 1900,1034 1993,1033 2085,1032 2177,1029 2270,1026 2362,1026 2455,1035"/>
                <TextEquiv>
                    <Unicode>dass sie den Glauben in jedem Fall für ein</Unicode>
                </TextEquiv>
            </TextLine>
            <TextLine id="tr_2_tl_7" custom="readingOrder {index:6;}">
                <Coords points="595,1204 668,1234 859,1180 1322,1212 1708,1167 1899,1199 2418,1150 2418,1109 2193,1060 2046,1111 597,1114"/>
                <Baseline points="608,1184 698,1181 789,1181 880,1180 971,1178 1062,1175 1153,1178 1243,1175 1334,1175 1425,1170 1516,1172 1607,1169 1698,1167 1789,1167 1879,1165 1970,1163 2061,1160 2152,1157 2243,1157 2334,1151 2425,1142"/>
                <TextEquiv>
                    <Unicode>Zeichen von Beschränktheit halten.Die Er-</Unicode>
                </TextEquiv>
            </TextLine>
            <TextLine id="tr_2_tl_8" custom="readingOrder {index:7;}">
                <Coords points="2247,1226 2281,1219 2288,1229 2303,1221 2315,1229 2330,1216 2362,1236 2403,1212 2418,1224 2455,1224 2457,1155 2433,1158 2418,1145 2389,1163 2377,1158 2350,1172 2310,1160 2288,1175 2249,1175"/>
                <Baseline points="2261,1214 2286,1214 2311,1214 2336,1213 2361,1212 2386,1210 2411,1208 2436,1209 2461,1211"/>
                <TextEquiv>
                    <Unicode>teben</Unicode>
                </TextEquiv>
            </TextLine>
            <TextLine id="tr_2_tl_9" custom="readingOrder {index:8;}">
                <Coords points="587,1319 1194,1378 1520,1314 2470,1290 2472,1219 2403,1214 590,1256"/>
                <Baseline points="602,1318 695,1314 789,1312 883,1310 976,1304 1070,1305 1164,1305 1257,1306 1351,1303 1445,1300 1539,1300 1632,1297 1726,1296 1820,1291 1913,1290 2007,1286 2101,1286 2194,1285 2288,1280 2382,1279 2476,1276"/>
                <TextEquiv>
                    <Unicode>fakrung lehrt, dass Glaube und zweifel weder</Unicode>
                </TextEquiv>
            </TextLine>
            <TextLine id="tr_2_tl_10" custom="readingOrder {index:9;}">
                <Coords points="1848,1366 2083,1346 2271,1371 2379,1341 2621,1395 2714,1371 2714,1285 2651,1302 2555,1263 2457,1307 1848,1309"/>
                <Baseline points="1861,1342 1903,1342 1946,1339 1989,1339 2032,1339 2075,1341 2117,1342 2160,1342 2203,1340 2246,1339 2289,1339 2331,1339 2374,1338 2417,1336 2460,1337 2503,1339 2545,1338 2588,1337 2631,1339 2674,1339 2717,1342"/>
                <TextEquiv>
                    <Unicode>dee</Unicode>
                </TextEquiv>
            </TextLine>
            <TextLine id="tr_2_tl_11" custom="readingOrder {index:10;}">
                <Coords points="587,1451 1743,1434 1850,1481 2403,1429 2379,1339 2210,1393 2056,1346 1767,1390 1522,1344 1417,1402 1373,1366 1189,1400 1067,1358 590,1383"/>
                <Baseline points="602,1443 692,1441 782,1438 873,1440 963,1438 1054,1436 1144,1435 1234,1433 1325,1432 1415,1432 1506,1429 1596,1429 1686,1427 1777,1423 1867,1423 1958,1420 2048,1417 2138,1417 2229,1417 2319,1411 2410,1417"/>
                <TextEquiv>
                    <Unicode>mit dem Geist noch mit dem Charakter viel</Unicode>
                </TextEquiv>
            </TextLine>
            <TextLine id="tr_2_tl_12" custom="readingOrder {index:11;}">
                <Coords points="595,1603 2443,1554 2443,1495 2139,1461 1848,1513 1444,1466 1165,1530 1013,1486 891,1530 597,1508"/>
                <Baseline points="608,1575 699,1572 791,1569 883,1566 975,1569 1067,1565 1159,1568 1251,1563 1343,1563 1435,1563 1527,1560 1618,1558 1710,1554 1802,1552 1894,1551 1986,1551 2078,1548 2170,1548 2262,1545 2354,1545 2446,1545"/>
                <TextEquiv>
                    <Unicode>zu tun haben. Es sind Seelenzustände. Daker</Unicode>
                </TextEquiv>
            </TextLine>
            <TextLine id="tr_2_tl_13" custom="readingOrder {index:12;}">
                <Coords points="1287,1664 1415,1625 1444,1640 1522,1625 1562,1640 1593,1620 1618,1640 1652,1640 1655,1562 1559,1562 1525,1591 1505,1579 1464,1601 1424,1566 1290,1596"/>
                <Baseline points="1300,1628 1325,1628 1351,1624 1376,1622 1402,1622 1427,1622 1453,1622 1479,1622 1504,1622 1530,1619 1555,1619 1581,1618 1606,1616 1632,1619 1658,1622"/>
                <TextEquiv>
                    <Unicode>getemn Fel</Unicode>
                </TextEquiv>
            </TextLine>
            <TextLine id="tr_2_tl_14" custom="readingOrder {index:13;}">
                <Coords points="639,1655 717,1628 891,1657 1285,1632 1285,1606 1207,1566 1109,1606 1013,1571 791,1591 742,1571 639,1606"/>
                <Baseline points="653,1622 684,1626 716,1627 748,1625 780,1628 811,1631 843,1633 875,1631 907,1631 938,1631 970,1631 1002,1631 1034,1633 1065,1634 1097,1634 1129,1632 1161,1630 1192,1628 1224,1628 1256,1628 1288,1628"/>
                <TextEquiv>
                    <Unicode>sind deher nichte</Unicode>
                </TextEquiv>
            </TextLine>
            <TextLine id="tr_2_tl_15" custom="readingOrder {index:14;}">
                <Coords points="583,1730 1265,1770 1650,1691 2254,1711 2372,1694 2374,1608 2137,1581 2012,1637 1282,1628 1067,1667 629,1625 583,1657"/>
                <Baseline points="596,1703 685,1700 774,1699 863,1697 952,1697 1041,1694 1130,1694 1219,1688 1308,1688 1397,1685 1486,1685 1575,1682 1664,1685 1753,1682 1842,1682 1931,1679 2020,1679 2109,1676 2198,1676 2287,1673 2377,1679"/>
                <TextEquiv>
                    <Unicode>müssan sie nicht einmal konstant soth,es</Unicode>
                </TextEquiv>
            </TextLine>
            <TextLine id="tr_2_tl_16" custom="readingOrder {index:15;}">
                <Coords points="587,1863 901,1838 1138,1892 1451,1816 2359,1823 2445,1809 2448,1745 2288,1721 2200,1774 2090,1740 1904,1774 1711,1713 1334,1774 972,1735 587,1787"/>
                <Baseline points="602,1834 694,1832 786,1831 879,1828 971,1828 1063,1825 1156,1822 1248,1822 1340,1822 1433,1815 1525,1813 1617,1816 1710,1815 1802,1810 1894,1810 1987,1805 2079,1804 2171,1801 2264,1801 2356,1798 2449,1798"/>
                <TextEquiv>
                    <Unicode>besteht immer nur eine Anlage zu dem einen</Unicode>
                </TextEquiv>
            </TextLine>
            <TextLine id="tr_2_tl_17" custom="readingOrder {index:16;}">
                <Coords points="2257,1875 2296,1870 2325,1887 2340,1872 2354,1870 2362,1877 2384,1870 2394,1880 2413,1877 2416,1804 2399,1799 2362,1823 2332,1816 2320,1826 2259,1804"/>
                <Baseline points="2270,1855 2299,1852 2328,1852 2357,1852 2386,1851 2416,1849"/>
                <TextEquiv>
                    <Unicode>wd</Unicode>
                </TextEquiv>
            </TextLine>
            <TextLine id="tr_2_tl_18" custom="readingOrder {index:17;}">
                <Coords points="1385,1887 2100,1870 2102,1818 2053,1811 1696,1838 1662,1816 1554,1848 1454,1818 1388,1831"/>
                <Baseline points="1402,1870 1437,1873 1472,1873 1507,1873 1542,1873 1578,1872 1613,1867 1648,1865 1683,1864 1718,1865 1754,1867 1789,1864 1824,1864 1859,1863 1894,1860 1930,1858 1965,1858 2000,1854 2035,1851 2070,1848 2106,1846"/>
                <TextEquiv>
                    <Unicode>diem declerpirter</Unicode>
                </TextEquiv>
            </TextLine>
            <TextLine id="tr_2_tl_19" custom="readingOrder {index:18;}">
                <Coords points="605,1985 1180,1958 1358,2009 1446,1958 1652,1943 1703,1978 1796,1938 2075,1992 2161,1941 2560,1965 2563,1828 2325,1887 2208,1831 2098,1892 1762,1877 1652,1916 1442,1875 607,1894"/>
                <Baseline points="617,1966 714,1963 811,1961 909,1957 1006,1957 1104,1957 1201,1954 1298,1954 1396,1951 1493,1948 1591,1942 1688,1937 1785,1940 1883,1938 1980,1936 2078,1931 2175,1933 2272,1932 2370,1930 2467,1922 2565,1918"/>
                <TextEquiv>
                    <Unicode>oder zu dem andern.Aher cehiekeale könnentet</Unicode>
                </TextEquiv>
            </TextLine>
            <TextLine id="tr_2_tl_20" custom="readingOrder {index:19;}">
                <Coords points="1442,2019 1495,1992 1532,2009 1686,2000 1740,2027 1796,1992 1946,2012 1946,1948 1926,1943 1796,1938 1708,1973 1659,1948 1442,1970"/>
                <Baseline points="1455,1995 1481,1992 1507,1989 1533,1989 1559,1989 1585,1989 1611,1989 1637,1989 1663,1989 1689,1989 1716,1989 1742,1991 1768,1994 1794,1990 1820,1986 1846,1988 1872,1989 1898,1989 1924,1989 1951,1989"/>
                <TextEquiv>
                    <Unicode>pecus lisiten</Unicode>
                </TextEquiv>
            </TextLine>
            <TextLine id="tr_2_tl_21" custom="readingOrder {index:20;}">
                <Coords points="573,2100 1043,2112 1165,2154 1356,2090 2541,2068 2521,1995 2252,2014 2127,1968 1965,2036 1799,1990 1755,2027 952,2005 573,2046"/>
                <Baseline points="587,2097 684,2093 782,2091 880,2088 978,2088 1076,2085 1174,2086 1271,2085 1369,2082 1467,2079 1565,2076 1663,2073 1761,2073 1859,2070 1956,2070 2054,2067 2152,2064 2250,2064 2348,2061 2446,2059 2544,2061"/>
                <TextEquiv>
                    <Unicode>aus dem. Gläubigen einen Zweifler und aus den</Unicode>
                </TextEquiv>
            </TextLine>
            <TextLine id="tr_2_tl_22" custom="readingOrder {index:21;}">
                <Coords points="595,2257 886,2222 1104,2266 1165,2230 1689,2210 1811,2276 1911,2225 2247,2193 2418,2242 2391,2122 2276,2159 1437,2122 1241,2166 597,2151"/>
                <Baseline points="611,2222 701,2222 792,2219 883,2219 973,2219 1064,2214 1155,2212 1245,2213 1336,2210 1427,2210 1518,2210 1608,2208 1699,2207 1790,2204 1880,2204 1971,2198 2062,2195 2152,2195 2243,2192 2334,2195 2425,2201"/>
                <TextEquiv>
                    <Unicode>Zweifler einen läubigen macken. ge-l</Unicode>
                </TextEquiv>
            </TextLine>
            <TextLine id="tr_2_tl_23" custom="readingOrder {index:22;}">
                <Coords points="1943,2435 2056,2452 2132,2416 2208,2425 2239,2408 2271,2423 2323,2391 2411,2413 2413,2328 2340,2308 2271,2325 2186,2286 2144,2301 2110,2279 1946,2315"/>
                <Baseline points="1957,2398 1982,2396 2008,2398 2033,2397 2059,2395 2084,2392 2110,2389 2135,2391 2161,2391 2186,2389 2212,2390 2237,2392 2263,2390 2288,2389 2314,2389 2339,2390 2365,2392 2390,2391 2416,2389"/>
                <TextEquiv>
                    <Unicode>(Liogieu</Unicode>
                </TextEquiv>
            </TextLine>
            <TextEquiv>
                <Unicode></Unicode>
            </TextEquiv>
        </TextRegion>
    </Page>
</PcGts>
