2968 3512
587 315 2511 512 Der einfache. Meusch lebt sein Dasein hin.Der
595 462 2491 630 literat erfreut sich an den peflexen des Da-
577 587 2589 760 seius.Dem Dichter,der sich an diesen Reflexen.
592 705 2496 882 gleichfalls freut,wird von ihnen aus das Da-
587 845 2081 1017 sein zum zweiten Male beleuchtet.
585 972 2471 1149 Von den Dreien mag der Literat zuweilen der
602 1094 2429 1269 grögste Artist oder auch Künetter sein und
585 1237 2551 1399 doch ist er sowoht dem Leben xakxExxExxGekt
580 1367 2306 1524 ferner als der Rdekkarxundxdar äinfache
632 1474 2456 1664 Mensch und der Kunst ferner als der Dich-
592 1677 782 1799 ter.
