2952 3592
618 507 2646 724 Zweierlei Arten vonsatyrikem, wie von rritt-
615 706 2586 883 kern Die einen in das positived, die andern in
598 832 1829 969 das negative Gebiet gehörig.
605 954 2588 1115 Man könnte sich dahin einigen, dass man für den
583 1082 2472 1221 Gegentyp des Kritikers den Namen Rezensent,
590 1223 2558 1370 für den Gegentyp des Satyrikers das, Wort Fam-
598 1344 1254 1483 phletist wähle.
633 1493 2472 1630 Aber kà gerade hier ist der positive Typus
585 1612 2449 1753 auf das Handwerkzeug seines Gegenparts spo-
595 1746 2437 1846 sehr angewiesen,dass nur unser leichtirren-
588 1869 2510 2031 des Gefühl zu entscheiden vermöchte; wohin er-
600 2000 863 2121 gehört
573 2081 2442 2245 Es gibt verhältnismässig bedeutende Litera-
575 2253 2510 2391 ten und verhältnismässig kleine Dichter, wenn
568 2374 2528 2543 diese auch dem Propheten und Gott näher sind,
570 2487 2500 2666 ihr Blick reicht nicht bis hinauf.Vielleicht
573 2613 2374 2790 bisweilen ihre Ahnung.Sehnsucht, unter den
570 2750 2538 2926 negativen Typen äussert sich in verschiedener
575 2876 2533 3045 art.Nicht nur als Verbitterung,Weid und Hass,
565 3017 2568 3216 sondern auch als guter Mille und hohes Streben
