2936 3496
1015 425 1434 523 (Haalinen
798 446 2348 590 Der Politiker hat ein tatsächliches-
838 567 2442 729 durch Iesse bedingtes Verhältnis
842 715 2515 875 zum Weltbild, insoweit es durch den in
854 863 2442 967 neren Zustand seines eigenen Staates
856 979 2411 1109 und die Beziehung dieses Staates zu
854 1098 2359 1242 den andern Staaten bedingt ist. Er-
854 1236 2478 1386 hat den Wunsch sein Vaterland zu för-
863 1361 2459 1504 dern,er will irgend etwas, was nichts
863 1482 2509 1638 mit ihm selbst zu tun hat, selbst wenn
859 1617 2498 1763 er ehrgeizig und eitel ist,er ist im-
875 1740 2503 1884 stande für seine Idee zugrunde zu ge-
867 1873 2425 2023 hen auch ohne Löhn und als Namenlo-
877 2000 2534 2146 ser,während die Ummenschen den Tod im
884 2167 2386 2315 mer nur aus einer Eitelkeit heraus
881 2307 1363 2488 verachten.
