2936 3496
790 414 2572 580 durch die Gegensätze sachlich-unsachlich,
795 567 1853 711 wahr-unwahr, frei-unfrei.
793 684 2433 819 Geradeso aber wie es möglich ist, dass
801 801 2479 978 die Typen der Gruppel in ihren bedeu-
804 936 2471 1118 tenden Momenten die entsprechenden Ty-
808 1058 2524 1200 penonNummer 2 vortäuschen, so kann es
804 1187 2546 1339 geschehen, dass die Typen der Gruppe 2 in
793 1304 2513 1474 schwächeren oder unglücklicheren Momen-
804 1454 2471 1594 ten in die Typen der Gruppe l hinabzu-
797 1578 2471 1709 sinken scheinen. Immer nur scheinen.Der
795 1707 2440 1857 Kenner wird sich nicht irren. Nur ist
797 1835 2537 1977 hier wieder zu bedenken, dass der ideale
804 1966 2519 2112 Kenner nicht existiert. Wir müssen also
788 2085 1895 2289 hier Gott substituieren.
