2952 3608
2402 279 2599 415 22
381 319 815 527 Lian/ Si
650 493 2568 703 Nort und rat können vorhänden sein, auch ohre
650 610 2359 803 dass der Geigt sich in ihnen ausdrückt.
653 743 1977 943 Stimmt das auch für die Natur?
658 858 2418 1015 Kunst: dort wo die Natur zum Geist wird.
693 984 1580 1094 Augeati ici srastreten
679 1005 2409 1153 In der Kunst wohnen wir der Geistwerdung
658 1175 1251 1327 der Natur bei
662 1222 2435 1387 Ge ist ohne Natur vorstellbar. Ob auch Na-
667 1430 1332 1541 tur ohnerGeist?
667 1501 2568 1665 ner seist steht unter Gesetzenwie die Natur.
672 1622 2406 1811 Doch der Geist ist fres, die Natur nicht.
665 1768 2359 1954 Sowohl Geist wie Natur stehen unter Ge-
665 1875 2533 2087 setzen, doch die Natur ist ihnen bedingungs-
681 2044 2475 2168 los unterworfen,während der Geist mit den
667 2151 1501 2356 Gesetzen spielt. (
677 2259 2504 2490 Die Nat ur hat niemals die Mahl, sie ist un-
674 2413 1732 2642 frei, der beist ist frei.
