2952 3592
615 499 2495 666 nualisten und Aktual isten nicht misszuverstehen.
615 663 792 784 Ist.
621 747 2565 921 Es steht deutlich da, dass ich die Worte "Histori-
618 893 2306 1024 ker" und "Journalist" für Kontinual ist und
618 1027 2611 1186 Aktual ist als Bezeichnungen der betreffenden Trpen-
623 1140 2449 1319 darum gewählt habe, weil sie gebräuchlicher- und
704 1304 1312 1463 ingängiger sind.
699 1403 2558 1577 denso deutlich und nu öfteren Malen steht zu le-
633 1539 2439 1688 sen, dass die journalistische Geistesverfassung
623 1665 2525 1816 und der journalistische Beruf und journalisti-
631 1801 2533 1940 sche Begabung keineswegs identisch seien, ja, dass
618 1927 2570 2096 der journalistische Geisteszustand,ebenso wie die
631 2073 2649 2220 journalistische Begabung zum journalistischen Beruf
621 2159 2190 2369 wohl disponiert, aber sich nicht decktzn
631 2328 2495 2490 Immer wieder höre ich, dass ich die Igurnalisten
613 2429 2565 2601 als Berufsleute unterschätze, ja sogar herabsetze,
623 2583 2654 2742 obzwar ich ausdrücklich sage, dass gerade der grosse
628 2717 2490 2861 Journalist, der Geistesverfassung nach, öfters zu
618 2850 2502 3009 den Historikern (Kontinualisten), eventuell auch
623 2987 2601 3146 Staat sminnern oder- Philosophen gehöre, niemals aber
573 3125 1392 3287 zu den Aktualisten.
