2936 3592
650 490 1172 680 Zum Diagramm.
654 607 2443 796 Nochmals sei wiederholt: nicht ich bin es, der
652 751 2537 906 wertêt, zum mindesten innerhalb dieses Diagramms.
664 890 2436 1026 Nur die Sprache wertet, das Sprachgebrauch,un-
654 974 2481 1179 sere anerzogene Art sakort zu werten schon inf
650 1142 2448 1323 dem wir bezeichnen. Die Ordnung im Raume ver-
683 1259 2559 1431 langt es, dass ich oben und unten sage. Ich hät-
661 1391 2464 1549 te am Ende die Dreiecke auch umkehren können,
664 1525 2436 1706 aber das hätte die Verwirrung nur gesteigert.
723 1765 2533 1911 ie Wertung hat ungefähr dieselbe Bedeutung, wie
974 1862 2591 2022 tung durch Leute, die nicht an den fröfen
711 2043 2375 2151 illen glauben. Auch der Determinist kann
996 2137 2504 2264 Worten gut und schlecht,bewundernswert
694 2283 2547 2422 und verächtlich etc. nicht absehen,wenn er sich
676 2396 2573 2540 überhaust verständlich machen will. Doch kann er
685 2502 2502 2688 selbstverständlich, da er jede Handlung für de-
683 2648 2507 2789 terministisch bedingt hält,keineswegs wirklich
694 2815 1685 2947 verachten oder bewundern.
