3016 3656
2198 327 2511 528 Latter
1024 577 2664 754 sagen so viel freundliche und schöne Dinge
591 714 2639 910 über mein Buch und mich, dass es mir beinahe kindisch
577 853 2688 1016 erscheint auf ein oder das andere zu erwiedern,wo mög-
1367 994 2375 1171 verständnis walten könnte.
2116 1103 2405 1190 (recse in
1351 1147 2549 1291 das, was Sie Angriffe gegen den
1356 1245 2541 1400 en.(Gegen den-Feuilletonismus
381 1245 518 1392 1
610 1237 1272 1465 fa hust Lolte
1356 1384 2740 1563 lleton und nicht gegen defreuille.
1351 1588 2754 1800 erstanden mit meiner Auffassung dasi
1346 1773 2443 1939 rreiberei, sagen wir, ruhig die
1340 1923 2484 2046 liesslich um der Sache, sondern
1337 1991 2754 2212 fortunismus, Witz, Sympathie, Antipathie
1381 2201 1528 2332 ies
1329 2274 2677 2462 las sage ich. Doch wo sage ich, dass
1681 2383 2059 2468 infiziere.
749 2416 2522 2582 uvrin ue urzierten xex? Ho nehme ich
684 2525 2628 2710 dass die schlimmsten Feuilletons in den Zeitungen
689 2672 1724 2811 nicht im Leben erscheinen?
885 2792 2552 2963 Sie KahxuptanxEEEx sagen, der Unterschied
542 2898 2495 3105 ipt nur der: die Opporstunisten und Schwätzer unter
542 3067 2353 3222 den Feuilletonisten brandmärken sich, da sie ja
2048 3170 2530 3268 asnoium he u
526 3179 2716 3424 sfientlich reuilietons schreiben selbst; die opportunis-
