2952 3592
428 438 1016 600 Zum Diag ramm.
433 583 2460 727 Es gübt Uebergänge zwischen den Individualitä-
431 694 1926 841 ten, aber nicht zwischen den Typen.
431 798 2288 1003 Es gibt selbstverständlich eine unendliche
433 958 2379 1130 Reihe von. Individuen und man kann sie in ver-
433 1082 2245 1262 schiedenster Weise aneinanderreihen, nicht
438 1211 2473 1411 nur nach, den reistesverfassungen, sondern auch -
436 1333 2258 1508 nach den gegabungen, nach den inlagen;näch
433 1480 1497 1655 dter Lebstungsfähigkeit.
438 1573 2331 1769 Aber auch im individuum ist die Geistesver-
438 1753 2065 1900 fassung als solche streng abgegrenzt.
436 1956 2298 2159 Man könnte von einem Kanbinisten, richtiger
438 2149 1586 2329 Assozlationisten sprechen.
