3000 3656
1919 431 2342 617 Lothar 5
612 593 2722 798 geraleso wie der Seelenzustand des Teuilletonisten zum
590 738 2644 962 Beruf des Feuilletonisten? Sage ich nicht weiterhin,
2169 892 2380 962 clti be
588 846 2695 1062 dass der sogenannte grosse Journalist (der ebenso oft.
590 1000 2655 1218 Teuilletonist, wie er Leitartikelschreiber sein kann)
582 1127 2660 1323 kaum jemals den Urtypus Journalist, sohiern häufig den
2528 1294 2851 1404 77
582 1245 2426 1458 Typus HisDichter, gelgentlich
569 1380 2110 1558 auch den Tynus Politiker reprsentiert?
906 1507 2498 1714 Ich habe mir bisher eingebildet deutlich
552 1606 2523 1835 genug, ja überdeutlich gewesen zu sein. Es scheint
547 1754 2590 1967 nun doch, dass ich mich trotz allen redlichen Bestre-
544 1889 2655 2140 bens nicht so klar ausgedrückt habe als ich hätte müs-
542 2021 720 2143 sen.
922 2159 2461 2355 Auch in dem Kapitel Ahnungen und Fragen
520 2277 2566 2509 scheint mir dergleichen pagsiert zu sein, sonst könn-
528 2407 2498 2633 ten Sie darin nicht rational verneindenBemerkungen
509 2531 2679 2773 über Gläubigkeit und die Existenz eines höchsten Wegens-
1137 2660 1326 2757 mus
509 2665 2364 2876 finden. Ich brauche einfach nur die Nummern der
504 2784 2509 3005 Aphorismen hieher zu setzen, in denen meine Stellung
499 2932 2528 3145 zu dem was Sie höchstes Wesen nennen, also zur Gott-
480 3056 2576 3285 heit, zum ewigen grossen Rätsel oder zur Unendlichkeit
477 3175 2353 3436 wenn Sie wollen, mit Mlarheit zum Ausdruck komnt.
