2952 3592
513 504 2280 685 Nicht nur in den Geistesmenschen ist der
516 611 2433 817 Geist wirksam,der Geist ist in allem Bewuss-
518 802 1330 945 ten lebendigen da.
516 857 2239 1072 Erst wenn der Geist eine ganz bestimmte
523 1012 2361 1201 Richtung annimmt, verdichtet sich gewisser-
518 1113 2290 1330 massen das geistige Element zu der soge-
516 1256 2428 1464 nannten Geistesverfassung. Die bestimmte Be-
520 1385 2371 1597 ziehung, in die das Individuum zur Wekt und
518 1521 2380 1721 zu sich selbst gestellt ist, ist das Charak-
520 1669 1941 1877 teristische des Geistesmenschen.
520 1898 2438 2096 der Künstler nimmt eine ganz besondere Stel-
523 2032 2290 2244 lung ein.Es wurde schon gesagt, dass -der
554 2161 2366 2376 Künstler als solcher nicht Geistesmensch,
518 2290 2430 2512 er kann irgend eine Geistesverfassung haben,
523 2421 2306 2633 kan abgesehen von seinem spezifischen Te-
520 2564 2371 2770 lent, Philosoph,Historiker, auch Dichter und
525 2679 2383 2886 noch manches andere sein, aber die musikali-
518 2812 2433 3020 sche Einstellung zur Melt ist dicht beistes
520 2934 2423 3156 verfessung.Hier scheint der Moment, wo Geist
525 3118 1316 3304 in Natur übergeht.
