2872 3432
254 252 499 437 6 1815
557 455 1241 586 Feuilletonismus.
545 589 2400 706 Als Paradigma.Der Gruss Bahrs an Hofmanns-
545 721 2505 899 thal im Neuen Niener Journal, Beginn des Krie-
555 860 740 973 ges.
547 973 2317 1119 Ersendet ihm Grüsse an-Biwakfeuer, in. den
535 1100 2348 1232 Kanonendonner, indess ist F. im Ministerium
560 1237 2317 1390 (entweder weiss es Bahr oder er hat sich
533 1339 1266 1508 nicht ordentirt.
533 1471 2341 1642 Er möge in Warschau Poldi Andrian grüssen
511 1620 2268 1760 (Als wäre der Einmarsch in Warschau für
574 1747 2287 1901 morgen bevorstehend und als wüsste Bahr
530 1872 2466 2011 nicht, dass der österreichische Generalkonsul-
523 1975 2417 2168 während des Krieges nicht in Warschau leben
518 2146 789 2256 wird.
518 2236 2290 2414 Und Poldi wird mit seiner heissen Stimme
525 2390 2490 2544 Verlaine sche Verse vortragen (es gibt nichts
516 2512 2146 2695 Trockeneres als die Stimme Andrians).
