2872 3432
2347 135 2576 320 1810
499 531 1596 639 zum Kapitel Journalismus.
507 708 2389 861 Im Altenberg-Buch schreibt Frau Schmarzwald
494 843 2413 1004 über P.A. s ehrliches Begräbnis.Darin heisst
486 949 2410 1136 es u.a. „Das ganze offizielle mien fehlte wie
484 1099 2373 1239 e in Mann.Ke in Andichter von bedeutendem Na-
489 1218 2370 1374 man hatt den Mut aufgebracht zu erscheinen.
481 1334 2473 1501 Eine Pauschalverdächtigung,die unfass,bar ist
489 1464 2465 1641 und von der Frau S. niessagen könnte, gegen wen
484 1601 2465 1765 sie sich richtet. Jedenfalls könnte sie alles
484 1704 2550 1892 ableggnen. Würde sich einer der wirklichen Dich
499 1844 2481 2000 ter mellen, so könnte sie antworten: „xikxsprach
510 1982 2492 2132 ja nur von Hudichtern, sie sind nicht gemeint.“
502 2106 2381 2249 Undichter-gibt es aber Tausende.Sie wünscht
502 2217 2384 2413 klerer Weise, denn wo blbe sonst der Pffekt
486 2368 2349 2502 dass dem leser irgetidwelche bekannte Hamen
494 2463 2621 2648 eHfieten, Besitzer von Namen einfielen, denen alei
502 2600 1216 2679 memnctonidel
489 2635 2344 2783 der Mut gefehlt hat bei jenem Begräbnis zu
489 2738 2418 2915 erscheinen. Hätte ein solches erscheinen mit
499 2870 2479 3065 Mut das Allergeringste zu tun? Will sie damit
492 3005 2347 3182 aus drücken, dass die Nichterschienenen sich
