2968 3608
433 293 1018 520 smn Kor.) Rel
544 513 1958 696 Marum Schewen an sich verwerfönt
537 667 2374 851 Ein Schema ist nicht leben, aber es ist Mir
549 815 943 948 lichkeit.
532 885 2449 1090 Auch das Skolett ist nicht leben, aber es ist
539 1056 1134 1216 Wirklichkeit.
532 1175 2415 1371 Märe niewals ein menschlicher leib zu Staub
539 1334 2456 1463 zerfallen,so wis sten wir nichts vom Skelett,
527 1446 2466 1586 könnten aber aus der Form,aus den Bewegungen
534 1574 1731 1707 auf das Skelett schliessen.
525 1670 2309 1854 Ein Schena von Typen wird sichtbar, indem
542 1820 2425 1951 das blühende Leben von ihm abfällt.Das ist
554 1941 2251 2156 ke in Einwand gegen die Wirklichkeit des
525 2091 887 2248 Schemas.
