<?xml version="1.0" encoding="UTF-8" standalone="yes"?>
<PcGts xmlns="http://schema.primaresearch.org/PAGE/gts/pagecontent/2013-07-15" xmlns:xsi="http://www.w3.org/2001/XMLSchema-instance" xsi:schemaLocation="http://schema.primaresearch.org/PAGE/gts/pagecontent/2013-07-15 http://schema.primaresearch.org/PAGE/gts/pagecontent/2013-07-15/pagecontent.xsd">
    <Metadata>
        <Creator>prov=READ-COOP:name=PyLaia@TranskribusPlatform:version=2.7.0:model_id=50870:lm=none:date=22_01_2024_21:10</Creator>
        <Created>2023-09-27T14:40:51.535+02:00</Created>
        <LastChange>2024-01-22T21:10:20.316+01:00</LastChange>
        <TranskribusMetadata docId="1589065" pageId="60126039" pageNr="6" tsid="145641960" status="IN_PROGRESS" userId="40391" imgUrl="https://files.transkribus.eu/Get?id=GQATYQVBFFHCCHXCVGVUQFQF&amp;fileType=view" xmlUrl="https://files.transkribus.eu/Get?id=NXKLNOSILVJBHCCFVBVAZSMX" imageId="48551116"/>
    </Metadata>
    <Page imageFilename="1589065_0006.jpg" imageWidth="3000" imageHeight="3656">
        <ReadingOrder>
            <OrderedGroup id="ro_1711788217081" caption="Regions reading order">
                <RegionRefIndexed index="0" regionRef="tr_1"/>
                <RegionRefIndexed index="1" regionRef="tr_2"/>
            </OrderedGroup>
        </ReadingOrder>
        <TextRegion orientation="0.0" id="tr_1" custom="readingOrder {index:0;}">
            <Coords points="283,1165 283,1321 438,1321 438,1165"/>
            <TextLine id="tr_1_tl_1" custom="readingOrder {index:0;}">
                <Coords points="271,1309 310,1304 349,1337 363,1337 396,1304 430,1304 424,1147 391,1153 382,1144 368,1158 343,1144 329,1158 313,1150 304,1156 287,1147 265,1150"/>
                <Baseline points="283,1265 308,1265 334,1265 360,1267 386,1269 412,1271 438,1268"/>
                <TextEquiv>
                    <Unicode></Unicode>
                </TextEquiv>
            </TextLine>
            <TextEquiv>
                <Unicode></Unicode>
            </TextEquiv>
        </TextRegion>
        <TextRegion orientation="0.0" id="tr_2" custom="readingOrder {index:1;}">
            <Coords points="471,443 471,3330 2796,3330 2796,443"/>
            <TextLine id="tr_2_tl_1" custom="readingOrder {index:0;}">
                <Coords points="2046,583 2096,553 2146,553 2194,522 2272,547 2308,516 2437,511 2440,430 2322,455 2186,427 2149,435 2135,424 2088,447 2049,438"/>
                <Baseline points="2062,507 2087,504 2112,506 2138,506 2163,505 2189,504 2214,504 2240,504 2265,504 2291,504 2316,503 2342,500 2367,498 2393,498 2418,499 2444,501"/>
                <TextEquiv>
                    <Unicode>Lothar 3</Unicode>
                </TextEquiv>
            </TextLine>
            <TextLine id="tr_2_tl_2" custom="readingOrder {index:1;}">
                <Coords points="648,748 1164,762 1298,723 2233,698 2587,731 2660,712 2663,611 2495,645 2331,586 2180,636 2116,595 2024,628 1887,589 1753,639 1524,597 1337,653 1058,608 921,659 829,608 650,653"/>
                <Baseline points="662,716 762,718 862,716 962,713 1063,713 1163,711 1263,710 1364,707 1464,707 1564,707 1665,707 1765,701 1865,704 1965,698 2066,698 2166,698 2266,695 2367,694 2467,692 2567,690 2668,683"/>
                <TextEquiv>
                    <Unicode>besten Boden zur Entfaltung des feuidletonistischen</Unicode>
                </TextEquiv>
            </TextLine>
            <TextLine id="tr_2_tl_3" custom="readingOrder {index:2;}">
                <Coords points="533,882 1036,865 1365,918 1538,846 2663,840 2643,709 2278,787 1558,742 1437,790 1181,762 860,815 536,765"/>
                <Baseline points="552,844 663,844 775,844 886,844 998,839 1109,838 1221,837 1332,838 1444,835 1555,832 1667,833 1778,829 1890,828 2001,826 2113,823 2224,823 2336,821 2447,820 2559,817 2671,811"/>
                <TextEquiv>
                    <Unicode>Geistes oder eigentlich Selenzustendes bietet, dass es</Unicode>
                </TextEquiv>
            </TextLine>
            <TextLine id="tr_2_tl_4" custom="readingOrder {index:3;}">
                <Coords points="536,1008 882,1041 1214,999 1410,1038 1555,999 1823,1036 2222,996 2339,1033 2473,969 2629,966 2629,899 2579,868 2356,916 2222,885 1901,921 1697,879 1633,927 1465,885 539,927"/>
                <Baseline points="552,975 656,975 760,966 864,972 968,973 1072,969 1176,966 1281,966 1385,963 1489,965 1593,963 1697,961 1801,961 1905,959 2010,958 2114,954 2218,952 2322,955 2426,952 2530,949 2635,940"/>
                <TextEquiv>
                    <Unicode>aber Teuilletons gibt, und wahrlich nicht die schlech-</Unicode>
                </TextEquiv>
            </TextLine>
            <TextLine id="tr_2_tl_5" custom="readingOrder {index:4;}">
                <Coords points="539,1100 793,1153 955,1116 1052,1158 1404,1094 1823,1144 2079,1091 2317,1130 2381,1089 2643,1108 2643,1033 2532,1010 2266,1047 1571,1010 1323,1055 977,1008 539,1055"/>
                <Baseline points="555,1098 659,1102 764,1101 869,1098 974,1098 1078,1098 1183,1095 1288,1093 1393,1092 1497,1089 1602,1089 1707,1089 1812,1088 1916,1086 2021,1083 2126,1082 2231,1080 2335,1080 2440,1079 2545,1077 2650,1074"/>
                <TextEquiv>
                    <Unicode>tesiten, die keineswegs von Feuilletonisten-geschrieben</Unicode>
                </TextEquiv>
            </TextLine>
            <TextLine id="tr_2_tl_6" custom="readingOrder {index:5;}">
                <Coords points="583,1256 910,1273 1142,1231 1270,1273 1317,1234 1504,1264 1890,1214 2649,1245 2649,1108 2604,1103 2342,1167 1217,1153 1008,1195 902,1139 586,1133"/>
                <Baseline points="602,1229 704,1229 807,1229 910,1226 1012,1224 1115,1224 1218,1223 1320,1220 1423,1221 1526,1218 1629,1217 1731,1219 1834,1217 1937,1214 2039,1214 2142,1209 2245,1211 2347,1208 2450,1208 2553,1206 2656,1202"/>
                <TextEquiv>
                    <Unicode>wurden, wie es andererseits Bücher und Dramen gibt, die</Unicode>
                </TextEquiv>
            </TextLine>
            <TextLine id="tr_2_tl_7" custom="readingOrder {index:6;}">
                <Coords points="455,1309 544,1320 595,1298 608,1312 642,1306 675,1323 695,1306 823,1306 829,1264 759,1270 729,1256 662,1267 634,1253 542,1264 505,1234 452,1228"/>
                <Baseline points="471,1277 497,1280 523,1283 549,1285 575,1286 601,1286 627,1286 653,1286 679,1286 705,1287 731,1288 757,1289 783,1289 809,1289 835,1289"/>
                <TextEquiv>
                    <Unicode>des su gesegen</Unicode>
                </TextEquiv>
            </TextLine>
            <TextLine id="tr_2_tl_8" custom="readingOrder {index:7;}">
                <Coords points="542,1404 1091,1368 1214,1421 1306,1365 1753,1390 1892,1348 2696,1368 2696,1256 2046,1306 1867,1256 1650,1287 1488,1248 1396,1284 1206,1237 1041,1320 544,1292"/>
                <Baseline points="561,1360 668,1358 775,1357 882,1353 989,1354 1096,1354 1203,1354 1310,1351 1417,1351 1524,1349 1632,1348 1739,1347 1846,1345 1953,1342 2060,1342 2167,1340 2274,1340 2381,1340 2488,1335 2595,1337 2703,1337"/>
                <TextEquiv>
                    <Unicode>durchaus aus feuillétonistischer Seele geschaffen sind.</Unicode>
                </TextEquiv>
            </TextLine>
            <TextLine id="tr_2_tl_9" custom="readingOrder {index:8;}">
                <Coords points="890,1493 1312,1496 1440,1558 1591,1485 2230,1474 2306,1516 2674,1479 2677,1401 2551,1396 1627,1446 994,1404 893,1443"/>
                <Baseline points="907,1486 995,1486 1084,1483 1173,1483 1262,1481 1351,1482 1439,1479 1528,1477 1617,1477 1706,1474 1795,1474 1883,1471 1972,1471 2061,1468 2150,1471 2239,1468 2327,1465 2416,1465 2505,1465 2594,1462 2683,1459"/>
                <TextEquiv>
                    <Unicode>Also nirgendsmache ich die Rubrik verantwort-</Unicode>
                </TextEquiv>
            </TextLine>
            <TextLine id="tr_2_tl_10" custom="readingOrder {index:9;}">
                <Coords points="542,1638 1002,1669 1538,1611 1792,1661 2038,1611 2420,1655 2484,1613 2749,1613 2752,1502 2610,1530 2442,1496 2306,1558 542,1549"/>
                <Baseline points="558,1620 673,1620 789,1620 905,1617 1020,1613 1136,1611 1252,1611 1368,1611 1483,1608 1599,1608 1715,1605 1831,1604 1946,1602 2062,1601 2178,1599 2294,1597 2409,1596 2525,1593 2641,1595 2757,1587"/>
                <TextEquiv>
                    <Unicode>lich, sondern das, was ich den feuilletonistischen Seelen-</Unicode>
                </TextEquiv>
            </TextLine>
            <TextLine id="tr_2_tl_11" custom="readingOrder {index:10;}">
                <Coords points="550,1795 943,1770 1069,1803 1189,1750 1248,1786 1401,1742 1485,1786 1619,1742 1973,1778 2227,1739 2373,1778 2596,1739 2596,1655 2361,1686 2272,1644 2158,1686 2077,1650 2026,1689 1750,1658 1502,1697 1387,1652 1094,1711 941,1650 854,1703 553,1689"/>
                <Baseline points="564,1748 665,1748 767,1748 869,1745 971,1745 1073,1742 1175,1742 1277,1740 1379,1739 1481,1736 1583,1736 1684,1733 1786,1735 1888,1731 1990,1730 2092,1728 2194,1728 2296,1725 2398,1725 2500,1725 2602,1719"/>
                <TextEquiv>
                    <Unicode>zustand nenne, der von der beruflichen Seite durchaus</Unicode>
                </TextEquiv>
            </TextLine>
            <TextLine id="tr_2_tl_12" custom="readingOrder {index:11;}">
                <Coords points="530,1901 851,1923 983,1879 1156,1918 1267,1884 1745,1929 1851,1873 2490,1870 2526,1814 2286,1812 2200,1767 1985,1825 1770,1770 1558,1834 1454,1772 1276,1828 1030,1789 924,1837 533,1812"/>
                <Baseline points="546,1877 645,1880 744,1877 843,1877 942,1877 1042,1874 1141,1871 1240,1871 1339,1871 1438,1871 1538,1871 1637,1871 1736,1865 1835,1865 1934,1865 2034,1862 2133,1862 2232,1859 2331,1854 2430,1856 2530,1850"/>
                <TextEquiv>
                    <Unicode>zu trennen sei, die Rubrik als solche infiziert nie</Unicode>
                </TextEquiv>
            </TextLine>
            <TextLine id="tr_2_tl_13" custom="readingOrder {index:12;}">
                <Coords points="550,2054 650,2066 706,2021 793,2077 868,2082 924,2057 1024,2088 1024,1943 890,1959 860,1940 793,1965 715,1957 667,1929 550,1971"/>
                <Baseline points="564,2011 590,2011 616,2011 642,2010 668,2008 694,2009 720,2011 746,2009 772,2007 798,2006 824,2006 850,2008 876,2008 902,2008 928,2008 954,2008 980,2008 1006,2007 1032,2005"/>
                <TextEquiv>
                    <Unicode>und niemals.</Unicode>
                </TextEquiv>
            </TextLine>
            <TextLine id="tr_2_tl_14" custom="readingOrder {index:13;}">
                <Coords points="927,2158 2565,2133 2565,2004 2219,2074 2004,2040 1876,2082 927,2074"/>
                <Baseline points="943,2133 1024,2135 1105,2130 1187,2130 1268,2127 1350,2127 1431,2127 1513,2127 1594,2124 1676,2124 1757,2122 1838,2121 1920,2120 2001,2115 2083,2113 2164,2116 2246,2113 2327,2113 2409,2112 2490,2113 2572,2113"/>
                <TextEquiv>
                    <Unicode>Auch in der kleinen Schrift "Der Geist im</Unicode>
                </TextEquiv>
            </TextLine>
            <TextLine id="tr_2_tl_15" custom="readingOrder {index:14;}">
                <Coords points="2269,2211 2283,2211 2303,2200 2342,2205 2350,2197 2359,2200 2367,2194 2389,2200 2406,2197 2403,2163 2384,2166 2367,2158 2361,2163 2356,2158 2333,2158 2294,2133 2266,2138"/>
                <Baseline points="2286,2181 2311,2183 2336,2184 2361,2186 2386,2186 2411,2184"/>
                <TextEquiv>
                    <Unicode>kennnen.</Unicode>
                </TextEquiv>
            </TextLine>
            <TextLine id="tr_2_tl_16" custom="readingOrder {index:15;}">
                <Coords points="561,2280 709,2333 1167,2269 2638,2250 2638,2188 2526,2160 2431,2202 2202,2172 1739,2219 1304,2149 1091,2222 851,2160 776,2197 561,2177"/>
                <Baseline points="576,2265 679,2265 782,2262 885,2265 989,2265 1092,2264 1195,2260 1298,2259 1402,2259 1505,2256 1608,2256 1711,2250 1815,2253 1918,2253 2021,2250 2124,2250 2228,2247 2331,2247 2434,2244 2537,2242 2641,2235"/>
                <TextEquiv>
                    <Unicode>ort" etc., der Sie sich so freundlich erinnern,heisst</Unicode>
                </TextEquiv>
            </TextLine>
            <TextLine id="tr_2_tl_17" custom="readingOrder {index:16;}">
                <Coords points="553,2428 1348,2412 1443,2465 1599,2454 1661,2406 1926,2445 2066,2392 2353,2428 2632,2398 2632,2320 2557,2294 2414,2333 2032,2292 1627,2342 1264,2303 1175,2347 553,2336"/>
                <Baseline points="567,2399 670,2399 774,2399 877,2394 981,2393 1084,2392 1188,2390 1291,2387 1395,2386 1498,2384 1602,2384 1706,2383 1809,2381 1913,2381 2016,2378 2120,2377 2223,2376 2327,2375 2430,2375 2534,2372 2638,2369"/>
                <TextEquiv>
                    <Unicode>es ausdrücklich:"Es gibt Feuilletonisten von Beruf,es</Unicode>
                </TextEquiv>
            </TextLine>
            <TextLine id="tr_2_tl_18" custom="readingOrder {index:17;}">
                <Coords points="547,2587 809,2585 957,2529 1424,2593 1845,2520 1985,2562 2180,2523 2406,2518 2456,2557 2788,2526 2788,2409 2624,2462 2177,2403 2012,2467 1644,2431 1331,2481 550,2434"/>
                <Baseline points="564,2539 675,2530 787,2530 898,2519 1010,2518 1122,2522 1233,2518 1345,2519 1456,2518 1568,2513 1680,2512 1791,2512 1903,2509 2014,2512 2126,2509 2238,2506 2349,2506 2461,2504 2572,2503 2684,2502 2796,2495"/>
                <TextEquiv>
                    <Unicode>gibt auch Feuilletonisten von Begahung, die ihrem Seelen-</Unicode>
                </TextEquiv>
            </TextLine>
            <TextLine id="tr_2_tl_19" custom="readingOrder {index:18;}">
                <Coords points="528,2716 659,2744 815,2691 1281,2730 1432,2694 1650,2735 1789,2657 2093,2741 2261,2654 2523,2674 2523,2590 2454,2565 530,2604"/>
                <Baseline points="546,2662 645,2662 744,2659 843,2658 942,2656 1042,2653 1141,2653 1240,2652 1339,2650 1438,2647 1538,2647 1637,2644 1736,2641 1835,2641 1934,2641 2034,2641 2133,2638 2232,2638 2331,2637 2430,2635 2530,2626"/>
                <TextEquiv>
                    <Unicode>zustande nach, manchmal zu ihrem Schaden, keineswegs</Unicode>
                </TextEquiv>
            </TextLine>
            <TextLine id="tr_2_tl_20" custom="readingOrder {index:19;}">
                <Coords points="544,2847 709,2800 1019,2847 1111,2825 1200,2861 1351,2816 1393,2833 1393,2752 1326,2710 1170,2749 1080,2713 804,2741 765,2708 636,2749 544,2724"/>
                <Baseline points="561,2781 602,2789 644,2790 686,2790 728,2790 770,2790 812,2790 854,2788 896,2787 938,2786 980,2784 1021,2783 1063,2781 1105,2781 1147,2781 1189,2781 1231,2781 1273,2781 1315,2781 1357,2781 1399,2781"/>
                <TextEquiv>
                    <Unicode>Feuilletonisten sind.</Unicode>
                </TextEquiv>
            </TextLine>
            <TextLine id="tr_2_tl_21" custom="readingOrder {index:20;}">
                <Coords points="966,2945 1050,2920 1471,2992 1705,2920 2518,2914 2520,2828 2481,2822 2331,2858 1909,2819 1745,2864 1599,2825 1437,2869 969,2828"/>
                <Baseline points="981,2900 1058,2903 1135,2909 1212,2907 1289,2905 1366,2906 1443,2903 1521,2903 1598,2900 1675,2900 1752,2898 1829,2897 1906,2897 1983,2897 2061,2897 2138,2894 2215,2894 2292,2897 2369,2892 2446,2891 2524,2891"/>
                <TextEquiv>
                    <Unicode>Es begegnet mir hier anläslich der paar</Unicode>
                </TextEquiv>
            </TextLine>
            <TextLine id="tr_2_tl_22" custom="readingOrder {index:21;}">
                <Coords points="561,3084 773,3065 957,3112 1044,3076 1142,3112 1435,3040 2010,3076 2526,3037 2498,2964 2166,2989 1965,2920 1689,2989 1633,2953 1471,2992 924,2962 770,3009 561,2973"/>
                <Baseline points="576,3047 673,3047 771,3047 869,3044 967,3038 1065,3040 1163,3035 1260,3036 1358,3033 1456,3035 1554,3035 1652,3032 1750,3032 1848,3030 1945,3029 2043,3026 2141,3025 2239,3026 2337,3026 2435,3023 2533,3020"/>
                <TextEquiv>
                    <Unicode>Aphorismen über den Feuilletonismus(nicht über das</Unicode>
                </TextEquiv>
            </TextLine>
            <TextLine id="tr_2_tl_23" custom="readingOrder {index:22;}">
                <Coords points="555,3202 2543,3182 2543,3115 2423,3095 1837,3121 1661,3056 996,3135 555,3079"/>
                <Baseline points="570,3166 669,3172 768,3172 867,3172 966,3170 1065,3169 1164,3166 1263,3166 1362,3166 1461,3164 1560,3160 1659,3163 1758,3160 1857,3160 1956,3160 2055,3160 2154,3157 2253,3155 2352,3152 2451,3153 2551,3154"/>
                <TextEquiv>
                    <Unicode>Feuilleton und nicht über den Feuilletonistenung</Unicode>
                </TextEquiv>
            </TextLine>
            <TextLine id="tr_2_tl_24" custom="readingOrder {index:23;}">
                <Coords points="553,3302 994,3338 1130,3299 1351,3347 1552,3294 1697,3336 2057,3294 2110,3333 2222,3296 2275,3338 2359,3299 2551,3333 2554,3235 2347,3199 2197,3238 2113,3188 2018,3238 1845,3204 1558,3249 1086,3207 1010,3249 555,3241"/>
                <Baseline points="567,3297 666,3303 766,3297 865,3299 965,3297 1064,3291 1164,3291 1263,3291 1363,3288 1462,3282 1562,3283 1661,3282 1761,3282 1860,3282 1960,3282 2059,3282 2159,3279 2258,3282 2358,3283 2457,3282 2557,3282"/>
                <TextEquiv>
                    <Unicode>das gleiche, was mir bei meinen Ausführungen über die</Unicode>
                </TextEquiv>
            </TextLine>
            <TextEquiv>
                <Unicode></Unicode>
            </TextEquiv>
        </TextRegion>
    </Page>
</PcGts>
