2872 3432
2096 120 2290 276 19
436 380 2438 503 vor dem Schatten desgrossenteten geschämt hät
1971 495 2376 628 likums ge-
452 495 1894 641 ten? Dass sich etwa die Wut des P
436 600 2484 756 gen die gerichtethätte, weil nicht es gestorben
416 717 2366 909 waren, sondern jener Frössere? Wollten sie in
426 860 2374 1013 diesem Augenblick keine Vergleiche heraufbe:
421 937 2407 1138 schwören? Wo man den Satz auch anpackt, es ist
439 1108 2359 1271 nichts mit Ihm anzufangen. Er ist nichts als
444 1220 2427 1419 eine leichtfertige, ziemlich dumme -pekulation
401 1348 2425 1524 auf irgeid welche unhlare Instinkte von Neid,
447 1463 2466 1667 oder Schadenfreute untergeordneter Subikte, die
457 1626 2394 1794 anlässlich jener Stelle sich denken könnten,
457 1743 2440 1937 „Ahide hat sie sicher den K. geme int, der wird
426 1897 1008 2047 sich ärgern.
