3240 4392
984 1449 1291 1618 voll152
1028 1603 2103 1744 Ja, siehst Du dass ich Dich
1021 1732 2165 1873 Ich glaub es nur wohl selbst
986 1851 2564 1999 Hast Du nichts mehr verbärgen? Es ist je
989 1962 2809 2150 lich närrish; aber ich fühlte, wenn Du in mei
989 2103 2859 2274 Armen lagst, dass ich di sen Verstorbenen benei-
986 2237 2740 2406 müsste. Aber sag, hast Du nichts verborgen?
979 2398 1216 2500 Nein.
1021 2468 2782 2624 Ich hin eifersüchtig, zum letztenmale. Sieht
991 2582 2909 2748 zum Klavier ins Schlafzimmer. Sie hält ihn zürüch
986 2733 2968 2896 Was ist (as? Er schleppt den armen Irsill herein.
986 2834 2894 3030 Dieser sagte er habe sich herein geschlichen die
989 2993 2066 3134 Königin weiss nichts davgri.
1028 3094 2926 3255 Oh sie weiss es, sonst hätte sie mich nicht zu-
1036 3238 1568 3382 rückgehalten.
1048 3332 2933 3506 Und darum musst ich hinaus habe tote Rista, mar-
996 3464 2911 3669 morne Statuen zerschlagen, papierene Fetzen ver-
1013 3582 2837 3776 trannt und Dich, Dich Lebenden hab ich vor mir
1013 3709 2639 3890 zum Fenster hinunter mit Dir, im Fenster.
1011 3768 3005 4004 Er macht auf, ist üher einem Lied, das die Königin
1033 3969 1811 4098 singt eingeschlafen.
