3544 4232
804 142 949 224 DATES DES
2955 180 3170 265 1905
713 211 1098 293 Votre très-hacité
2971 300 3163 388 a-
505 640 1558 751 Die alternde Comtesse
533 656 2987 899 Jungere Leute, die ihr noch den Hof machen, weil ihr
524 886 2908 1145 Der ältere Herr mit dem sie vor zwanzig Jahren als
542 908 1391 1050 Vater General ist.
546 1028 2819 1290 sechzehnjährige ein Verhältnis hatte. Er bringt
568 1249 1981 1444 ihr Nachricht über ihren Sohn.
539 1375 2334 1589 Er ist siebzehn in Krems im Gymnasium.
565 1476 2640 1744 Er soll heute heraufkommen, als der und der.
580 1558 2920 1892 Der Vater der Comtesse hat seit 25 Jahren ein Ver-
555 1864 1826 2053 hältnis mit der Balleteuse.
621 1886 2731 2195 Er kommt nach Hause, denkt euch sie heiratet.
650 2167 2873 2485 Die Comtesse und der ältere Herr heiraten sich.
643 2186 1548 2343 So einsam wird man.
684 2378 3220 2785 Liebe Freundin heut hab ich Ihnen was Seltsames mitzu-
672 2403 2072 2630 Die Tochter tröstet den Vater.
713 2652 2255 2930 teilen. Unser Sohn hat maturiert.
653 2772 2627 3094 War damals verheirat jetzt ist er sechzig.
672 2810 3214 3248 Dem Jungen hat er gesagt. "Deine Muter istlängst tot“.
716 3106 3166 3539 Der Sohn durchschaut alles, pfeift auf das ganze Ge-
684 3141 2110 3390 Der Vater und er sind Freunde.
735 3564 1104 3693 sindel.
