3480 4200
2884 426 2993 605 2
443 644 2062 823 Dritte Scene. Eiffi und der Fürst.
449 753 3000 975 Fürst: "Ich habe Ihnen eine Neuigkeitmitzuteilen, liebe
469 981 2504 1133 Freundin. Unser Sohn hat gestern maturiert.
505 1044 2967 1262 'Ich werde ihm jetzt sagen, dass ich der Vater bin."
486 1226 2835 1411 Vielleicht hat ers ihm auch schn gesagt., und hat
439 1421 2468 1563 ihm auch geaagt, dass seine Mutter tot ist.
492 1500 3148 1705 Der Fürst will den Jungen auch adoptieren und gede kt zu
502 1721 2253 1853 heiraten um ihm eine Mutter zu geben.
505 1847 2455 2005 Oder er will ihnauf seine Reise mitnehmen
466 1949 2977 2167 Der Graf weiss von der Existenz dieses Sohnes ohne zu
479 2147 2071 2316 ahnen, dass er der Grossvater ist,
525 2256 2851 2461 "Ich stelle ihn Deinem Vater vor. Für alle ist die
542 2484 1424 2607 Mutter längst tot.
1781 2501 2154 2636 versprochen
489 2537 3082 2752 Der Graf hat der Balletteuse, dass sie am Tage vor ihrer
505 2726 2180 2907 Hochzeit sein Schloss betreten darf
555 2957 1249 3079 Sie erscheint.
562 2967 3092 3224 Die zwei Frauen, die vielleicht gegenseitig alles von
542 3267 1312 3390 einander wissen.
2230 3400 2600 3614 Alletens
