3544 4216
2810 178 3057 279 1906
2932 366 3120 492 1 b
1123 659 1576 770 Komtesse
439 690 2956 962 Erste Scene. Der Graf sechzig, sein Freud (Fürst) etwas
471 976 2977 1262 Graf gekränkt; seine Freundin, einst Ballet jetzt zwei
457 980 1325 1126 fünf Jahre jü ger
485 1140 2977 1419 und vierzig nach fünfzehnjährigenm Verhältnis heiratet
502 1269 3089 1572 einen Fabrikanten. event. Fiakereigentümer. Er kann
464 1419 3019 1726 es ihr nicht verbieten natürlich, aber wie eihsam wird
533 1726 3096 2001 Der Fürst. "Du hast ja Deine Tochter, ich habe nieman¬
526 1775 931 1883 er sein.
554 1855 3061 2161 den. seine Frau gestorben? "Ich werde wieder reisen."
2039 2001 2604 2182 ih haft ob eine Soh
561 2144 1768 2325 Gespräch über die Jugend.
589 2290 3117 2618 Zweite Scene. Die beiden und Komtesse Fiffi. Sechs-
603 2447 3068 2765 unddreissig Jahre alt, noch sehr schön. Vor dem Kind
572 2576 3378 2908 darf man nichts reden. Es wird die Fiktion aufecht erhalten,
628 2792 2901 3040 als wüsste Fift nichts von der Falltettänzerin.
641 3023 1649 3179 ihre einsamen Abende.
662 3152 1719 3336 Ihre Gesellschafterin?
725 3343 3270 3629 Der Graf geht. Er ist mit seiner Tochter sehr zärlich.
669 3343 1318 3490 Auf dem Land?
