3384 4152
1296 370 1397 514 P.S
898 542 2086 720 Lolo: Komtesse, nein...
889 703 3156 900 Kom: Nach Liebes Fräulein Loloalso nochmals alles
898 864 1784 1064 Gute.. umarmt sie
900 999 2286 1202 Lolo: Also adieu Herr Graf,
926 1135 2151 1341 Graf: sein Sie glücklich.
946 1228 3037 1502 Lolo: steigt in den Wagen, der vorgefahren
917 1377 3161 1651 ist, Wasner steigt auf den Bock, sie fahren weg,
909 1527 3006 1756 Komtesse winkt nach, Graf steht in Gedanken
929 1795 1106 1942 da.
931 1843 3060 2063 Ph:  zum Fürsten  Lieber Papa ich durchschau
943 2035 1942 2261 die ganze Geschichte
943 2227 1499 2396 First: No?
985 2286 3116 2523 Ph: Dieses Fräulein Lolo, ist die natürliche
951 2425 2981 2673 Tochter des Grafen, also eine Schwester der
1462 2580 2467 2749 ihre Milchschweater
951 2653 1363 2800 Komtesse
1058 2743 1606 2887 une clui âte
1013 2743 2343 2958 Fürst: Nur weiter Diplomat
217 2755 1010 3060 Stiefschwester nev
1050 2870 2885 3108 Ph: Und Sie lieben Dich beide, 4elbst
974 3006 3119 3243 verständlich. Die Komtesse und die Ballettän
979 3139 3130 3452 zerin. Und dise Heirat zwischen der Ballettän
982 3319 2693 3559 zerin und dem Wasner ist Dein Werck.
