<?xml version="1.0" encoding="UTF-8" standalone="yes"?>
<PcGts xmlns="http://schema.primaresearch.org/PAGE/gts/pagecontent/2013-07-15" xmlns:xsi="http://www.w3.org/2001/XMLSchema-instance" xsi:schemaLocation="http://schema.primaresearch.org/PAGE/gts/pagecontent/2013-07-15 http://schema.primaresearch.org/PAGE/gts/pagecontent/2013-07-15/pagecontent.xsd">
    <Metadata>
        <Creator>prov=READ-COOP:name=TrHtr:version=2.1.0:model_id=51170:date=29_07_2023_08:25</Creator>
        <Created>2023-05-10T12:29:18.560+02:00</Created>
        <LastChange>2023-07-29T08:25:15.440+02:00</LastChange>
        <TranskribusMetadata docId="1428202" pageId="55403039" pageNr="38" tsid="131401660" status="IN_PROGRESS" userId="64420" imgUrl="https://files.transkribus.eu/Get?id=FRPIDIQXHFJAHKCSAUGBHFES&amp;fileType=view" xmlUrl="https://files.transkribus.eu/Get?id=WLCPFVDVJMFMJEKZLPVISEDW" imageId="44677860"/>
    </Metadata>
    <Page imageFilename="1428202_0038.jpg" imageWidth="4712" imageHeight="3752">
        <ReadingOrder>
            <OrderedGroup id="ro_1711796172082" caption="Regions reading order">
                <RegionRefIndexed index="0" regionRef="tr_2"/>
                <RegionRefIndexed index="1" regionRef="tr_3"/>
                <RegionRefIndexed index="2" regionRef="tr_4"/>
                <RegionRefIndexed index="3" regionRef="tr_1"/>
            </OrderedGroup>
        </ReadingOrder>
        <TextRegion id="tr_2" custom="readingOrder {index:0;}">
            <Coords points="513,379 2140,379 2140,1839 513,1839"/>
            <TextLine id="tr_2_tl_1" custom="readingOrder {index:0;}">
                <Coords points="1169,465 1245,455 1296,469 1313,455 1321,461 1333,449 1381,438 1409,455 1448,444 1471,451 1473,403 1436,387 1397,395 1325,381 1292,395 1280,385 1265,395 1222,391 1208,399 1171,389"/>
                <Baseline points="1179,432 1208,432 1253,438 1298,438 1343,438 1387,435 1432,432 1477,429"/>
                <TextEquiv>
                    <Unicode>— 18 —</Unicode>
                </TextEquiv>
            </TextLine>
            <TextLine id="tr_2_tl_2" custom="readingOrder {index:1;}">
                <Coords points="621,558 2125,556 2125,494 2035,469 623,500"/>
                <Baseline points="635,549 653,552 698,555 743,555 788,555 832,558 877,555 922,555 967,558 1011,558 1056,558 1101,555 1146,552 1190,552 1235,555 1280,552 1325,549 1370,552 1414,549 1459,549 1504,549 1549,549 1593,546 1638,546 1683,543 1728,543 1773,540 1817,540 1862,540 1907,540 1952,543 1996,543 2041,540 2086,540 2131,540"/>
                <TextEquiv>
                    <Unicode>Fürst. Laune...? Nein. Um es so bezeichnen</Unicode>
                </TextEquiv>
            </TextLine>
            <TextLine id="tr_2_tl_3" custom="readingOrder {index:2;}">
                <Coords points="508,648 2111,630 2130,558 510,584"/>
                <Baseline points="519,623 522,629 567,629 611,626 656,626 701,626 746,623 790,623 835,626 880,623 925,620 970,623 1014,620 1059,617 1104,620 1149,617 1193,617 1238,617 1283,614 1328,617 1373,617 1417,614 1462,617 1507,614 1552,614 1596,611 1641,611 1686,611 1731,605 1776,605 1820,608 1865,605 1910,605 1955,608 1999,608 2044,608 2089,605 2134,602"/>
                <TextEquiv>
                    <Unicode>zu dürfen, führen Sie die Sache allerdings zu konsequent</Unicode>
                </TextEquiv>
            </TextLine>
            <TextLine id="tr_2_tl_4" custom="readingOrder {index:3;}">
                <Coords points="502,702 2127,687 2088,613 504,646"/>
                <Baseline points="513,692 519,692 564,695 608,692 653,692 698,689 743,689 788,689 832,686 877,689 922,689 967,689 1011,689 1056,686 1101,686 1146,686 1190,686 1235,686 1280,683 1325,680 1370,683 1414,680 1459,680 1504,680 1549,677 1593,677 1638,674 1683,677 1728,674 1773,677 1817,674 1862,674 1907,674 1952,674 1996,674 2041,677 2086,674 2131,674"/>
                <TextEquiv>
                    <Unicode>durch. Wenn man bedenkt, daß Sie es all die Jahre</Unicode>
                </TextEquiv>
            </TextLine>
            <TextLine id="tr_2_tl_5" custom="readingOrder {index:4;}">
                <Coords points="502,782 1831,749 2086,786 2130,780 2132,685 502,702"/>
                <Baseline points="513,758 522,758 567,761 611,758 656,758 701,758 746,755 790,755 835,755 880,755 925,758 970,758 1014,752 1059,758 1104,758 1149,758 1193,755 1238,752 1283,752 1328,752 1373,749 1417,749 1462,749 1507,746 1552,746 1596,743 1641,746 1686,746 1731,746 1776,743 1820,743 1865,743 1910,743 1955,743 1999,740 2044,740 2089,740 2134,737"/>
                <TextEquiv>
                    <Unicode>hindurch über sich gebracht haben, nicht einmal nach ihm</Unicode>
                </TextEquiv>
            </TextLine>
            <TextLine id="tr_2_tl_6" custom="readingOrder {index:5;}">
                <Coords points="502,856 527,862 580,844 625,856 660,833 716,852 776,829 819,844 854,825 957,831 957,798 909,807 883,788 839,796 778,770 739,786 693,774 663,790 628,767 603,782 502,786"/>
                <Baseline points="513,832 558,829 602,823 647,823 692,823 737,826 782,826 826,823 871,823 916,826 961,823"/>
                <TextEquiv>
                    <Unicode>zu fragen...</Unicode>
                </TextEquiv>
            </TextLine>
            <TextLine id="tr_2_tl_7" custom="readingOrder {index:6;}">
                <Coords points="623,901 1642,909 1704,874 1913,907 2125,883 2125,831 623,833"/>
                <Baseline points="635,889 653,889 698,889 743,886 788,886 832,886 877,889 922,886 967,889 1011,889 1056,886 1101,886 1146,886 1190,886 1235,883 1280,880 1325,880 1370,880 1414,877 1459,880 1504,880 1549,877 1593,877 1638,877 1683,874 1728,874 1773,874 1817,874 1862,877 1907,874 1952,874 1996,874 2041,874 2086,874 2131,871"/>
                <TextEquiv>
                    <Unicode>Komtesse. Das ist weiter nicht bewunderswert.</Unicode>
                </TextEquiv>
            </TextLine>
            <TextLine id="tr_2_tl_8" custom="readingOrder {index:7;}">
                <Coords points="523,971 2130,965 2117,879 525,895"/>
                <Baseline points="537,952 567,958 611,958 656,955 701,958 746,955 790,952 835,952 880,952 925,952 970,952 1014,952 1059,952 1104,952 1149,952 1193,949 1238,949 1283,949 1328,949 1373,949 1417,946 1462,949 1507,949 1552,946 1596,946 1641,943 1686,946 1731,946 1776,943 1820,943 1865,943 1910,940 1955,940 1999,940 2044,940 2089,937 2134,934"/>
                <TextEquiv>
                    <Unicode>Ich habe Schwereres über mich gebracht. Damals, wie ich</Unicode>
                </TextEquiv>
            </TextLine>
            <TextLine id="tr_2_tl_9" custom="readingOrder {index:8;}">
                <Coords points="514,1039 2125,1023 2125,967 2039,955 1527,955 1325,1002 1181,957 516,967"/>
                <Baseline points="525,1020 564,1026 608,1029 653,1026 698,1023 743,1023 788,1020 832,1020 877,1023 922,1023 967,1020 1011,1020 1056,1020 1101,1017 1146,1020 1190,1017 1235,1020 1280,1017 1325,1017 1370,1017 1414,1017 1459,1014 1504,1014 1549,1014 1593,1011 1638,1008 1683,1011 1728,1008 1773,1008 1817,1008 1862,1008 1907,1008 1952,1008 1996,1011 2041,1005 2086,1008 2131,1002"/>
                <TextEquiv>
                    <Unicode>ihn hab' hergeben müssen, acht Tage nachdem er zur</Unicode>
                </TextEquiv>
            </TextLine>
            <TextLine id="tr_2_tl_10" custom="readingOrder {index:9;}">
                <Coords points="502,1119 663,1099 693,1119 735,1099 761,1117 835,1097 893,1115 946,1093 1035,1115 1060,1103 1062,1031 992,1025 961,1047 893,1051 739,1035 675,1062 632,1033 502,1041"/>
                <Baseline points="513,1092 528,1092 573,1092 617,1095 662,1092 707,1092 752,1092 796,1089 841,1089 886,1089 931,1089 976,1089 1020,1086 1065,1086"/>
                <TextEquiv>
                    <Unicode>Welt gekommen ist.</Unicode>
                </TextEquiv>
            </TextLine>
            <TextLine id="tr_2_tl_11" custom="readingOrder {index:10;}">
                <Coords points="623,1167 2066,1167 2117,1156 2119,1084 625,1111"/>
                <Baseline points="635,1152 647,1152 692,1155 737,1158 782,1158 826,1158 871,1155 916,1155 961,1155 1005,1155 1050,1155 1095,1155 1140,1155 1184,1152 1229,1152 1274,1149 1319,1149 1364,1149 1408,1146 1453,1146 1498,1149 1543,1149 1587,1149 1632,1146 1677,1146 1722,1143 1767,1143 1811,1140 1856,1140 1901,1143 1946,1143 1990,1140 2035,1140 2080,1137 2125,1137"/>
                <TextEquiv>
                    <Unicode>Fürst. Ja, damals blied Ihnen, blieb uns doch</Unicode>
                </TextEquiv>
            </TextLine>
            <TextLine id="tr_2_tl_12" custom="readingOrder {index:11;}">
                <Coords points="502,1230 1955,1237 2130,1224 2132,1150 504,1165"/>
                <Baseline points="513,1220 522,1223 567,1223 611,1223 656,1220 701,1220 746,1220 790,1220 835,1220 880,1220 925,1220 970,1220 1014,1220 1059,1217 1104,1220 1149,1217 1193,1220 1238,1217 1283,1217 1328,1214 1373,1214 1417,1214 1462,1217 1507,1214 1552,1214 1596,1211 1641,1214 1686,1214 1731,1211 1776,1211 1820,1208 1865,1208 1910,1211 1955,1211 1999,1208 2044,1208 2089,1208 2134,1208"/>
                <TextEquiv>
                    <Unicode>nichts andres übrig. Was ich damals verfügt habe, und</Unicode>
                </TextEquiv>
            </TextLine>
            <TextLine id="tr_2_tl_13" custom="readingOrder {index:12;}">
                <Coords points="502,1294 2055,1296 2125,1284 2127,1216 502,1237"/>
                <Baseline points="513,1292 516,1292 561,1292 605,1292 650,1292 695,1286 740,1289 785,1289 829,1289 874,1286 919,1286 964,1286 1008,1286 1053,1286 1098,1283 1143,1286 1187,1286 1232,1283 1277,1286 1322,1280 1367,1277 1411,1277 1456,1280 1501,1280 1546,1280 1590,1280 1635,1280 1680,1277 1725,1277 1770,1277 1814,1277 1859,1277 1904,1277 1949,1277 1993,1277 2038,1277 2083,1274 2128,1271"/>
                <TextEquiv>
                    <Unicode>womit Sie sich doch auch am Ende einverstanden erklärt</Unicode>
                </TextEquiv>
            </TextLine>
            <TextLine id="tr_2_tl_14" custom="readingOrder {index:13;}">
                <Coords points="502,1360 1099,1387 2027,1341 2125,1385 2125,1288 1953,1280 502,1311"/>
                <Baseline points="513,1358 516,1361 561,1358 605,1358 650,1355 695,1355 740,1358 785,1358 829,1355 874,1355 919,1355 964,1355 1008,1355 1053,1352 1098,1352 1143,1352 1187,1349 1232,1352 1277,1349 1322,1349 1367,1352 1411,1349 1456,1349 1501,1346 1546,1346 1590,1346 1635,1343 1680,1346 1725,1346 1770,1346 1814,1343 1859,1343 1904,1340 1949,1343 1993,1340 2038,1340 2083,1340 2128,1334"/>
                <TextEquiv>
                    <Unicode>haben, das war entschieden das Klügste, was wir in un¬</Unicode>
                </TextEquiv>
            </TextLine>
            <TextLine id="tr_2_tl_15" custom="readingOrder {index:14;}">
                <Coords points="514,1453 642,1422 743,1446 1035,1442 1107,1418 1177,1444 1335,1434 1335,1368 1202,1381 1132,1358 1084,1393 992,1362 848,1362 802,1387 700,1364 648,1401 580,1370 514,1389"/>
                <Baseline points="525,1423 534,1426 579,1423 623,1423 668,1417 713,1420 758,1420 802,1423 847,1423 892,1420 937,1423 982,1420 1026,1420 1071,1420 1116,1417 1161,1414 1205,1414 1250,1414 1295,1414 1340,1414"/>
                <TextEquiv>
                    <Unicode>serer Situation tun konnten.</Unicode>
                </TextEquiv>
            </TextLine>
            <TextLine id="tr_2_tl_16" custom="readingOrder {index:15;}">
                <Coords points="621,1510 1975,1502 2002,1407 621,1436"/>
                <Baseline points="632,1492 662,1492 707,1492 752,1492 796,1489 841,1489 886,1486 931,1486 976,1486 1020,1489 1065,1486 1110,1486 1155,1486 1199,1486 1244,1486 1289,1483 1334,1480 1379,1480 1423,1483 1468,1480 1513,1480 1558,1480 1602,1480 1647,1480 1692,1480 1737,1477 1781,1477 1826,1477 1871,1477 1916,1474 1961,1477 2005,1477"/>
                <TextEquiv>
                    <Unicode>Komtesse. Klug, das hab' ich nie bezweifelt.</Unicode>
                </TextEquiv>
            </TextLine>
            <TextLine id="tr_2_tl_17" custom="readingOrder {index:16;}">
                <Coords points="634,1584 2125,1570 2113,1486 636,1502"/>
                <Baseline points="647,1546 653,1549 698,1552 743,1555 788,1555 832,1555 877,1555 922,1555 967,1555 1011,1552 1056,1552 1101,1552 1146,1552 1190,1552 1235,1552 1280,1552 1325,1549 1370,1552 1414,1549 1459,1546 1504,1549 1549,1549 1593,1549 1638,1549 1683,1549 1728,1546 1773,1546 1817,1543 1862,1540 1907,1540 1952,1543 1996,1543 2041,1543 2086,1543 2131,1537"/>
                <TextEquiv>
                    <Unicode>Fürst. Und nicht nur klug, Mizzi. Sie wissen, es</Unicode>
                </TextEquiv>
            </TextLine>
            <TextLine id="tr_2_tl_18" custom="readingOrder {index:17;}">
                <Coords points="504,1646 2138,1623 2138,1570 2047,1543 1901,1586 1831,1547 1333,1551 1243,1603 504,1570"/>
                <Baseline points="516,1626 528,1626 573,1626 617,1626 662,1623 707,1623 752,1623 796,1620 841,1620 886,1620 931,1617 976,1617 1020,1617 1065,1617 1110,1617 1155,1620 1199,1617 1244,1617 1289,1617 1334,1614 1379,1614 1423,1617 1468,1611 1513,1614 1558,1614 1602,1614 1647,1614 1692,1614 1737,1611 1781,1614 1826,1614 1871,1614 1916,1608 1961,1608 2005,1611 2050,1611 2095,1611 2140,1611"/>
                <TextEquiv>
                    <Unicode>handelte sich nicht um unser Schicksal allein. Andre</Unicode>
                </TextEquiv>
            </TextLine>
            <TextLine id="tr_2_tl_19" custom="readingOrder {index:18;}">
                <Coords points="502,1702 2086,1699 2125,1621 502,1654"/>
                <Baseline points="513,1692 525,1692 570,1692 614,1692 659,1692 704,1692 749,1692 793,1692 838,1689 883,1689 928,1689 973,1686 1017,1689 1062,1686 1107,1686 1152,1686 1196,1686 1241,1686 1286,1686 1331,1686 1376,1686 1420,1686 1465,1683 1510,1683 1555,1683 1599,1683 1644,1683 1689,1680 1734,1680 1778,1680 1823,1680 1868,1680 1913,1680 1958,1680 2002,1677 2029,1674 2074,1680 2119,1680 2131,1683"/>
                <TextEquiv>
                    <Unicode>wären vielleicht zu Grunde gegangen, wenn damals die</Unicode>
                </TextEquiv>
            </TextLine>
            <TextLine id="tr_2_tl_20" custom="readingOrder {index:19;}">
                <Coords points="502,1769 1809,1749 1967,1796 2125,1786 2127,1695 504,1702"/>
                <Baseline points="513,1752 516,1758 561,1761 605,1761 650,1761 695,1758 740,1761 785,1758 829,1758 874,1758 919,1755 964,1755 1008,1755 1053,1755 1098,1755 1143,1752 1187,1752 1232,1755 1277,1755 1322,1755 1367,1752 1411,1752 1456,1752 1501,1749 1546,1752 1590,1749 1635,1749 1680,1749 1725,1749 1770,1749 1814,1746 1859,1746 1904,1749 1949,1749 1993,1746 2038,1743 2083,1746 2128,1743"/>
                <TextEquiv>
                    <Unicode>Wahrheit ans Licht gekommen wäre. Meine Frau mit</Unicode>
                </TextEquiv>
            </TextLine>
            <TextLine id="tr_2_tl_21" custom="readingOrder {index:20;}">
                <Coords points="502,1841 1864,1839 1901,1786 1809,1753 1374,1794 1257,1759 504,1769"/>
                <Baseline points="513,1826 516,1826 561,1826 605,1829 650,1829 695,1826 740,1823 785,1823 829,1823 874,1823 919,1823 964,1823 1008,1823 1053,1820 1098,1820 1143,1820 1187,1817 1232,1817 1277,1817 1322,1817 1367,1817 1411,1814 1456,1814 1501,1817 1546,1817 1590,1817 1635,1814 1680,1814 1725,1814 1770,1814 1814,1814 1859,1814 1904,1814"/>
                <TextEquiv>
                    <Unicode>ihrem leidenden Herzen hätte es kaum überlebt.</Unicode>
                </TextEquiv>
            </TextLine>
        </TextRegion>
        <TextRegion id="tr_3" custom="readingOrder {index:1;}">
            <Coords points="489,1833 2140,1833 2140,3179 489,3179"/>
            <TextLine id="tr_3_tl_1" custom="readingOrder {index:0;}">
                <Coords points="617,1909 1150,1913 1212,1887 1354,1913 1459,1887 1595,1916 1695,1889 1695,1864 1543,1823 1471,1848 1391,1825 617,1846"/>
                <Baseline points="629,1889 674,1892 719,1892 764,1892 808,1892 853,1889 898,1886 943,1886 987,1889 1032,1889 1077,1889 1122,1889 1167,1889 1211,1886 1256,1886 1301,1883 1346,1886 1390,1886 1435,1886 1480,1886 1525,1886 1570,1886 1614,1886 1659,1886 1701,1889"/>
                <TextEquiv>
                    <Unicode>Komtesse. Dieses leidende Herz.</Unicode>
                </TextEquiv>
            </TextLine>
            <TextLine id="tr_3_tl_2" custom="readingOrder {index:1;}">
                <Coords points="630,1971 1985,1977 2060,1959 2060,1889 1811,1876 1619,1938 1428,1889 630,1909"/>
                <Baseline points="641,1949 677,1952 722,1955 767,1955 811,1955 856,1958 901,1958 946,1955 990,1955 1035,1955 1080,1955 1125,1952 1170,1952 1214,1955 1259,1952 1304,1955 1349,1955 1393,1952 1438,1952 1483,1952 1528,1955 1573,1952 1617,1952 1662,1952 1707,1952 1752,1949 1796,1946 1841,1946 1886,1946 1931,1946 1975,1949 2020,1946 2065,1946"/>
                <TextEquiv>
                    <Unicode>Fürst. Und Ihr Vater, Mizzi.... Ihr, Vater!</Unicode>
                </TextEquiv>
            </TextLine>
            <TextLine id="tr_3_tl_3" custom="readingOrder {index:2;}">
                <Coords points="623,2043 1969,2045 2123,2033 2123,1957 623,1975"/>
                <Baseline points="635,2029 650,2026 695,2023 740,2023 785,2023 829,2023 874,2020 919,2017 964,2023 1008,2023 1053,2020 1098,2020 1143,2020 1187,2020 1232,2020 1277,2020 1322,2017 1367,2014 1411,2014 1456,2014 1501,2017 1546,2017 1590,2014 1635,2017 1680,2014 1725,2011 1770,2014 1814,2014 1859,2017 1904,2017 1949,2014 1993,2011 2038,2011 2083,2014 2128,2011"/>
                <TextEquiv>
                    <Unicode>Komtesse. Er hätte sich drein gefunden, da</Unicode>
                </TextEquiv>
            </TextLine>
            <TextLine id="tr_3_tl_4" custom="readingOrder {index:3;}">
                <Coords points="496,2107 1936,2113 2136,2101 2136,2035 496,2041"/>
                <Baseline points="507,2089 528,2089 573,2089 617,2089 662,2092 707,2092 752,2086 796,2086 841,2086 886,2089 931,2086 976,2086 1020,2089 1065,2086 1110,2086 1155,2086 1199,2089 1244,2089 1289,2086 1334,2083 1379,2086 1423,2086 1468,2086 1513,2086 1558,2086 1602,2086 1647,2083 1692,2080 1737,2080 1781,2083 1826,2083 1871,2083 1916,2083 1961,2083 2005,2083 2050,2083 2095,2080 2140,2080"/>
                <TextEquiv>
                    <Unicode>können Sie sich drauf verlassen. Damals hat ja gerade</Unicode>
                </TextEquiv>
            </TextLine>
            <TextLine id="tr_3_tl_5" custom="readingOrder {index:4;}">
                <Coords points="496,2181 2006,2183 2123,2169 2123,2101 496,2111"/>
                <Baseline points="507,2161 516,2161 561,2164 605,2161 650,2161 695,2161 740,2158 785,2158 829,2161 874,2161 919,2161 964,2161 1008,2161 1053,2158 1098,2158 1143,2158 1187,2158 1232,2158 1277,2155 1322,2158 1367,2155 1411,2155 1456,2155 1501,2155 1546,2152 1590,2155 1635,2155 1680,2152 1725,2152 1770,2155 1814,2155 1859,2152 1904,2152 1949,2152 1993,2152 2038,2155 2083,2152 2128,2149"/>
                <TextEquiv>
                    <Unicode>die Geschichte mit Lolo angefangen. Sonst wär' die Sache</Unicode>
                </TextEquiv>
            </TextLine>
            <TextLine id="tr_3_tl_6" custom="readingOrder {index:5;}">
                <Coords points="498,2234 1961,2247 2121,2230 2121,2169 498,2181"/>
                <Baseline points="510,2226 513,2226 558,2229 602,2229 647,2226 692,2226 737,2226 782,2223 826,2220 871,2220 916,2223 961,2223 1005,2223 1050,2220 1095,2220 1140,2223 1184,2223 1229,2223 1274,2220 1319,2220 1364,2217 1408,2214 1453,2217 1498,2217 1543,2217 1587,2217 1632,2214 1677,2217 1722,2217 1767,2214 1811,2214 1856,2214 1901,2214 1946,2214 1990,2214 2035,2211 2080,2214 2125,2214"/>
                <TextEquiv>
                    <Unicode>auch nicht so glatt gegangen. Sonst hätt' er sich ein</Unicode>
                </TextEquiv>
            </TextLine>
            <TextLine id="tr_3_tl_7" custom="readingOrder {index:6;}">
                <Coords points="496,2296 1897,2309 2080,2300 2113,2230 496,2232"/>
                <Baseline points="507,2292 552,2292 596,2292 641,2292 686,2292 731,2292 776,2292 820,2292 865,2289 910,2292 955,2292 999,2292 1044,2289 1089,2292 1134,2289 1179,2289 1223,2292 1268,2289 1313,2286 1358,2286 1402,2286 1447,2289 1492,2289 1537,2286 1581,2283 1626,2283 1671,2286 1716,2283 1761,2283 1805,2280 1850,2283 1895,2283 1940,2283 1984,2283 2029,2283 2074,2283 2119,2277"/>
                <TextEquiv>
                    <Unicode>bißchen mehr um mich gekummert. Ich hätt' nicht monate-</Unicode>
                </TextEquiv>
            </TextLine>
            <TextLine id="tr_3_tl_8" custom="readingOrder {index:7;}">
                <Coords points="498,2370 1916,2381 2113,2364 2115,2294 500,2300"/>
                <Baseline points="510,2358 552,2361 596,2361 641,2355 686,2358 731,2358 776,2358 820,2358 865,2358 910,2355 955,2358 999,2355 1044,2355 1089,2358 1134,2358 1179,2358 1223,2358 1268,2358 1313,2355 1358,2355 1402,2355 1447,2355 1492,2352 1537,2355 1581,2352 1626,2352 1671,2352 1716,2352 1761,2352 1805,2352 1850,2352 1895,2346 1940,2349 1984,2349 2029,2349 2074,2346 2119,2343"/>
                <TextEquiv>
                    <Unicode>lang fortbleiben können, wenn's ihm nicht g’rad sehr be-</Unicode>
                </TextEquiv>
            </TextLine>
            <TextLine id="tr_3_tl_9" custom="readingOrder {index:8;}">
                <Coords points="498,2455 2097,2440 2113,2374 498,2401"/>
                <Baseline points="510,2429 552,2432 596,2429 641,2429 686,2426 731,2426 776,2426 820,2426 865,2429 910,2426 955,2426 999,2426 1044,2426 1089,2426 1134,2426 1179,2423 1223,2423 1268,2423 1313,2423 1358,2423 1402,2423 1447,2420 1492,2420 1537,2420 1581,2420 1626,2420 1671,2420 1716,2417 1761,2417 1805,2417 1850,2414 1895,2420 1940,2417 1984,2417 2029,2417 2074,2414 2119,2414"/>
                <TextEquiv>
                    <Unicode>quem gewesen wäre. Gefährlich an der ganzen Sache war</Unicode>
                </TextEquiv>
            </TextLine>
            <TextLine id="tr_3_tl_10" custom="readingOrder {index:9;}">
                <Coords points="484,2510 1835,2483 2051,2537 2107,2516 2107,2440 484,2461"/>
                <Baseline points="495,2498 501,2501 546,2498 591,2498 635,2495 680,2492 725,2495 770,2492 814,2492 859,2492 904,2492 949,2492 993,2492 1038,2489 1083,2489 1128,2486 1173,2486 1217,2489 1262,2489 1307,2489 1352,2492 1396,2492 1441,2489 1486,2489 1531,2489 1576,2489 1620,2489 1665,2486 1710,2483 1755,2483 1799,2483 1844,2483 1889,2483 1934,2483 1978,2483 2023,2483 2068,2480 2113,2477"/>
                <TextEquiv>
                    <Unicode>nur eins: daß der Fedor Wangenheim Sie möglicher¬</Unicode>
                </TextEquiv>
            </TextLine>
            <TextLine id="tr_3_tl_11" custom="readingOrder {index:10;}">
                <Coords points="502,2578 1494,2576 1543,2570 1543,2500 1362,2518 1280,2490 1175,2531 1082,2492 502,2522"/>
                <Baseline points="513,2561 519,2561 564,2561 608,2561 653,2564 698,2561 743,2558 788,2558 832,2558 877,2558 922,2558 967,2558 1011,2558 1056,2558 1101,2558 1146,2558 1190,2558 1235,2558 1280,2558 1325,2558 1370,2555 1414,2555 1459,2555 1504,2552 1549,2555"/>
                <TextEquiv>
                    <Unicode>weise totgeschossen hätte, lieber Fürst.</Unicode>
                </TextEquiv>
            </TextLine>
            <TextLine id="tr_3_tl_12" custom="readingOrder {index:11;}">
                <Coords points="623,2652 2113,2638 2113,2576 1924,2533 1605,2586 1243,2562 1193,2603 1142,2568 623,2572"/>
                <Baseline points="635,2623 641,2626 686,2629 731,2629 776,2629 820,2629 865,2629 910,2626 955,2626 999,2626 1044,2623 1089,2620 1134,2623 1179,2623 1223,2623 1268,2623 1313,2623 1358,2623 1402,2623 1447,2623 1492,2620 1537,2623 1581,2620 1626,2623 1671,2620 1716,2620 1761,2620 1805,2620 1850,2620 1895,2620 1940,2617 1984,2617 2029,2620 2074,2620 2119,2620"/>
                <TextEquiv>
                    <Unicode>Fürst. Er mich? Es hätte sich auch anders fügen</Unicode>
                </TextEquiv>
            </TextLine>
            <TextLine id="tr_3_tl_13" custom="readingOrder {index:12;}">
                <Coords points="488,2724 2068,2710 2117,2638 778,2636 722,2675 490,2638"/>
                <Baseline points="498,2698 510,2695 555,2698 599,2698 644,2698 689,2701 734,2698 779,2698 823,2698 868,2695 913,2695 958,2695 1002,2695 1047,2695 1092,2695 1137,2692 1182,2689 1226,2692 1271,2692 1316,2692 1361,2695 1405,2695 1450,2692 1495,2686 1540,2686 1584,2689 1629,2689 1674,2689 1719,2689 1764,2689 1808,2689 1853,2689 1898,2683 1943,2686 1987,2689 2032,2689 2077,2689 2122,2686"/>
                <TextEquiv>
                    <Unicode>können. Oder glauben Sie an ein Gottesurteil? Dann</Unicode>
                </TextEquiv>
            </TextLine>
            <TextLine id="tr_3_tl_14" custom="readingOrder {index:13;}">
                <Coords points="492,2776 1790,2794 2115,2774 2115,2701 492,2722"/>
                <Baseline points="504,2766 507,2764 552,2766 596,2764 641,2766 686,2764 731,2764 776,2764 820,2764 865,2761 910,2761 955,2758 999,2761 1044,2758 1089,2758 1134,2761 1179,2761 1223,2761 1268,2761 1313,2758 1358,2761 1402,2758 1447,2758 1492,2758 1537,2758 1581,2755 1626,2758 1671,2755 1716,2758 1761,2755 1805,2755 1850,2755 1895,2752 1940,2755 1984,2752 2029,2752 2074,2755 2119,2755"/>
                <TextEquiv>
                    <Unicode>wäre übrigens der Ausgang auch noch fraglich gewesen.</Unicode>
                </TextEquiv>
            </TextLine>
            <TextLine id="tr_3_tl_15" custom="readingOrder {index:14;}">
                <Coords points="492,2846 2115,2862 2117,2776 494,2776"/>
                <Baseline points="504,2832 510,2835 555,2832 599,2835 644,2832 689,2832 734,2832 779,2829 823,2829 868,2829 913,2829 958,2832 1002,2829 1047,2826 1092,2826 1137,2826 1182,2826 1226,2826 1271,2823 1316,2823 1361,2826 1405,2826 1450,2826 1495,2823 1540,2823 1584,2823 1629,2823 1674,2823 1719,2823 1764,2823 1808,2820 1853,2820 1898,2820 1943,2823 1987,2817 2032,2820 2077,2820 2122,2817"/>
                <TextEquiv>
                    <Unicode>Denn wir armen Sterblichen können ja nie wissen, wie</Unicode>
                </TextEquiv>
            </TextLine>
            <TextLine id="tr_3_tl_16" custom="readingOrder {index:15;}">
                <Coords points="488,2915 1140,2895 1420,2922 1640,2903 1640,2850 1346,2825 1245,2860 488,2854"/>
                <Baseline points="498,2901 525,2901 570,2901 614,2901 659,2901 704,2898 749,2895 793,2895 838,2895 883,2895 928,2898 973,2895 1017,2895 1062,2895 1107,2892 1152,2895 1196,2895 1241,2895 1286,2895 1331,2892 1376,2895 1420,2892 1465,2892 1510,2892 1555,2892 1599,2892 1644,2889"/>
                <TextEquiv>
                    <Unicode>der da droben über so eine Sache denkt.</Unicode>
                </TextEquiv>
            </TextLine>
            <TextLine id="tr_3_tl_17" custom="readingOrder {index:16;}">
                <Coords points="609,2971 1796,2957 2119,2996 2121,2903 609,2924"/>
                <Baseline points="620,2966 644,2966 689,2966 734,2963 779,2963 823,2963 868,2963 913,2961 958,2961 1002,2963 1047,2963 1092,2963 1137,2963 1182,2963 1226,2961 1271,2963 1316,2963 1361,2961 1405,2961 1450,2961 1495,2961 1540,2958 1584,2958 1629,2958 1674,2958 1719,2955 1764,2958 1808,2955 1853,2955 1898,2958 1943,2958 1987,2958 2032,2955 2077,2955 2122,2955"/>
                <TextEquiv>
                    <Unicode>Komtesse. Im Herrenhaus würden Sie anders</Unicode>
                </TextEquiv>
            </TextLine>
            <TextLine id="tr_3_tl_18" custom="readingOrder {index:17;}">
                <Coords points="477,3037 1642,3053 1794,3037 1794,2959 1560,2992 1023,2965 852,3000 551,2967 477,3002"/>
                <Baseline points="489,3035 501,3035 546,3035 591,3035 635,3035 680,3032 725,3032 770,3035 814,3032 859,3032 904,3029 949,3032 993,3029 1038,3029 1083,3029 1128,3029 1173,3026 1217,3029 1262,3026 1307,3029 1352,3029 1396,3029 1441,3026 1486,3026 1531,3026 1576,3026 1620,3026 1665,3026 1710,3026 1755,3023 1799,3026"/>
                <TextEquiv>
                    <Unicode>reden, wenn Sie dort je den Mund auftäten.</Unicode>
                </TextEquiv>
            </TextLine>
            <TextLine id="tr_3_tl_19" custom="readingOrder {index:18;}">
                <Coords points="617,3111 2092,3117 2123,3037 617,3043"/>
                <Baseline points="629,3089 650,3089 695,3095 740,3101 785,3098 829,3098 874,3098 919,3098 964,3098 1008,3098 1053,3095 1098,3098 1143,3098 1187,3098 1232,3098 1277,3095 1322,3095 1367,3095 1411,3095 1456,3095 1501,3092 1546,3089 1590,3092 1635,3095 1680,3092 1725,3095 1770,3095 1814,3092 1859,3095 1904,3095 1949,3095 1993,3095 2038,3092 2083,3089 2128,3086"/>
                <TextEquiv>
                    <Unicode>Fürst. Aber das Wesentliche ist dach, daß uns alle</Unicode>
                </TextEquiv>
            </TextLine>
            <TextLine id="tr_3_tl_20" custom="readingOrder {index:19;}">
                <Coords points="496,3187 1173,3222 1878,3175 2014,3214 2123,3177 2125,3101 874,3099 804,3140 498,3105"/>
                <Baseline points="507,3166 516,3163 561,3169 605,3166 650,3169 695,3169 740,3169 785,3169 829,3169 874,3169 919,3169 964,3169 1008,3169 1053,3166 1098,3169 1143,3166 1187,3166 1232,3163 1277,3163 1322,3163 1367,3163 1411,3163 1456,3163 1501,3160 1546,3163 1590,3163 1635,3163 1680,3163 1725,3163 1770,3163 1814,3169 1859,3166 1904,3163 1949,3163 1993,3160 2038,3160 2083,3160 2128,3163"/>
                <TextEquiv>
                    <Unicode>Ehrlichkeit und Kühnheit nicht das Geringste geholfen</Unicode>
                </TextEquiv>
            </TextLine>
        </TextRegion>
        <TextRegion id="tr_4" custom="readingOrder {index:2;}">
            <Coords points="2564,349 4232,349 4232,1577 2564,1577"/>
            <TextLine id="tr_4_tl_1" custom="readingOrder {index:0;}">
                <Coords points="3247,422 3288,418 3298,428 3321,416 3337,432 3393,432 3420,409 3457,401 3475,420 3533,428 3535,372 3485,372 3471,358 3452,374 3426,377 3389,352 3372,356 3350,342 3304,360 3249,346"/>
                <Baseline points="3259,411 3298,411 3343,414 3387,414 3432,408 3441,408 3447,408 3492,405 3537,399"/>
                <TextEquiv>
                    <Unicode>— 19 —</Unicode>
                </TextEquiv>
            </TextLine>
            <TextLine id="tr_4_tl_2" custom="readingOrder {index:1;}">
                <Coords points="2553,549 4199,531 4199,461 3922,444 3160,500 3033,453 2693,488 2555,449"/>
                <Baseline points="2564,546 2590,549 2635,546 2680,546 2725,543 2769,543 2814,540 2859,540 2904,537 2949,537 2993,537 3038,537 3083,534 3128,534 3172,534 3217,531 3262,531 3307,528 3352,528 3396,528 3441,525 3486,525 3531,525 3575,525 3620,522 3665,522 3710,522 3754,522 3799,516 3844,519 3889,516 3934,513 3978,516 4023,513 4068,510 4113,513 4157,510 4202,507"/>
                <TextEquiv>
                    <Unicode>hätte. Es wäre eine nutzlose Grausamkeit gewesen gegen</Unicode>
                </TextEquiv>
            </TextLine>
            <TextLine id="tr_4_tl_3" custom="readingOrder {index:2;}">
                <Coords points="2562,625 4154,609 4197,603 4199,529 2564,551"/>
                <Baseline points="2572,611 2593,614 2638,611 2683,611 2728,605 2772,605 2817,605 2862,605 2907,602 2952,602 2996,605 3041,602 3086,602 3131,599 3175,599 3220,599 3265,599 3310,599 3355,596 3399,596 3444,596 3489,593 3534,593 3578,593 3623,591 3668,591 3713,591 3757,588 3802,585 3847,582 3892,585 3937,582 3981,582 4026,582 4071,582 4116,582 4160,579 4205,573"/>
                <TextEquiv>
                    <Unicode>Menschen, die uns nahestanden. Ein Dispens wär' kaum zu</Unicode>
                </TextEquiv>
            </TextLine>
            <TextLine id="tr_4_tl_4" custom="readingOrder {index:3;}">
                <Coords points="2562,691 4191,669 4193,605 2562,642"/>
                <Baseline points="2572,680 2584,683 2629,683 2674,680 2719,677 2764,680 2808,677 2853,674 2898,674 2943,674 2987,671 3032,671 3077,665 3122,662 3166,665 3211,668 3256,668 3301,668 3346,662 3390,662 3435,662 3480,662 3525,659 3569,659 3614,659 3659,656 3704,656 3749,656 3793,653 3838,650 3883,650 3928,650 3972,650 4017,647 4062,647 4107,647 4151,644 4196,644"/>
                <TextEquiv>
                    <Unicode>erlangen gewesen — und nebstbei hätte die Fürstin nie in</Unicode>
                </TextEquiv>
            </TextLine>
            <TextLine id="tr_4_tl_5" custom="readingOrder {index:4;}">
                <Coords points="2562,770 4171,747 4201,665 2564,691"/>
                <Baseline points="2575,749 2593,749 2638,746 2683,746 2728,746 2772,746 2817,743 2862,743 2907,743 2952,740 2996,740 3041,740 3086,740 3131,737 3175,737 3220,737 3265,737 3310,734 3355,734 3399,731 3444,731 3489,728 3534,725 3578,725 3623,722 3668,725 3713,725 3757,722 3802,722 3847,719 3892,719 3937,716 3981,716 4026,713 4071,713 4116,713 4160,713 4205,710"/>
                <TextEquiv>
                    <Unicode>die Scheidung gewilligt, das wissen Sie so gut wie ich.</Unicode>
                </TextEquiv>
            </TextLine>
            <TextLine id="tr_4_tl_6" custom="readingOrder {index:5;}">
                <Coords points="2693,833 4088,835 4206,800 4206,735 2695,778"/>
                <Baseline points="2704,823 2731,820 2775,823 2820,820 2865,820 2910,817 2955,817 2999,817 3044,814 3089,814 3134,814 3178,814 3223,814 3268,814 3313,811 3357,811 3402,811 3447,808 3492,808 3537,805 3581,805 3626,805 3671,805 3716,805 3760,802 3805,799 3850,799 3895,799 3940,796 3984,796 4029,793 4074,790 4119,788 4163,788 4208,785"/>
                <TextEquiv>
                    <Unicode>Komtesse. Als wenn mir an der Heirat das Ge¬</Unicode>
                </TextEquiv>
            </TextLine>
            <TextLine id="tr_4_tl_7" custom="readingOrder {index:6;}">
                <Coords points="2562,911 2699,924 2728,899 2784,897 2817,920 2878,897 2936,926 2996,887 3053,911 3181,899 3183,842 3101,821 2990,852 2880,823 2765,864 2648,819 2564,854"/>
                <Baseline points="2572,895 2605,895 2650,895 2695,889 2740,892 2784,889 2829,889 2874,889 2919,886 2963,886 3008,883 3053,883 3098,883 3143,886 3187,883"/>
                <TextEquiv>
                    <Unicode>ringste gelegen wäre.</Unicode>
                </TextEquiv>
            </TextLine>
            <TextLine id="tr_4_tl_8" custom="readingOrder {index:7;}">
                <Coords points="2699,981 2755,977 2776,990 2819,957 2878,986 2915,963 2953,975 3014,953 3078,951 3103,967 3160,957 3160,928 3125,911 3076,926 2998,889 2934,924 2889,897 2817,920 2788,897 2699,909"/>
                <Baseline points="2710,955 2716,952 2761,949 2805,952 2850,952 2895,952 2940,952 2984,952 3029,952 3074,952 3119,952 3163,952"/>
                <TextEquiv>
                    <Unicode>Fürst. O..</Unicode>
                </TextEquiv>
            </TextLine>
            <TextLine id="tr_4_tl_9" custom="readingOrder {index:8;}">
                <Coords points="2695,1045 4212,1016 4214,895 3858,953 3634,928 3535,969 3399,926 2697,981"/>
                <Baseline points="2707,1020 2740,1023 2784,1023 2829,1023 2874,1020 2919,1020 2963,1017 3008,1011 3053,1017 3098,1014 3143,1011 3187,1017 3232,1014 3277,1011 3322,1011 3366,1008 3411,1008 3456,1008 3501,1005 3546,1002 3590,999 3635,1002 3680,1002 3725,999 3769,999 3814,999 3859,996 3904,993 3949,993 3993,993 4038,990 4083,993 4128,990 4172,990 4217,985"/>
                <TextEquiv>
                    <Unicode>Komtesse. Nichts. Das ist Ihnen doch nichts</Unicode>
                </TextEquiv>
            </TextLine>
            <TextLine id="tr_4_tl_10" custom="readingOrder {index:9;}">
                <Coords points="2572,1119 4210,1078 4173,998 2574,1031"/>
                <Baseline points="2584,1098 2602,1098 2647,1098 2692,1092 2737,1095 2781,1092 2826,1092 2871,1089 2916,1089 2961,1083 3005,1083 3050,1083 3095,1080 3140,1086 3184,1086 3229,1083 3274,1080 3319,1080 3363,1077 3408,1077 3453,1074 3498,1077 3543,1077 3587,1074 3632,1071 3677,1071 3722,1068 3766,1068 3811,1068 3856,1065 3901,1062 3946,1059 3990,1059 4035,1059 4080,1062 4125,1059 4169,1059 4214,1056"/>
                <TextEquiv>
                    <Unicode>Neues? Ich hab's Ihnen doch damals auch gesagt. Sie</Unicode>
                </TextEquiv>
            </TextLine>
            <TextLine id="tr_4_tl_11" custom="readingOrder {index:10;}">
                <Coords points="2576,1185 3263,1144 3786,1173 4216,1138 4216,1088 2578,1117"/>
                <Baseline points="2587,1164 2608,1167 2653,1164 2698,1161 2743,1161 2787,1155 2832,1155 2877,1158 2922,1158 2966,1155 3011,1155 3056,1152 3101,1149 3146,1149 3190,1149 3235,1146 3280,1146 3325,1146 3369,1143 3414,1146 3459,1146 3504,1143 3549,1143 3593,1140 3638,1140 3683,1140 3728,1140 3772,1137 3817,1137 3862,1134 3907,1131 3951,1128 3996,1131 4041,1128 4086,1128 4131,1128 4175,1125 4220,1128"/>
                <TextEquiv>
                    <Unicode>ahnen ja nicht, wie ich damals... (Blick) was</Unicode>
                </TextEquiv>
            </TextLine>
            <TextLine id="tr_4_tl_12" custom="readingOrder {index:11;}">
                <Coords points="2572,1232 3926,1228 4218,1206 4220,1138 2574,1183"/>
                <Baseline points="2584,1232 2611,1232 2656,1229 2701,1226 2746,1226 2790,1226 2835,1226 2880,1226 2925,1223 2969,1223 3014,1220 3059,1220 3104,1217 3149,1220 3193,1217 3238,1217 3283,1217 3328,1217 3372,1214 3417,1214 3462,1211 3507,1211 3552,1211 3596,1208 3641,1208 3686,1205 3731,1205 3775,1202 3820,1199 3865,1202 3910,1199 3954,1196 3999,1196 4044,1196 4089,1193 4134,1190 4178,1190 4223,1184"/>
                <TextEquiv>
                    <Unicode>was damals aus mir zu machen gewesen wäre. Ueberall¬</Unicode>
                </TextEquiv>
            </TextLine>
            <TextLine id="tr_4_tl_13" custom="readingOrder {index:12;}">
                <Coords points="2572,1325 4123,1290 4218,1269 4220,1212 2574,1234"/>
                <Baseline points="2584,1292 2614,1298 2659,1298 2704,1298 2749,1295 2793,1295 2838,1292 2883,1292 2928,1289 2972,1289 3017,1286 3062,1289 3107,1286 3152,1286 3196,1286 3241,1283 3286,1283 3331,1283 3375,1283 3420,1280 3465,1277 3510,1274 3554,1277 3599,1274 3644,1274 3689,1274 3734,1271 3778,1271 3823,1268 3868,1268 3913,1265 3957,1265 4002,1262 4047,1262 4092,1262 4137,1262 4181,1259 4226,1259"/>
                <TextEquiv>
                    <Unicode>hin wär ich Ihnen gefolgt, überallhin, auch als Ihre</Unicode>
                </TextEquiv>
            </TextLine>
            <TextLine id="tr_4_tl_14" custom="readingOrder {index:13;}">
                <Coords points="2574,1370 4168,1358 4216,1346 4218,1267 2576,1319"/>
                <Baseline points="2587,1361 2608,1361 2653,1364 2698,1364 2743,1364 2787,1364 2832,1361 2877,1361 2922,1361 2966,1358 3011,1358 3056,1358 3101,1355 3146,1355 3190,1352 3235,1352 3280,1352 3325,1349 3369,1349 3414,1349 3459,1346 3504,1346 3549,1346 3593,1346 3638,1343 3683,1340 3728,1340 3772,1337 3817,1334 3862,1331 3907,1331 3951,1331 3996,1331 4041,1331 4086,1331 4131,1328 4175,1328 4220,1325"/>
                <TextEquiv>
                    <Unicode>Geliebte. Ich mit unserm Kind. Nach der Schweiz, nach</Unicode>
                </TextEquiv>
            </TextLine>
            <TextLine id="tr_4_tl_15" custom="readingOrder {index:14;}">
                <Coords points="2584,1440 4109,1420 4224,1409 4226,1348 2586,1376"/>
                <Baseline points="2596,1429 2620,1429 2665,1432 2710,1432 2755,1429 2799,1429 2844,1426 2889,1426 2934,1423 2978,1423 3023,1420 3068,1420 3113,1420 3158,1420 3202,1420 3247,1414 3292,1417 3337,1414 3381,1414 3426,1414 3471,1411 3516,1411 3560,1408 3605,1408 3650,1408 3695,1402 3740,1402 3784,1402 3829,1402 3874,1399 3919,1399 3963,1399 4008,1399 4053,1396 4098,1396 4143,1393 4187,1393 4232,1390"/>
                <TextEquiv>
                    <Unicode>Amerika. Wir hätten ja schließlich leben können, wo es</Unicode>
                </TextEquiv>
            </TextLine>
            <TextLine id="tr_4_tl_16" custom="readingOrder {index:15;}">
                <Coords points="2578,1508 4222,1486 4224,1409 3278,1459 2866,1430 2741,1475 2578,1436"/>
                <Baseline points="2590,1501 2614,1498 2659,1498 2704,1495 2749,1495 2793,1498 2838,1498 2883,1492 2928,1492 2972,1489 3017,1489 3062,1492 3107,1489 3152,1489 3196,1486 3241,1483 3286,1483 3331,1480 3375,1483 3420,1480 3465,1477 3510,1480 3554,1477 3599,1477 3644,1474 3689,1474 3734,1471 3778,1471 3823,1468 3868,1468 3913,1465 3957,1465 4002,1465 4047,1465 4092,1462 4137,1459 4181,1459 4226,1456"/>
                <TextEquiv>
                    <Unicode>uns gepaßt hätte. Und im Herrenhaus hättte man viel¬</Unicode>
                </TextEquiv>
            </TextLine>
            <TextLine id="tr_4_tl_17" custom="readingOrder {index:16;}">
                <Coords points="2572,1580 3901,1570 4002,1549 4004,1486 2759,1533 2574,1502"/>
                <Baseline points="2584,1567 2620,1567 2665,1564 2710,1564 2755,1564 2799,1564 2844,1561 2889,1561 2934,1558 2978,1558 3023,1558 3068,1558 3113,1555 3158,1555 3202,1555 3247,1555 3292,1552 3337,1549 3381,1552 3426,1549 3471,1546 3516,1546 3560,1543 3605,1543 3650,1543 3695,1543 3740,1540 3784,1537 3829,1531 3874,1531 3919,1531 3963,1531 4008,1534"/>
                <TextEquiv>
                    <Unicode>leicht nicht einmal gemerkt, daß Sie verreist sind.</Unicode>
                </TextEquiv>
            </TextLine>
        </TextRegion>
        <TextRegion id="tr_1" custom="readingOrder {index:3;}">
            <Coords points="2590,1552 4259,1552 4259,3162 2590,3162"/>
            <TextLine id="tr_1_tl_1" custom="readingOrder {index:0;}">
                <Coords points="2714,1665 4156,1636 4226,1615 4226,1555 3780,1549 3572,1593 3282,1562 3086,1611 2716,1586"/>
                <Baseline points="2725,1635 2752,1632 2796,1635 2841,1638 2886,1638 2931,1638 2975,1638 3020,1638 3065,1635 3110,1635 3155,1635 3199,1632 3244,1632 3289,1629 3334,1629 3378,1629 3423,1626 3468,1626 3513,1623 3557,1623 3602,1617 3647,1620 3692,1620 3737,1617 3781,1617 3826,1617 3871,1617 3916,1614 3960,1611 4005,1611 4050,1608 4095,1605 4140,1608 4184,1608 4229,1602"/>
                <TextEquiv>
                    <Unicode>Fürst. Ja, natürlich hätten wir fliehen und uns</Unicode>
                </TextEquiv>
            </TextLine>
            <TextLine id="tr_1_tl_2" custom="readingOrder {index:1;}">
                <Coords points="2578,1734 4203,1702 4224,1617 3959,1617 3883,1665 2985,1640 2864,1683 2580,1644"/>
                <Baseline points="2590,1713 2617,1716 2662,1716 2707,1716 2752,1713 2796,1710 2841,1707 2886,1704 2931,1707 2975,1704 3020,1704 3065,1704 3110,1704 3155,1701 3199,1701 3244,1698 3289,1698 3334,1698 3378,1695 3423,1695 3468,1695 3513,1692 3557,1689 3602,1689 3647,1689 3692,1686 3737,1686 3781,1686 3826,1686 3871,1686 3916,1683 3960,1680 4005,1680 4050,1677 4095,1674 4140,1674 4184,1674 4229,1677"/>
                <TextEquiv>
                    <Unicode>irgendwo im Ausland ansiedeln können.... Aber daß</Unicode>
                </TextEquiv>
            </TextLine>
            <TextLine id="tr_1_tl_3" custom="readingOrder {index:2;}">
                <Coords points="2584,1792 3899,1786 4230,1759 4232,1697 2584,1726"/>
                <Baseline points="2596,1781 2626,1784 2671,1781 2716,1781 2761,1781 2805,1778 2850,1776 2895,1776 2940,1776 2984,1776 3029,1773 3074,1773 3119,1770 3163,1770 3208,1770 3253,1767 3298,1767 3343,1764 3387,1764 3432,1764 3477,1761 3522,1761 3566,1761 3611,1758 3656,1758 3701,1755 3746,1755 3790,1752 3835,1752 3880,1752 3925,1749 3969,1749 4014,1746 4059,1746 4104,1743 4148,1743 4193,1743 4238,1740"/>
                <TextEquiv>
                    <Unicode>Ihnen ein solcher Zustand auf die Dauer angenehm oder</Unicode>
                </TextEquiv>
            </TextLine>
            <TextLine id="tr_1_tl_4" custom="readingOrder {index:3;}">
                <Coords points="2588,1856 3568,1868 3926,1815 4064,1868 4238,1856 4241,1763 2590,1813"/>
                <Baseline points="2599,1853 2632,1853 2677,1850 2722,1850 2766,1847 2811,1847 2856,1844 2901,1844 2946,1841 2990,1841 3035,1841 3080,1841 3125,1838 3169,1838 3214,1838 3259,1835 3304,1835 3349,1832 3393,1832 3438,1832 3483,1832 3528,1829 3572,1829 3617,1829 3662,1826 3707,1823 3751,1823 3796,1820 3841,1820 3886,1817 3931,1814 3975,1814 4020,1814 4065,1814 4110,1811 4154,1811 4199,1811 4244,1808"/>
                <TextEquiv>
                    <Unicode>nur erträglich gewesen wäre, das glauben Sie wohl heute</Unicode>
                </TextEquiv>
            </TextLine>
            <TextLine id="tr_1_tl_5" custom="readingOrder {index:4;}">
                <Coords points="2597,1959 2652,1965 2765,1922 2843,1946 2934,1913 2955,1928 3010,1920 3027,1938 3049,1918 3099,1936 3099,1872 3055,1856 2942,1862 2913,1883 2889,1860 2870,1870 2829,1856 2769,1881 2734,1858 2638,1874 2597,1862"/>
                <Baseline points="2608,1922 2653,1916 2698,1913 2743,1916 2787,1916 2832,1913 2877,1913 2922,1907 2966,1910 3011,1910 3056,1910 3101,1910"/>
                <TextEquiv>
                    <Unicode>selbst nicht mehr.</Unicode>
                </TextEquiv>
            </TextLine>
            <TextLine id="tr_1_tl_6" custom="readingOrder {index:5;}">
                <Coords points="2708,1994 4236,1969 4241,1856 3860,1913 3216,1903 3142,1953 2710,1932"/>
                <Baseline points="2722,1984 2766,1984 2811,1981 2856,1981 2901,1981 2946,1978 2990,1975 3035,1970 3080,1973 3125,1975 3169,1973 3214,1973 3259,1973 3304,1967 3349,1967 3393,1967 3438,1967 3483,1967 3528,1964 3572,1964 3617,1961 3662,1961 3707,1958 3751,1958 3796,1952 3841,1955 3886,1952 3931,1949 3975,1943 4020,1943 4065,1943 4110,1940 4154,1940 4199,1943 4244,1940"/>
                <TextEquiv>
                    <Unicode>Komtesse. Heute, nein. Heutte kenn' ich Sie</Unicode>
                </TextEquiv>
            </TextLine>
            <TextLine id="tr_1_tl_7" custom="readingOrder {index:6;}">
                <Coords points="2588,2062 4222,2039 4236,1969 2588,2006"/>
                <Baseline points="2599,2053 2629,2056 2674,2056 2719,2056 2764,2053 2808,2053 2853,2050 2898,2050 2943,2047 2987,2047 3032,2044 3077,2044 3122,2044 3166,2041 3211,2041 3256,2038 3301,2038 3346,2035 3390,2035 3435,2035 3480,2032 3525,2026 3569,2029 3614,2026 3659,2029 3704,2029 3749,2023 3793,2023 3838,2020 3883,2020 3928,2020 3972,2017 4017,2017 4062,2014 4107,2011 4151,2011 4196,2011 4241,2008"/>
                <TextEquiv>
                    <Unicode>nämlich. Aber damals hab' ich Sie geliebt. Und ich hätte</Unicode>
                </TextEquiv>
            </TextLine>
            <TextLine id="tr_1_tl_8" custom="readingOrder {index:7;}">
                <Coords points="2590,2127 4158,2105 4234,2095 4236,2037 2590,2074"/>
                <Baseline points="2602,2119 2629,2119 2674,2122 2719,2122 2764,2122 2808,2119 2853,2119 2898,2116 2943,2113 2987,2110 3032,2107 3077,2104 3122,2107 3166,2110 3211,2110 3256,2110 3301,2107 3346,2101 3390,2101 3435,2101 3480,2101 3525,2098 3569,2098 3614,2095 3659,2095 3704,2092 3749,2092 3793,2092 3838,2089 3883,2083 3928,2083 3972,2083 4017,2083 4062,2080 4107,2077 4151,2074 4196,2074 4241,2077"/>
                <TextEquiv>
                    <Unicode>Sie vielleicht — sehr lang lieben können, wenn Sie</Unicode>
                </TextEquiv>
            </TextLine>
            <TextLine id="tr_1_tl_9" custom="readingOrder {index:8;}">
                <Coords points="2588,2216 4218,2175 4232,2095 2590,2140"/>
                <Baseline points="2599,2190 2623,2190 2668,2190 2713,2190 2758,2187 2802,2187 2847,2187 2892,2184 2937,2184 2981,2181 3026,2181 3071,2181 3116,2178 3160,2178 3205,2178 3250,2175 3295,2172 3340,2172 3384,2170 3429,2170 3474,2170 3519,2167 3563,2167 3608,2164 3653,2164 3698,2161 3743,2158 3787,2158 3832,2158 3877,2155 3922,2152 3966,2152 4011,2152 4056,2149 4101,2149 4146,2149 4190,2146 4235,2143"/>
                <TextEquiv>
                    <Unicode>damals nicht zu feig gewesen wären, die Verantwortung</Unicode>
                </TextEquiv>
            </TextLine>
            <TextLine id="tr_1_tl_10" custom="readingOrder {index:9;}">
                <Coords points="2597,2284 4216,2259 4234,2173 2599,2214"/>
                <Baseline points="2608,2253 2626,2259 2671,2262 2716,2259 2761,2259 2805,2259 2850,2256 2895,2256 2940,2253 2984,2250 3029,2247 3074,2250 3119,2247 3163,2247 3208,2247 3253,2247 3298,2241 3343,2241 3387,2241 3432,2241 3477,2238 3522,2235 3566,2235 3611,2235 3656,2229 3701,2229 3746,2229 3790,2220 3835,2223 3880,2226 3925,2226 3969,2226 4014,2226 4059,2223 4104,2220 4148,2217 4193,2217 4238,2220"/>
                <TextEquiv>
                    <Unicode>zu übernehmen, für das, was geschehen ist... Zu feig,</Unicode>
                </TextEquiv>
            </TextLine>
            <TextLine id="tr_1_tl_11" custom="readingOrder {index:10;}">
                <Coords points="2597,2333 2646,2341 2667,2362 2726,2337 2736,2343 2761,2333 2878,2350 2878,2302 2860,2311 2833,2300 2804,2306 2718,2271 2697,2282 2642,2271 2629,2282 2597,2286"/>
                <Baseline points="2608,2328 2614,2328 2659,2328 2704,2328 2749,2328 2793,2328 2838,2325 2883,2325"/>
                <TextEquiv>
                    <Unicode>Egon...</Unicode>
                </TextEquiv>
            </TextLine>
            <TextLine id="tr_1_tl_12" custom="readingOrder {index:11;}">
                <Coords points="2726,2420 4138,2362 4138,2325 3930,2282 3720,2327 3029,2300 2728,2341"/>
                <Baseline points="2737,2384 2755,2387 2799,2390 2844,2390 2889,2387 2934,2387 2978,2387 3023,2384 3068,2384 3113,2384 3158,2384 3202,2381 3247,2378 3292,2378 3337,2375 3381,2372 3426,2372 3471,2369 3516,2369 3560,2369 3605,2369 3650,2364 3695,2361 3740,2361 3784,2361 3829,2358 3874,2358 3919,2355 3963,2355 4008,2355 4053,2355 4098,2355 4143,2352"/>
                <TextEquiv>
                    <Unicode>Fürst. Ob das gerade das richtige Wort ist...</Unicode>
                </TextEquiv>
            </TextLine>
            <TextLine id="tr_1_tl_13" custom="readingOrder {index:12;}">
                <Coords points="2726,2475 4193,2442 4238,2434 4241,2368 2728,2420"/>
                <Baseline points="2737,2465 2766,2462 2811,2462 2856,2459 2901,2459 2946,2456 2990,2456 3035,2453 3080,2453 3125,2453 3169,2453 3214,2450 3259,2447 3304,2444 3349,2444 3393,2438 3438,2438 3483,2438 3528,2438 3572,2438 3617,2435 3662,2435 3707,2432 3751,2432 3796,2429 3841,2426 3886,2426 3931,2423 3975,2420 4020,2420 4065,2420 4110,2417 4154,2417 4199,2414 4244,2414"/>
                <TextEquiv>
                    <Unicode>Komtesse. Ja. Ich habe kein anderes. An mir</Unicode>
                </TextEquiv>
            </TextLine>
            <TextLine id="tr_1_tl_14" custom="readingOrder {index:13;}">
                <Coords points="2601,2557 4043,2525 4232,2506 4234,2436 2603,2467"/>
                <Baseline points="2611,2537 2626,2534 2671,2534 2716,2534 2761,2531 2805,2528 2850,2531 2895,2528 2940,2528 2984,2528 3029,2522 3074,2519 3119,2516 3163,2516 3208,2516 3253,2516 3298,2516 3343,2513 3387,2510 3432,2510 3477,2507 3522,2507 3566,2501 3611,2504 3656,2504 3701,2501 3746,2498 3790,2498 3835,2495 3880,2495 3925,2492 3969,2492 4014,2489 4059,2489 4104,2486 4148,2486 4193,2486 4238,2483"/>
                <TextEquiv>
                    <Unicode>lag es nicht. Ich war bereit, alles auf mich zu nehmen,</Unicode>
                </TextEquiv>
            </TextLine>
            <TextLine id="tr_1_tl_15" custom="readingOrder {index:14;}">
                <Coords points="2595,2603 2759,2636 3127,2584 4241,2576 4243,2508 2597,2560"/>
                <Baseline points="2605,2602 2632,2602 2677,2602 2722,2599 2766,2596 2811,2596 2856,2596 2901,2593 2946,2596 2990,2593 3035,2590 3080,2587 3125,2584 3169,2584 3214,2584 3259,2581 3304,2584 3349,2581 3393,2575 3438,2572 3483,2575 3528,2572 3572,2572 3617,2569 3662,2569 3707,2569 3751,2567 3796,2567 3841,2564 3886,2564 3931,2561 3975,2561 4020,2558 4065,2555 4110,2555 4154,2552 4199,2549 4244,2552"/>
                <TextEquiv>
                    <Unicode>mit Freuden, mit Stolz. Ich war bereit, Mutter zu sein</Unicode>
                </TextEquiv>
            </TextLine>
            <TextLine id="tr_1_tl_16" custom="readingOrder {index:15;}">
                <Coords points="2603,2681 4195,2648 4241,2642 4243,2576 2605,2607"/>
                <Baseline points="2614,2671 2635,2671 2680,2668 2725,2668 2769,2668 2814,2665 2859,2665 2904,2662 2949,2662 2993,2659 3038,2659 3083,2656 3128,2656 3172,2653 3217,2650 3262,2650 3307,2650 3352,2647 3396,2647 3441,2644 3486,2644 3531,2641 3575,2638 3620,2638 3665,2635 3710,2632 3754,2632 3799,2635 3844,2632 3889,2629 3934,2626 3978,2626 4023,2623 4068,2623 4113,2620 4157,2617 4202,2614 4247,2614"/>
                <TextEquiv>
                    <Unicode>und mich als Mutter unseres Kindes zu bekennen. Sie</Unicode>
                </TextEquiv>
            </TextLine>
            <TextLine id="tr_1_tl_17" custom="readingOrder {index:16;}">
                <Coords points="2599,2759 4208,2714 4253,2642 2603,2681"/>
                <Baseline points="2611,2740 2644,2737 2689,2737 2734,2737 2778,2734 2823,2734 2868,2731 2913,2728 2958,2728 3002,2728 3047,2725 3092,2725 3137,2722 3181,2722 3226,2719 3271,2719 3316,2716 3360,2716 3405,2713 3450,2710 3495,2710 3540,2707 3584,2707 3629,2704 3674,2704 3719,2704 3763,2701 3808,2701 3853,2698 3898,2695 3943,2695 3987,2695 4032,2692 4077,2692 4122,2689 4166,2686 4211,2686 4256,2680"/>
                <TextEquiv>
                    <Unicode>haben es gewußt, Egon! Vor siebzehn Jahren in dem</Unicode>
                </TextEquiv>
            </TextLine>
            <TextLine id="tr_1_tl_18" custom="readingOrder {index:17;}">
                <Coords points="2611,2827 4008,2759 4092,2792 4243,2771 4245,2704 2613,2759"/>
                <Baseline points="2623,2805 2635,2808 2680,2808 2725,2805 2769,2805 2814,2802 2859,2802 2904,2802 2949,2799 2993,2796 3038,2793 3083,2793 3128,2790 3172,2790 3217,2787 3262,2787 3307,2784 3352,2781 3396,2781 3441,2778 3486,2772 3531,2775 3575,2775 3620,2772 3665,2772 3710,2769 3754,2766 3799,2766 3844,2766 3889,2764 3934,2764 3978,2758 4023,2758 4068,2755 4113,2755 4157,2755 4202,2752 4247,2752"/>
                <TextEquiv>
                    <Unicode>kleinen Haus im Wald, wo Sie mich versteckt gehalten</Unicode>
                </TextEquiv>
            </TextLine>
            <TextLine id="tr_1_tl_19" custom="readingOrder {index:18;}">
                <Coords points="2603,2889 3741,2876 4253,2833 4255,2778 2605,2831"/>
                <Baseline points="2614,2877 2647,2877 2692,2877 2737,2874 2781,2874 2826,2874 2871,2871 2916,2868 2961,2865 3005,2862 3050,2862 3095,2862 3140,2862 3184,2859 3229,2859 3274,2856 3319,2856 3363,2850 3408,2850 3453,2850 3498,2850 3543,2844 3587,2844 3632,2841 3677,2841 3722,2838 3766,2835 3811,2835 3856,2835 3901,2832 3946,2829 3990,2829 4035,2826 4080,2823 4125,2823 4169,2820 4214,2820 4259,2817"/>
                <TextEquiv>
                    <Unicode>haben, hab' ich Ihnen gesagt, daß ich dazu bereit bin. Aber</Unicode>
                </TextEquiv>
            </TextLine>
            <TextLine id="tr_1_tl_20" custom="readingOrder {index:19;}">
                <Coords points="2625,2965 4222,2920 4238,2831 2629,2891"/>
                <Baseline points="2638,2940 2674,2943 2719,2946 2764,2943 2808,2943 2853,2940 2898,2937 2943,2934 2987,2931 3032,2931 3077,2931 3122,2931 3166,2925 3211,2922 3256,2922 3301,2919 3346,2922 3390,2919 3435,2916 3480,2916 3525,2916 3569,2913 3614,2913 3659,2910 3704,2907 3749,2910 3793,2901 3838,2901 3883,2901 3928,2901 3972,2898 4017,2898 4062,2895 4107,2892 4151,2886 4196,2889 4241,2889"/>
                <TextEquiv>
                    <Unicode>für Halbheiten war ich nie zu haben. Ganz hab' ich</Unicode>
                </TextEquiv>
            </TextLine>
            <TextLine id="tr_1_tl_21" custom="readingOrder {index:20;}">
                <Coords points="2611,3025 4002,2996 4251,2971 4253,2915 2613,2961"/>
                <Baseline points="2623,3011 2644,3011 2689,3011 2734,3011 2778,3008 2823,3008 2868,3005 2913,3005 2958,3002 3002,3002 3047,2999 3092,2999 3137,2996 3181,2993 3226,2990 3271,2993 3316,2990 3360,2990 3405,2987 3450,2984 3495,2984 3540,2981 3584,2981 3629,2981 3674,2978 3719,2978 3763,2978 3808,2975 3853,2975 3898,2972 3943,2972 3987,2969 4032,2969 4077,2966 4122,2961 4166,2961 4211,2961 4256,2958"/>
                <TextEquiv>
                    <Unicode>Mutter sein wollen oder gar nicht. An dem Tag, an dem</Unicode>
                </TextEquiv>
            </TextLine>
            <TextLine id="tr_1_tl_22" custom="readingOrder {index:21;}">
                <Coords points="2609,3101 4096,3062 4243,3041 4245,2975 2611,3025"/>
                <Baseline points="2623,3080 2635,3080 2680,3077 2725,3077 2769,3077 2814,3074 2859,3074 2904,3071 2949,3071 2993,3068 3038,3068 3083,3065 3128,3065 3172,3062 3217,3059 3262,3056 3307,3059 3352,3059 3396,3056 3441,3053 3486,3053 3531,3053 3575,3050 3620,3047 3665,3050 3710,3047 3754,3044 3799,3041 3844,3041 3889,3038 3934,3035 3978,3035 4023,3035 4068,3032 4113,3029 4157,3029 4202,3023 4247,3020"/>
                <TextEquiv>
                    <Unicode>ich den Buben hab' hergeben müssen, war ich auch ent¬</Unicode>
                </TextEquiv>
            </TextLine>
            <TextLine id="tr_1_tl_23" custom="readingOrder {index:22;}">
                <Coords points="2625,3175 3917,3169 4249,3113 4251,3051 2629,3092"/>
                <Baseline points="2638,3152 2641,3152 2686,3149 2731,3149 2775,3149 2820,3149 2865,3146 2910,3146 2955,3143 2999,3140 3044,3134 3089,3134 3134,3134 3178,3131 3223,3131 3268,3131 3313,3131 3357,3128 3402,3128 3447,3125 3492,3125 3537,3122 3581,3122 3626,3119 3671,3119 3716,3113 3760,3113 3805,3110 3850,3110 3895,3110 3940,3110 3984,3107 4029,3104 4074,3101 4119,3098 4163,3098 4208,3095 4253,3098"/>
                <TextEquiv>
                    <Unicode>schlossen, mich überhaupt nicht um ihn zu kümmern.</Unicode>
                </TextEquiv>
            </TextLine>
        </TextRegion>
    </Page>
</PcGts>
