4744 3768
1195 411 1423 542 — 22
540 499 2193 626 wenn sie wirklich so heißt... die zum mindesten dieses
546 606 2179 696 Frühjahr noch in Amt und Würden bei Ihnen stand?
544 661 2177 768 Wahrscheinlich weiß ich sogar mehr als Sie, denn ich
544 762 2179 836 weiß beinahe von jeder, mit wem sie Sie betrogen hat.
680 817 2179 922 Fürst. Davon erzählen Sie mir aber lieber nichts.
546 897 2183 990 Wenn man solche Dinge nicht selbst entdeckt, hat man
550 963 1351 1066 keinen rechten Spaß davon.
692 990 2185 1121 (Man hört einen Wagen herankommen und stille
550 1105 743 1197 halten.
680 1164 2185 1245 Fürst. Er ist es. Vielleicht wünschen Sie zu ver¬
557 1224 2189 1337 schwinden, ehe er in den Park tritt. Ich will ihn solange
559 1306 828 1403 aufhalten.
667 1333 2177 1446 Komtesse. Bemühen Sie sich nicht. Es beliebt mir
653 1431 2183 1514 bleiben. Aber wenn Sie vielleicht glauben, es regt
552 1458 2177 1594 sich nur das Geringste in mir.... Es ist ein junger
546 1559 2111 1637 Herr, der meinen Vater besucht. Da ist er ja schon.
555 1627 2179 1717 Stimme des Bluts? Es muß eine Fabel sein. Ich
544 1707 1423 1799 merke gar nichts, lieber Fürst.
680 1791 2177 1865 Philipp (ist rasch durch das Haupttor herein-
540 1842 2171 1947 getreten. Er ist siebzehn Jahre alt, schlank, hübsch, elegant,
546 1941 2183 1996 aber nicht gigerlhaft, von liebenswürdiger, etwas knaben-
546 1978 2183 2091 haster Unverschämtheit; doch nicht ohne Verlegenheit).
552 2043 1828 2140 Guten Tag (verbeugt sich vor der Komtesse).
676 2128 2173 2224 Fürst. Guten Morgen, Philipp. Erlauben Sie,
544 2206 2177 2290 Komtesse, daß ich Ihnen meinen Sohn vorstelle. Das
552 2261 2173 2362 ist Gräfin Mizzi. Die Tochter meines alten Freundes,
544 2325 1528 2423 in dessen Haus du dich befindest.
676 2411 2183 2518 Philipp (nimmt die von der Komtesse gebotene
546 2477 1567 2590 Hand und küßt sie. Kleine Pause.
670 2538 2177 2658 Komtesse. Bitte, wollen Sie nicht Platz
542 2619 819 2709 nehmen?
670 2668 2064 2773 Philipp. Danke, Gräfin (alle bleiben stehen)
676 2744 2195 2844 Fürst. Du bist mit dem Wagen herausgefahren?
538 2838 1959 2902 Könntest ihn zurückschicken, ich hab ja meinen da.
676 2873 2173 2974 Philipp. Willst du nicht lieber mit mir zurück-
544 2945 2175 3042 fahren, Papa? Ich find’ nämlich, der Wasner fährt
544 3021 2107 3099 besser als dein Franz mit den alten Herrschaftsgäulen.
653 3085 1982 3204 Komtesse. Sie fahren mit dem Wasner?
657 3157 1158 3265 Philipp. Ja.
3350 376 3535 479 23
2731 460 4255 596 Komtesse. Mit dem Herrn selbst? Wissen Sie
2604 526 4247 667 auch, daß das eine große Ehre ist? Der Wasner, der
2614 596 4253 735 fährt nicht mit jedem. Vor zwei Jahren hat er noch den
2616 713 3021 813 Papa geführt.
2744 752 3233 867 Philipp. Ah.
2744 754 4255 914 Fürst. Kommst übrigens ein bissel spät, Philipp.
2740 867 4247 1006 Philipp. Ja, ich bitt' sehr um Entschuldigung
2779 932 4245 1060 hab' mich nämlich verschlafen. (Zur Komtesse.)
2623 984 2719 1070 Ich
2612 1021 4259 1119 Wir waren gestern abends ein paar Kollegen zusammen.
2623 1080 4264 1201 Gräfin wissen vielleicht, daß ich vor vierzehn Tagen
2625 1146 4264 1267 maturiert hab', und da haben wir gestern abends ein
2621 1249 3017 1343 bissel gedraht.
2750 1257 4270 1397 Komtesse. Sie scheinen sich ziemlich rasch in das
2627 1355 3773 1454 Wiener Leben gefunden zu haben, Herr
2768 1384 4276 1522 Fürst. Sagen Sie ihm einfach Philipp, liebe Mizzi.
2758 1477 4276 1590 Komtesse. Bitte, wollen wir uns nicht setzen,
2992 1544 4280 1655 (Blick zum Fürsten) der Papa muß jeden
2643 1577 2859 1680 Philipp
2637 1645 3134 1744 Moment da sein.
2764 1674 3898 1785 Komtesse und Fürst (setzen sich).
2760 1740 4278 1863 Philipp (noch während er stehen bleibt). Also,
2643 1801 4284 1935 wenn ich mir eine Bemerkung erlauben darf, den Park
2810 1873 4286 1978 ich prachtvoll. Er ist bedeutend schöner als unserer.
2649 1922 2764 2033 find
2775 1933 4292 2058 Komtesse. Sie kennen den Ravensteinschen Park?
2785 2013 4286 2122 Philipp. Natürlich, Gräfin. Ich wohn' ja schon
2662 2093 3430 2204 seit drei Tagen im Schloß.
2783 2163 3401 2259 Komtesse. Wie?
2787 2195 4296 2329 Fürst. In der Stadt können sich Gärten eben
2851 2269 4298 2399 so entwickeln, wie da heraußen. Vor hundert
2662 2317 2805 2399 nicht
2906 2331 4294 2446 war unsrer gewiß auch noch viel schöner als
2658 2391 2857 2471 Jahren
2670 2401 4296 2538 heute. Da ist ja auch unser Schloß noch außerhalb der
2676 2516 3089 2604 Stadt gelegen.
2797 2518 4303 2688 Philipp. Schade, daß man den Leuten erlaubt
2666 2612 4311 2742 hat, ihre Häuser so rund herum um unser Schloß zu
2672 2719 2867 2807 bauen.
2797 2723 4321 2853 Komtesse. Wir sind besser d'ran. Daß sich die
2684 2799 4311 2922 Stadt bis zu uns heraus zieht, das werden wir wohl
2678 2910 3212 3007 nicht mehr erleben.
2814 2925 4309 3089 Philipp (liebenswürdig). Aber warum denn,
2684 3046 3001 3163 Gräfin....
2814 3064 4323 3204 Komtesse. Vor hundert Jahren war das alles
2684 3136 4329 3284 noch Jagdgrund. Es grenzt direkt an den Tiergarten.
