4744 3784
1283 406 1442 512 32
697 486 2213 631 Komtesse. Wenn Sie wüßten, wie sympathisch
578 596 1059 690 Sie mir sind.
703 656 2211 760 Lolo. Aber ich will mich nicht besser machen, als
570 723 1739 824 ich bin. Wer weiß, ob ich nicht doch:
699 793 1469 887 Komtesse. Was denn :
699 830 2207 944 Lolo. Die G'schicht ist halt die: Ich hab' mich
578 926 2211 1012 so wahnsinnig in den Wasner verliebt. Sie werden doch
578 987 2215 1069 deswegen nicht schlecht von mir denken? In den ganzen
578 1061 2209 1139 achtzehn Jahren hab' ich mir gar nichts gegen Ihren
582 1133 2209 1219 Herrn Papa vorzuwerfen gehabt. Aber daß sich mit der
588 1205 2209 1274 Zeit die Leidenschaft ein bißel abkühlt, das ist doch kein
576 1258 2051 1336 Wunder. Und eh' ich gegen Ihren Herrn Papa
576 1297 2207 1422 nein, nein Gräfin... dazu bin ich Ihrem Herrn Papa
578 1387 1846 1479 doch zu viel Dankbarkeit schuldig. Iessas
703 1459 1573 1545 Komtesse. Was is denn?
705 1504 1911 1602 Lolo. Dorten steht er und schaut herein.
699 1592 1438 1682 Komtesse (schaut hin)
697 1641 1930 1739 Wasner (am Tor, lüftet den Zylinder).
709 1713 2209 1801 Lolo. Is nicht zu dumm, Gräfin, wenn ich ihn
590 1791 2209 1881 so plötzlich seh', krieg ich immer Herzklopfen. Ja, wenn's
582 1873 1748 1952 eine Alte erwischt, da ist es am ärgsten.
703 1897 2221 2000 Komtesse. Alt? Sie nennen sich alt? Wird
576 1987 1879 2071 kein so großer Unterschied zwischen uns sein.
703 2051 1373 2159 Lolo. Na ja. (Blick.)
699 2084 2215 2202 Komtesse. Ich bin siebenunddreißig. Aber
584 2186 2221 2288 schauen Sie mich nicht so mitleidig an. Es ist keine
582 2252 1221 2348 Ursache. Absolut keine.
705 2286 2209 2403 Lolo (beruhigt). Man hat ja so allerlei gehört,
584 2383 2211 2471 Komtesse... ich hab' es natürlich nicht geglaubt. Na,
588 2471 1891 2542 Gott sei Dank, daß es wahr is. (Händedruck.
703 2510 2209 2606 Komtesse. Ich möcht' Ihrem Herrn Bräutigam
576 2586 1680 2686 gleich gratulieren, wenn Sie erlauben.
703 2674 2213 2745 Lolo. Nein, so was Charmantes... aber wenn
576 2721 2151 2817 der Herr Graf... vielleicht wär's ihm doch nicht recht.
699 2786 2209 2887 Komtesse. Liebes Fräulein, ich war immer ge-
574 2862 2139 2960 wohnt, zu tun, was mir paßt. (Beide zum Eingang.
703 2940 1899 3022 Wasner. Küß die Hand, Komtesse...
703 3010 1791 3098 Graf (zum Fürsten). Da schau hin.
699 3049 2219 3176 Wasner. Küß die Hand, Herr Graf, habe die
584 3133 1104 3239 Ehre, Durchlaucht.
3282 359 3499 481 — 33
2731 453 4253 582 Fürst (ist aufgestanden). Hören Sie, lieber
2608 533 4253 652 Wasner, Sie können Ihre Braut gleich in Ihrem Zeugel
2612 613 4255 707 mit nach Haus führen, ich nehm' meinen Sohn in
2620 695 3225 787 meinem Wagen mit.
2745 746 3692 842 Wasner. Der Herr Sohn.
2741 766 4261 906 Philipp. Warum haben Sie mir denn das nicht
2616 883 3786 983 gesagt, Wasner, daß Sie verlobt sind?
2737 944 4255 1049 Wasner. Durchlaucht sagen einem ja auch nichts
2624 1035 3210 1151 Herr v. Radeiner!!
2747 1067 4276 1176 Graf (zu Lolo). Also ich danke nochmals sehr
2635 1143 4270 1276 für Ihren freundlichen Besuch und wünsch' Ihnen das
2633 1246 2903 1334 allerbeste.
2751 1250 4261 1391 Lolo. Ich Ihnen auch, Herr Graf. Im übrigen,
2633 1352 3641 1465 wenn man so eine Tochter hat.
2756 1391 4270 1520 Komtesse. Es ist schad', daß wir uns nicht
2637 1487 3466 1606 früher kennen gelernt haben.
2762 1526 3669 1645 Lolo. Gräfin sind wirklich
2762 1592 4282 1711 Komtesse. Liebes Fräulein Lolo, also nochmals
2643 1688 3538 1797 alles Gute! (Sie umarmt sie.)
2770 1737 3731 1852 Graf (betroffen, etwas gerührt).
2770 1764 4288 1916 Lolo. Also, Herr Graf, ich danke für den freund¬
2643 1885 3692 2008 lichen Empfang — und jetzt adieu!
2776 1914 4290 2045 Graf. Adieu, Fräulein Langhuber, Seien Sie
2641 2012 3780 2123 glücklich.... Seien Sie glückich, Lolo.
2776 2059 4290 2186 Lolo (steigt in den Wagen, der vorgefahren ist).
2784 2145 4296 2284 Wasner (auf dem Bock, den Zylinder in der
2649 2229 3348 2372 Hand. Sie fahren weg).
2778 2268 3571 2385 Komtesse (winkt nach).
2774 2368 3575 2463 Graf (steht in Gedanken)
2790 2413 3899 2516 Philipp und Fürst (stehen vorn).
2788 2456 4296 2629 Philipp. Lieber Papa, ich durchschau die ganze
2665 2567 2946 2682 Geschichte.
2794 2626 3206 2727 Fürst. Na?
2794 2649 4302 2784 Philipp. Dieses Fräulein Lolo ist die natürliche
2661 2743 4302 2850 Tochter des Grafen, also eine Schwester der Komtesse,
2665 2835 3223 2950 ihre Milchschwester.
2801 2876 4319 3042 Fürst. Stiefschwester nennt man das. Aber nur
2665 2973 3178 3090 weiter, Diplomat.
2811 2993 4321 3124 Philipp. Und sie lieben dich beide, selbstver¬
2672 3071 4315 3229 ständlich. Die Komtesse und die Ballettänzerin. Und
