3384 4152
907 534 1749 754 First: Nur weiter.
921 579 2915 921 Ph: Du Papa... und wenn meine Mutter gar
887 876 1670 1068 nicht tot wär...
921 1028 1441 1218 Fürst: hm.
941 1090 2980 1362 Ph: Wenn meine Mutter soeben in dem Wagen,
915 1268 2932 1435 in dem ich heraus gekommen bin in die Stadt
1633 1342 2963 1511 Wenes même eijre luille was
912 1424 3187 1658 hineinfährt... die is an der Feil heram gesch. L
921 1574 3000 1800 First: Junge Du wirst entschieden Minister.
1297 1559 1480 1664 Paul
938 1698 3116 1946 Wenigstens für Ackerbau. Aber komm;wir missen
941 1881 2170 2119 uns jetzt auch empfehlen.
955 1932 2658 2260 Graf und vomtesse vom Eingang zurck.
969 2127 2949 2424 Fürst: Also lieber Freund jetzt heisst Ab
977 2381 1647 2545 schied nehmen.
980 2432 3009 2684 Grar: Aber wollt ihr nicht da bleiben? Das
983 2591 3136 2848 wär doch wunderschön, wenn Ihr zum Frühstück.
997 2675 3079 3006 Fürst: Leider unmöglich, wir haben eine Ver
1003 2932 1994 3150 abredung beim Sacher.
1062 3020 2896 3263 Graf: Also wann sieht ann Ech wieder!
1076 3161 3204 3430 Fürst: Mich, das weiss ich nicht. Der pub ist
1390 3353 1602 3446 Cude
1085 3331 2588 3560 schon Mitte September wieder da.
1138 3404 3170 3732 Ph: Ja, weil ich am ersten Oktober einrück.
