4776 3784
1287 372 1473 490 24
561 507 2189 592 Sehen Sie da d'rüben die Mauer, Philipp? Und
561 571 2199 666 unsere Villa war früher einmal ein Jagdschlössel von der
561 645 2193 728 Kaiserin Maria Theresia. Die Sandsteinfigur dort am
556 716 1502 819 Teich ist auch noch aus der Zeit.
693 768 2191 902 Philipp. Und wie alt ist denn eigentlich unser
554 850 1010 950 Schloß, Papa?
689 923 2183 1005 Fürst (lächelnd). Unser Schloß, mein Sohn, steht
563 974 2187 1072 seit dem siebzehnten Jahrhundert. Ich hab' dir ja das
556 1059 2189 1144 Zimmer gezeigt, in dem der Kaiser Leopold eine Nacht
556 1119 956 1218 geschlafen hat.
674 1163 1961 1293 Philipp. Kaiser Leopold 1643 bis 1705.
679 1252 1272 1341 Komtesse (lacht).
687 1310 2178 1401 Philipp. Das ist noch von der Matura her.
552 1376 2174 1463 Wenn ich einmal so alt sein... (unterbricht sich)
563 1446 2185 1535 Pardon!... ich mein’ nur — im nächsten Jahr ist das
556 1531 2178 1605 alles verschwitzt. Daß er ein so guter Bekannter von uns
550 1587 2176 1669 war, der Kaiser Leopold, das hab’ sich natürlich noch
556 1655 1955 1740 nicht gewußt, wie ich die Jahreszahl gelernt hab’.
676 1721 2187 1806 Komtesse. Diese Entdeckung scheint Ihnen ja
546 1783 1593 1891 riesig viel Spaß zu machen, Philipp.
681 1849 1440 1945 Philipp. Entdeckung.
1545 1831 2185 1953 Ja, aufrichtig gestan-
550 1924 2193 2003 den, eine Entdeckung war das eigentlich nicht. (Sieyt den
556 1988 902 2081 Fürsten an.)
674 2052 1502 2131 Fürst. Red' nur, red’ nur.
683 2114 2180 2214 Philipp. Also wissen Sie, Gräfin, ich hab' nämlich
544 2191 2176 2282 immer das Gefühl gehabt, daß ich kein gebürtiger Philipp
546 2257 943 2354 Radeiner bin.
670 2309 2191 2447 Komtesse. Radeiner? (Zum Fürsten.) Unter
544 2389 1146 2482 diesem Namen...?
672 2462 1152 2549 Fürst. Jawohl.
668 2507 2166 2609 Philipp. Es war mir natürlich sehr angenehm,
546 2596 2170 2665 wie meine Ahnung bestätigt worden ist; — aber gewußt
546 2665 2170 2741 hab' ich's immer. Man ist doch nicht auf den Kopf
550 2727 2166 2828 gefallen. Auch in der Schule haben's einige geahnt...
544 2789 2178 2880 daß ich... Nicht wahr, diese Fabel, Gräfin, daß der
556 2863 2170 2948 Fürst Ravenstein immer nach Krems fahrt, sich nach
546 2923 2178 3014 den Fortschritten des Sohnes von einem verstorbenen
544 3002 2178 3062 Freund zu erkundigen, das ist doch ein bissel roman-
550 3056 2176 3138 haft gewesen, Fünfkreuzerbibliothek... Und für die
550 3126 2178 3254 Schlauern war es ziemlich klar, daß fürstliches Blut in
3287 362 3484 470 — 25
2596 441 4243 565 meinen Adern braust. Und da ich einer von den
2596 561 3163 668 Schlauesten war...
2727 581 4251 701 Komtesse. Es scheint ja wirklich... Was haben
2609 670 3986 788 Sie denn für Pläne für die Zukunft, Philipp?
2735 734 4257 850 Philipp. Im Oktober mach' ich mein Freiwilligen-
2611 801 4251 923 jahr bei den Sechserdragonern, wo wir Ravensteins
2617 867 4251 976 immer dienen. Was dann mit mir g'schieht, ob ich bei
2602 933 4249 1051 Militär bleib', ob ich Erzbischof werde, mit der Zeit
2609 1030 2965 1134 natürlich...
2739 1028 4262 1177 Komtesse. Das wäre vielleicht das Richtige. Die
2607 1148 3920 1247 Ravensteins waren immer stark im Glauben.
2745 1208 4264 1299 Philipp. Ja, das steht schon in der Welt¬
2627 1264 4278 1380 geschichte. Zuerst waren sie katholisch, im Dreißigjährigen
2615 1336 4272 1454 Krieg sind sie protestantisch geworden, dann sünd sie wieder
2621 1390 4278 1514 zum Katholizismus übergetreten, aber stark im Glauben
2629 1485 4121 1587 waren sie jederzeit. Es war nur immer ein anderer.
2760 1543 3527 1645 Fürst. Philipp, Philipp!
2749 1593 4282 1719 Komtesse. Ja, das ist eben die neue Zeit, Fürst
2627 1703 2809 1804 Egon.
2772 1748 3821 1845 Fürst. Und das Blut der Mutter.
2758 1806 4295 1918 Komtesse. Sie sind sehr fleißig gewesen, erzählt
2640 1885 4295 1978 mir Ihr Papa, haben die Matura mit Auszeichnung
2644 1974 2884 2075 gemacht.
2774 1990 4297 2127 Philipp. Das war keine Kunst, Gräfin. Ich hab'
2636 2058 4303 2197 halt ziemlich rasch aufgefaßt. Das ist wahrscheinlich auch
2644 2160 4299 2261 das bürgerliche Blut in mir. Es ist mir noch zu aller¬
2650 2218 4305 2323 lei Zeit geblieben, was nicht in der Schule vorgeschrieben
2652 2290 3744 2396 war. Ich hab' reiten gelernt und...
2770 2369 3382 2466 Komtesse. Und?
2785 2410 3658 2540 Philipp. Klarinett blasen.
2785 2493 4295 2596 Komtesse (lacht). Warum haben Sie gezögert
2656 2580 3281 2681 das gleich zu sagen?
2793 2590 4311 2739 Philipp. Warum... na, weil alle Leut' lachen,
2656 2694 4309 2799 wenn xth sag', daß ich Klarinett blasen lern'. Gräfin
2667 2756 4324 2869 haben doch auch gelacht. Ist das nicht komisch? Hat
2677 2830 4324 2942 schon je einer gelacht, wenn Gräfin ihm erzählt haben,
2669 2909 3684 3033 daß Sie zum Zeitvertreib malen?
2797 2952 4071 3078 Komtesse. Das wissen Sie auch schon?
2805 3000 4330 3140 Philipp. O ja, Durchlaucht... der Papa hat
2665 3120 4328 3246 mir's erzählt. Und dann hängt doch sogar ein Blumen¬
