4728 3768
3329 377 3558 480 27 —
1293 437 1409 530 26
2625 465 4266 596 deine Frau. Du dürftest ja noch auf die jüngste und
567 523 2199 645 stück, so eine chinesische Vase mit Goldregen und noch
2631 548 4251 658 schönste Anspruch machen. Aber jetzt kann ich dir sagen,
552 598 2073 703 was Violettem im Schloß in meinem Schlafzimmer.
2621 645 3829 765 Papa, so wie sie ist, ist sie mir ganz recht.
679 691 2104 780 Komtesse. Flieder wird es sein, das Violette.
2754 676 4247 815 Fürst. Du bist wirklich der unverschämteste Bengel,
683 743 2209 861 Philipp. Natürlich Flieder. Ich hab's auch gleich
2619 765 4257 871 der mir je vorgekommen ist. Denkst du wirklich, ich werde
556 830 1974 929 erkannt. Ist mir nur das Wort nicht eingefallen.
2625 821 3970 943 dich je fragen, wenn es mir einmal einfiele....
2754 883 4266 1022 Philipp. Nicht grad fragen, Papa...., aber zu
681 900 2203 1012 Diener (kommt). Es ist eine Dame da, die den
2617 966 4264 1084 einem guten Familienleben gehört doch, daß sich alle Mit¬
565 964 2203 1088 Herrn Grafen sprechen möchte. Ich habe sie in den
2627 1036 4212 1158 glieder gegenseitig sympathisch sind... nicht wahr —?j
573 1059 993 1150 Salon geführt.
2747 1105 3922 1200 Komtesse und Lolo Langhuber kommen.
683 1115 2207 1216 Komtesse. Eine Dame?... Die Herren ver-
2762 1173 4274 1278 Komtesse. Bitte, Fräulein, spazieren Sie nur
559 1187 1262 1301 zeihen einen Augenblick.
2627 1241 4278 1338 weiter. Meinem Papa täte es gewiß sehr leid, wenn er
683 1256 1231 1355 Komtesse (ab).
2631 1293 4278 1434 Ihren Besuch versäumte. (Will vorstellen.) Erlauben Sie.
693 1312 2209 1419 Philipp. Also Papa, wenn's nur mehr von mir
2762 1384 3455 1502 Lolo. O, Durchlaucht.
559 1390 1448 1483 abhängt, ich bin einverstanden.
2764 1419 3697 1558 Fürst. O, Fräulein Pallestri.
695 1448 1752 1541 Fürst. Womit? Was heißt das?
2764 1477 4274 1607 Lolo. Langhuber, wenn ich bitten darf. Ich komme
689 1531 2211 1609 Philipp. Mit deiner Wahl bin ich einverstanden.
2640 1566 4272 1682 nämlich nur dem Herrn Grafen danken, er hat mir so
687 1589 1661 1688 Fürst. Bist du verrückt, Bub?
2638 1636 4274 1746 ein prachtvolles Bouquet zu meiner Abschiedsvorstellung
693 1632 2209 1742 Philipp. Aber, Papa, du glaubst doch nicht, daß
559 1705 2214 1812 du mir etwas verheimlichen kannst. Das bürgerliche
2640 1734 2873 1827 geschickt.
2776 1746 4284 1874 Fürst (stellt vor). Mein Sohn Philipp. Und das ist
561 1802 718 1909 Blut
687 1816 1800 1932 Fürst. Was fällt dir eigentlich ein?
2648 1856 2983 1976 Fräulein
699 1891 2201 2019 Philipp. Schau, Papa, wie du mir erzählt hast,
2770 1903 3618 2000 Lolo. Charlotte Langhuber.
2782 1945 4291 2083 Fürst. Bis vor kurzem (zu Philipp) bekannt unter
565 1978 2209 2077 du möchtest mich vor allem deinem alten Freund vor-
585 2042 2164 2158 stellen, dem Grafen; und der Graf hat eine Tochter
2642 2060 3279 2162 dem Namen Pallestri.
2787 2077 4272 2205 Philipp. Fräulein Pallestri! Da hab' ich ja längst
1934 2108 2201 2201 - da hab'
567 2118 1839 2211 was ich übrigens schon längst gewußt hab'
573 2187 2207 2298 ich nur ein bissel Angst gehabt, daß sie vielleicht zu jung
2642 2193 3153 2294 das Vergnügen
2782 2257 3223 2350 Fürst. Wie?
583 2271 865 2369 sein wird.
2791 2292 4303 2414 Philipp. Fräulein befinden sich nämlich in meiner
687 2307 2000 2427 Fürst (ärgerlich, muß lachen). Zu jung....
687 2406 2211 2489 Philipp. Na, ja, daß du für diese Tochter eine
2658 2396 2998 2516 Sammlung.
2795 2391 4307 2553 Fürst. Was... was für eine Sammlung hast
561 2470 2216 2580 gewisse Vorliebe hegst, das war doch zu merken. Du bist
2658 2532 2973 2623 du denn?
579 2553 2224 2638 ja förmlich verlegen worden, wenn du von ihr gesprochen
2795 2540 4299 2671 Lolo. Da muß aber wirklich ein Irrtum sein,
571 2602 2220 2714 hast. Und dann hast du allerlei von ihr erzählt, was du
2654 2648 3898 2762 Durchlaucht. Ich kann mich nicht erinnern.
573 2679 2226 2760 mir von einer andern gewiß nicht erzählt hättest. Was
2803 2681 4309 2818 Philipp. Selbstverständlich können Sie sich nicht
573 2737 2220 2851 sollen mich denn zum Beispiel die Bilder von einer
2665 2766 4301 2873 erinnern, Fräulein, denn wie ich Ihr Bild aus der
571 2836 2224 2913 x-beliebigen Komtesse interessieren? Wenn man auch den
2669 2832 4305 2929 Zeitung herausgeschnitten hab', in Krems, das können
571 2876 2209 2987 Flieder durch die Farbe vom Goldregen unterscheiden kann.
2679 2915 3759 3018 Sie hier nämlich nicht gespürt haben.
577 2942 2222 3037 Also ich hab' mir gleich gedacht, du bringst mich nur
2807 2996 3651 3074 Lolo. Gott sei Dank, nein.
571 3010 2226 3126 hieher, um zu sehen, was sie auf mich für einen Eindruck
2807 3033 4307 3138 Philipp. Das ist nämlich ein Sport von uns
567 3074 2232 3178 macht. Und wie gesagt, meine Angst war nur, daß sie zu
2677 3101 4320 3217 gewesen im Gymnasium. Wir haben einen gehabt, der
1264 3149 2228 3273 für meine Mutter, nicht für
577 3165 1138 3285 jung sein könnte
2683 3173 4322 3320 hat sich die Mord= und Unglücksfälle herausgeschnitten.
