4552 3720
3183 354 3267 449 5
1051 356 1241 496 — 4
2430 428 4068 593 Stock ließen. Wenn gräfliche Gnaden vielleicht eine Ver¬
1819 457 2039 584 Palette
523 465 1767 609 Komtesse (erscheint auf dem Balkon,
2430 553 3025 648 wendung hätten...
409 582 2037 658 und Pinsel in der Hand. Sie ruft hinunter): Guten
2560 603 4057 712 Graf. Hab' keine Verwendung. Na, was schaun Si-
401 638 846 735 Morgen, Papa.
2428 689 4057 780 denn? Ich fahr' heut' nicht in die Stadt, ich brauch
529 693 1442 796 Graf. Grüß dich Gott, Mizzi.
525 755 2035 858 Komtesse. Hast mich wieder einmal allein früh-
2434 780 4072 844 kein Bouquet. Stecken S' die Blumen einzeln in die Vasen
2434 839 4074 918 und Gläser, die drin herumstehen. So wie's jetzt modern
403 821 1794 936 stücken lassen, Papa. Wo bist du denn gewesen?
2428 891 4072 977 ist. (Nimmt die Blumen in die Hand und riecht daran.
535 895 2033 983 Graf. Ziemlich weit. Bin über Mauer und Rodaun
2434 953 3915 1049 Scheint nachzusinnen.) Halt' da nicht ein Wagen?
395 965 2037 1066 hinausgeritten. Es ist wunderschön heut'. Was machst
2549 1039 4080 1144 Gärtner. Das sind die Rappen von Sr. Durch¬
401 1043 2025 1128 denn du? Schon bei der Arbeit? Wird man bald
401 1099 1290 1189 wieder was anschauen dürfen?
2422 1111 3370 1214 laucht. Ich kenn' sie am Schritt.
523 1173 2037 1302 Komtesse. O ja, Papa; aber es sind wieder
2568 1162 4080 1274 Graf. Also ich dank Ihnen schön. (Gibt ihm die
397 1232 953 1344 nichts als Blumen.
2430 1251 2833 1358 Rosen zurück.
531 1276 2000 1403 Graf. Kommt heute nicht der Professor zu dir?
2560 1280 3856 1418 Der Fürst (tritt durch das Haupttor ein).
525 1383 1708 1459 Komtesse. Ja, aber erst gegen Eins.
2560 1383 3358 1488 Graf (geht ihm entgegen).
531 1444 1508 1514 Graf. Na, lass' dich nicht stören.
2560 1416 3782 1545 Gärtner. Küss' die Hand, Durchlaucht.
531 1483 2023 1574 Komtesse (wirst ihm eine Kußhand zu und ver-
2551 1518 3428 1619 Fürst. Guten Abend, Peter.
409 1572 1212 1675 schwindet in der Mansarde).
2560 1580 3247 1685 Gärtner (ab rechts).
535 1605 2018 1724 Graf (zum Diener). Was wollen S’ denn? Ah so,
2570 1632 4076 1751 Fürst (in lichtem Sommeranzug, schlank, 55 Jahre,
634 1718 2031 1784 dem Einspannen? Ich fahr' heut' nicht mehr
2440 1714 4086 1829 aber etwas jünger aussehend. Hat den leichten Diplo-
401 1720 591 1798 wegen
409 1782 2029 1858 aus. Der Josef kann sich heut' einen freien Tag machen.
2436 1780 4072 1899 matenakzent eines Menschen, der ebenso viel Französisch
401 1841 2029 1928 Oder warten S' einen Moment. (Ruft hinauf:) Du Mizzi.
2446 1856 2996 1971 spricht als Deutsch).
531 1907 1695 1992 Komtesse (erscheint auf dem Balkon).
2576 1901 4086 2023 Graf. Grüß dich Gott, alter Freund. Wie geht's,
531 1969 2023 2064 Graf. Entschuldige, daß ich dich noch einmal stör'.
2440 1998 2806 2088 wie steht's?
401 2035 1584 2121 Brauchst du heut’ vielleicht den Wagen?
2574 2029 3794 2162 Fürst. Danke. Prachtvolles Wetter heute.
535 2088 2020 2187 Komtesse. Nein, Papa, danke. Ich wüßt'
2568 2125 3743 2222 Graf (offeriert ihm eine Riesenzigarre)
401 2160 1677 2251 nicht.... Dank schön. (Verschwindet wieder.
2572 2167 4090 2278 Fürst. Danke, nicht vor Tisch. Eine von meinen
529 2220 2018 2315 Graf. Also bleibt's dabei, der Josef kann nach¬
2446 2247 4082 2354 Zigaretten, wenn du erlaubst. (Nimmt eine Zigarette us
1469 2292 2037 2383 ... und daß der
403 2284 1457 2395 mittags machen, was er will. Sie
2461 2323 3640 2438 seiner Zigarettentasche und zündet sie an.)
409 2360 2043 2453 Franz den Krampen ordentlich abreibt, wir sind heut
2580 2381 4080 2483 Graf. Daß du dich wieder einmal um einen um¬
412 2432 1547 2533 ein bissel feurig gewesen... alle zwei.
2453 2463 4088 2578 schaust. Weißt du überhaupt, wie lang du nicht da
516 2502 957 2588 Diener (ab).
2442 2537 3090 2646 warst? Drei Wochen.
531 2570 2031 2656 Graf (hat sich auf die Bank gesetzt, nimmt eine
2586 2578 4092 2728 Fürst (Blick zur Mansarde). Ist's wirklich schon
418 2638 1673 2728 Zeitung, die auf dem Tisch liegt, und liest).
2440 2671 2739 2769 so lang?
531 2691 2031 2780 Gärtner (kommt). Guten Morgen, gräfliche Gnaden.
2576 2712 3810 2825 Graf. Na was machst dich denn so rar
523 2776 2035 2843 Graf. Guten Morgen, Peter. Was gibt's denn?
2580 2786 4076 2897 Fürst. Sei nicht bös. Es ist ja wahr. Und heut
529 2835 2027 2946 Gärtner. Wenn gräfliche Gnaden erlauben, die
2436 2889 3679 2996 komm' ich eigentlich nur, dir adieu sagen.
395 2911 1471 3004 Theerosen hab' ich g’rad abgeschnitten.
2574 2944 3185 3037 Graf. Wie, adieu?
525 2961 1541 3053 Graf. Ja warum denn so viel?
2582 2977 3722 3099 Fürst. Morgen fahr ich nämlich fort.
529 3022 2018 3125 Gärtner. Der Strauch ist ganz voll. Es wär
2570 3072 3734 3214 Graf. Du fahrst fort? Wohin denn?
389 3113 2039 3206 kaum ratsam, gräfliche Gnaden, wenn wir sie länger am
