4696 3720
3335 321 3542 444 37
1197 352 1412 464 — 36
2707 434 4215 552 Komtesse. Und man läßt dann so eine arme
649 473 2147 573 Graf. Ja, frech, aber fesch. Hoffentlich bleibt er
2580 528 4058 616 Person aus dem Volk sitzen und zu Grund geh'n.
507 573 2153 671 bei Militär. Das ist doch eine vernünftigere Carriere
2713 587 4213 679 Graf. Also bitt' dich, das steht doch nur so in
520 622 2147 718 als Diplomatie. Langsam, aber sicher. Wenn man's er¬
2582 665 4213 747 den Büchern. Was kann denn er dafür? Diese Frauen¬
518 696 2144 773 lebt, so wird man General. Aber mit der politischen
2586 724 4189 823 zimmer sterben ja leider meistens früh. Und wer weiß
964 761 2144 837 Schau dir den Egon an... dreimal
520 761 937 851 Carriere
2593 792 4209 876 wenn sie nicht gestorben wär', ob er nicht.... Das find
512 827 2138 906 wär' er beinah' Minister geworden.... Und wenn er's
2582 843 4223 958 ich doch eigentlich sehr hübsch von ihm, das mit dem
520 890 2147 978 schon geworden wär? (Auf und ab.) Ja, ja... ein
2582 917 4219 1011 Buben. Es gehört doch courage dazu. Ich könnt' dir
518 964 2147 1035 bissel einsam wird's in dem Sommer werden bei uns.
2589 982 4215 1085 manchen nennen.... Na, reden wir nicht davon. Also,
636 1023 2140 1119 Komtesse. Du willst doch nach Ostende fahren,
2589 1064 4197 1156 wenn das das Einzige ist, was gegen ihn spricht...
510 1093 755 1191 Papa?
2591 1123 4213 1230 Und übrigens so ein Zusammensein in Ostende ver
649 1140 1140 1248 Graf. Ja, sag.
1371 1138 2147 1250 möchtest du wirklich nicht
2599 1201 3376 1299 pflichtet doch zu gar nichts.
507 1242 2147 1312 mitfahren? Es wär' doch wirklich... weißt du, ohne
2717 1254 3728 1367 Komtesse. Das ist schon wahr.
512 1293 649 1375 dich.
747 1287 2147 1381 .. Du brauchst mich nicht so anzuschauen, ich
2730 1312 4228 1408 Graf. Na also. Ich werd' dir was sagen. Du be¬
505 1361 2140 1467 weiß schon, ich hab’ mich nicht so viel um dich ge¬
3816 1381 4226 1473 so bleibst du.
2593 1387 3755 1481 gleitest mich einfach hin. G’fallt's dir,
512 1424 1731 1506 kümmert in den Jahren, als ich eigentlich
2593 1447 4213 1549 Wenn nicht, so fahrst du vielleicht hinüber nach London
636 1477 2140 1569 Komtesse (seine Hand nehmend). Aber Papa,
2611 1506 4242 1621 zur Tant' Lori. Ich mein' nur, es hat so gar keinen
505 1559 2126 1647 du wirst dich doch nicht entschuldigen? Ich begreif
2613 1586 3816 1688 Sinn, daß du mich allein fortfahren läßt.
518 1623 966 1723 es vollkommen.
2724 1664 3468 1776 Komtesse. Also schön.
638 1674 2140 1764 Graf. Na ja! Aber siehst du, ohne dich wird mir
2730 1731 3188 1829 Graf. Wieso?
505 1758 2144 1842 die ganze Reise keine Freud’ machen. Und was willst
2728 1762 4226 1887 Komtesse. Ich fahr' mit dir, Papa. Aber ohne
522 1819 2159 1932 du denn so allein da heraußen tun? Den ganzen
2593 1858 3718 1977 jede Verpflichtung. Ganz unverbindlich.
512 1887 904 1991 Tag malen?
2740 1930 3589 2030 Graf. Du fahrst mit mir?
636 1944 2140 2059 Komtesse. Die Geschichte ist nur die... der
2726 1991 3454 2087 Komtesse. Ja. Papa.
510 2024 1647 2110 Fürst hat um meine Hand angehalten.
2734 2044 4228 2169 Graf. Da bin ich wirklich sehr froh. Ich dank'
649 2075 2153 2169 Graf. Wie? ist es möglich? Nein, geh'...
2601 2132 2922 2241 dir, Mizzi.
690 2159 1653 2263 ... und du hast Nein gesagt?
514 2149 645 2253 Und
2726 2140 4240 2282 Komtesse. Aber dank' mir doch nicht, Papa.
638 2220 1328 2325 Komtesse. Ungefähr.
2621 2257 3123 2365 Ich tu's ja gern.
649 2290 2132 2376 Graf. So. Na ja.... Schließlich, ich hab'
2736 2294 4240 2423 Graf. Du kannst dir gar nicht vorstellen... ohne
512 2355 1813 2437 dir nie in was d’reingeredet. Wie du meinst.
2001 2359 2155 2447 Aber
2607 2382 4066 2488 dich, Mizzi.... Die Erinnerungen, g'rad' heuer
514 2425 2140 2537 eigentlich weiß ich nicht recht, warum. Ich hab' schon
2609 2453 4236 2558 Du weißt doch, daß ich im vorigen Jahr mit der Lolo
518 2490 2147 2570 lang bemerkt, daß er... Im Alter würdet ihr nicht
2615 2531 3560 2623 in der Normandie gewesen bin?
518 2560 2134 2631 schlecht zusammenpassen. Und was die sonstigen Ver¬
2732 2570 3790 2695 Komtesse. Natürlich weiß ich..
514 2623 2134 2717 hältnisse anbelangt.... Sechzig Millionen sind auch
2746 2623 4242 2744 Graf. Und im übrigen, was den Egon an¬
505 2705 1840 2787 nicht g'rad zu verachten. Aber wie du meinst.
2908 2715 4090 2816 .. ohne daß ich dir weiter zureden will
2607 2719 2836 2834 belangt
636 2750 1330 2842 Komtesse (schweigt).
2615 2779 4240 2877 an so einem fremden Ort lernt man sich manchmal in
638 2773 2147 2908 Graf. Oder ist es am Ende wegen des Buben?
2613 2844 4240 2959 ein paar Tagen besser kennen als zu Haus in Jahren.
501 2887 2136 2967 Ich bitt' dich, das wär' übertrieben. So was kommt in
2736 2920 4242 3033 Komtesse. Es ist ja abgemacht, Papa, ich reis'
505 2957 2140 3035 den besten Familien vor. Und besonders wo seine Frau
2613 2990 4250 3121 mit dir. Was das übrige anbelangt, reden wir nicht
505 3020 2032 3104 doch immer mit dem Herzen zu tun gehabt hat.
2611 3073 3270 3213 davon... vorläufig.
503 3084 2134 3213 Plötzlich wird man in so eine Affaire hineingerissen, weiß
520 3153 978 3276 selbst nicht, wie.
