4552 3768
1180 348 1346 480 8
408 453 2072 569 bei der Nacht, da ist mir plötzlich, wie soll ich nur
418 563 2066 650 sagen... ganz leicht ist mir zu Mut gewesen. Jetzt bist
431 629 2066 706 du ein freier Mann, hab' ich mir gedacht. Brauchst nicht
420 702 2058 780 jeden Abend, den Gott dir geschenkt hat, in die Mayerhof-
431 764 2058 845 gassen zu fahren und mit der Lolo bei Tisch sitzen
424 830 2078 915 und planschen oder auch nur zuhören. Es war ja manch-
418 894 2058 973 mal wirklich fad zum auswachsen. Und mitten in der
414 963 2058 1060 Nacht wieder nach Haus fahren und gar noch am End
418 1035 2060 1110 Rechenschaft ablegen, wenns du einmal mit Bekannten im
410 1103 2051 1188 Kasino soupierst, oder mit deiner Tochter in die Oper
418 1159 2053 1246 gehst, oder in die Burg. Also was soll ich dir viel er¬
420 1230 2045 1317 zählen, geradezu montiert war ich beim Nachhausfahren
414 1304 2043 1385 Hab' schon allerlei Pläne im Kopf gehabt. o nicht,
408 1368 2045 1445 was du dir denkst... nein, aber reisen, was ich schon so
412 1435 2049 1509 lang hab' tun wollen, nach Afrika oder Indien, als ein
418 1503 2043 1590 freier Mann das heißt, ich hätt' mein Mäderl mit-
412 1571 2049 1658 genommen. Na ja, du lachst, weil ich noch immer
404 1631 764 1733 Mäderl sag'.
534 1704 2053 1801 Fürst. Fällt mir gar nicht ein. Die Mizzi sieht
406 1791 2045 1880 wirklich noch aus wie ein junges Mädel. Wie' ein ganz
418 1857 2041 1950 junges. Besonders mit dem Florentiner Strohhut neulich.
528 1927 2043 2010 Graf. Wie ein junges Mädel! Und dabei ist sie
404 2010 2043 2122 akkurat in einem Alter mit der Lolo. Na, du weißt
404 2072 2031 2167 ja Alt werden wir, Egon. Alle, Ja, ja.... Und
404 2140 2037 2211 einsam. Aber wirklich, im Anfang hab' ich's nicht
408 2202 2024 2285 gemerkt. Es ist erst allmählich so über mich ge¬
397 2281 2031 2362 kommen. Die ersten Tage nach dem Abschiedsfest war's
402 2345 2031 2430 noch nicht so schlimm. Erst vorgestern und gestern, wie
391 2401 2037 2484 die Stund gekommen ist, wo ich sonst gewöhnlich in die
397 2470 2037 2552 Mayerhofgassen gefahren bin... und jetzt, wie
404 2536 2033 2616 mir der Peter Rosen gebracht hat, für die Lolo
406 2604 2031 2685 selbstverständlich, da ist es mir so gewissermaßen
395 2674 2039 2755 klar geworden, daß ich zum zweitenmal in meinem
385 2747 2029 2828 Leben Witwer geworden bin. Ja, mein Lieber. Und jetzt
391 2811 2024 2900 ist es für immer. Jetzt kommt die Einsamkeit. Jetzt ist sie da.
507 2886 1861 2987 Fürst. Aber das ist ja lächerlich. Einsamkeit!
511 2946 2016 3039 Graf. Sei nicht bös, aber du verstehst das nicht.
377 3024 2020 3117 Du hast so ganz anders gelebt wie ich. Du hast dich
377 3091 2024 3227 doch in nichts mehr eingelassen, seit deine arme Frau
3103 317 3271 441 9
2378 439 4010 578 gestorben ist vor zehn Jahren. In nichts Ernstes, mein
2391 495 4018 619 ich. Und hast nebstbei noch einen Beruf, gewissermaßen.
2515 596 3173 698 Fürst. Wieso denn:
2523 611 3480 776 Graf. Na, Herrenhausmitglied.
2521 735 2997 832 Fürst. Na ja.
2532 745 4039 931 Graf. Und zweimal wärst du ja beinah' Minister
2403 876 2689 983 geworden.
2532 923 3028 1037 Fürst. Beinah'
2532 950 4045 1085 Graf. Wer weiß. Vielleicht erwischt's dich einmal
2403 1052 4041 1153 wirklich. Und ich bin jetzt ganz fertig. Hab' mich vor
2405 1122 3755 1254 drei Jahren sogar pensionieren lassen, ich Esel.
2538 1167 4039 1294 Fürst (lächelnd). Dafür bist du jetzt ein ganz
2403 1256 4045 1377 freier Mann. Vollkommen frei. Die Welt steht dir offen.
2538 1323 4051 1416 Graf. Aber zu nix Lust, alter Freund. Das ist
2416 1374 4043 1507 die G'schicht. Nicht einmal ins Kasino bin ich hinein¬
2403 1447 4045 1567 g'fahren seitdem. Weißt du, was ich g'macht hab' die
2409 1526 4051 1635 letzten Abende? Da unter'm Baum bin ich g'sessen mit
2409 1598 3666 1724 der Mizzi, und Domino haben wir g'spielt.
2552 1656 4053 1780 Fürst. Na, siehst du, das ist doch keine Einsam-
2422 1735 4059 1842 keit. Wenn man eine Tochter hat, noch dazu ein so
2428 1784 4057 1898 kluges Wesen, mit dem man sich immer so gut ver¬
2430 1855 4057 1962 standen hat... Was sagt sie denn übrigens dazu, daß
2424 1931 3740 2056 du deine Abende jetzt zu Hause verbringst?
2550 1995 4063 2113 Graf. Nix. Es ist ja auch früher manchmal vor-
2434 2060 4065 2182 gekommen. Gar nix sagt sie. Was soll sie denn sagen?
2432 2134 4070 2254 Mir scheint, sie merkt's gar nicht. Glaubst, sic hat was
2436 2219 3119 2343 gewußt von der Lolo?
2559 2277 3277 2383 Fürst (lacht). Na höre
2565 2320 4078 2449 Graf. No natürlich. Ich weiß ja. Natürlich hat
2608 2395 4070 2513 g'wußt. Aber schließlich war ich ja beinah' noch
2434 2424 2565 2527 sie's
2443 2478 4070 2575 ein junger Mann, wie ihre arme Mutter gestorben ist.
2445 2550 3782 2658 Sie hat mir's doch nicht übelnehmen können.
2594 2610 4076 2720 Fürst. Das nicht. (Leicht.) Aber sie wird es schon
2441 2664 4072 2780 manchmal gespürt haben, daß sie so viel allein ist, denk'
2443 2768 2679 2857 ich mir.
2577 2780 4080 2917 Graf. Hat sie sich beklagt über mich? Na, kannst
2443 2896 3014 2999 mir's schon sagen.
2577 2904 4088 3033 Fürst. Ja, ich bin doch nicht der Vertraute von
2445 3016 4092 3107 der Mizzi. Mir gegenüber hat sie sich natürlich nie be¬
2453 3051 4103 3202 klagt. Gott, vielleicht hat sie's auch gar nicht so gespürt.
