3528 4200
440 579 3103 838 Der Junge kommt. Der Vater hat ihm ge agt.” Ich will Dich
460 768 3089 983 dem Grafen vorstellen, meinem alten Freunde."Nun ist zu
467 993 1623 1199 fällig seine Tochter da.
474 1169 3136 1490 Der Fürst schlägt ihr vor, wollen wir uns nicht heiraten?
483 1417 2106 1609 Sie: "Ich habe mancherlei erlebt".
474 1636 970 1765 “Ich auch.”
556 1795 3159 2050 Oder er frägt den Sohn! “Nun wie denkst pu, soll ich sie
464 2096 950 2222 heiraten?”
520 2139 3036 2324 der Sohn: “Wir wollen sehen, dass wir ihr verzeihen
523 2404 907 2513 können.
533 2447 1603 2642 Der Graf kehrt zurück.
546 2550 3106 2791 Zur Vorgeschichte. Die Komtesse hätte damals heiraten
556 2695 3169 2937 sollen, ist geflohen. Selbstverständlich weil sie schon
563 2921 2613 3096 das Kind des Fürsten unter dem Herzen trug.
573 2990 3003 3281 Es war dieselbe Zeit, da die Beziehungen des Grafen
583 3225 1930 3381 mit der Balleteuse begannen.
586 3351 1556 3563 Der Arzt vhn damals.
603 3483 2735 3709 Vielleicht auch der Bräutigam der Balleteuse.
