4584 3736
1162 385 1372 516 - 6 -
570 511 2089 640 Fürst. An die See. Und Ihr... habt ihr noch
445 597 798 694 nichts vor?
576 636 2081 753 Graf. Ich hab' noch gar nicht d'rüber nachge¬
630 725 1077 840 ... das Jahr.
447 728 597 842 dacht
576 784 2073 871 Fürst. Nun ja, Ihr habt es hier heraußen so
441 856 2077 952 wunderschön... der Riesenpark. Aber irgend wohin
445 927 1493 1027 wirst du ja doch im Sommer reisen.
576 977 1927 1091 Graf. Ich weiß noch nicht. Ist ja alles egal.
572 1056 1424 1152 Fürst. Was hast du denn?
576 1112 1852 1210 Graf. Lieber alter Freund, bergab geht's.
578 1191 2093 1278 Fürst. Wieso? Was sind das für komische Aus¬
663 1245 1734 1355 Arpad? Was heißt das „bergab“?
441 1260 615 1370 drücke
576 1328 1451 1411 Graf. Alt wird man, Egon.
572 1391 1584 1486 Fürst. Ja. Aber man gewöhnt's.
572 1449 2085 1578 Graf. Was hast du zu reden, du bist um fünf
445 1524 852 1630 Jahre jünger.
570 1580 2091 1684 Fürst. Um sechs. Aber fünfundfünfzig, das ist
447 1671 2089 1754 auch nicht mehr der Frühling des Lebens. Na — man
457 1734 927 1833 findet sich drein.
588 1777 2089 1919 Graf. Du bist halt immer ein Psycholog gewesen,
451 1863 829 1956 alter Freund.
582 1892 2091 2016 Fürst. Im übrigen, ich weiß wirklich nicht, was
439 1983 2091 2114 du willst. Schaust famos aus. (Er setzt sich. Wieder Blick
459 2058 1395 2158 hinauf, wie manchmal.) [Pause.]
580 2108 2097 2228 Graf (mit einem Entschluß). Weißt also das
445 2195 1068 2291 Neueste? Sie heirat'.
576 2241 1239 2353 Fürst. Wer heiratet?
576 2322 2093 2422 Graf. Was fragst du denn... kannst dir's ja
441 2401 651 2503 denken.
582 2436 2081 2565 Fürst. Ach so, ich habe nämlich geglaubt, die Mizzi.
439 2538 1929 2621 Na ja, es wär' doch.... Also die Lolo heiratet?
576 2601 1212 2694 Graf. Ja, die Lolo.
578 2677 2075 2777 Fürst. Aber das ist doch eigentlich nicht das „Neueste“.
576 2738 1035 2823 Graf. Wieso?
567 2790 2083 2889 Fürst. Das verspricht sie dir doch, oder droht sie
439 2869 2089 2962 dtr, oder wie man sagen soll, seit mindestens drei Jahren.
576 2935 2077 3014 Graf. Seit drei? Du kannst ruhig sagen seit zehn.
445 3012 2077 3089 Oder seit achtzehn. Ja, wirklich. Ueberhaupt seit die Ge¬
459 3083 2081 3168 schichte angefangen hat mit uns zwei. Es war doch immer
445 3139 2081 3264 eine fixe Idee von ihr. Wenn ein honetter Mensch
3193 345 3332 453 7
2443 449 4103 570 kommt, der um meine Hand anhalt', so geh ich stante
2451 530 4103 644 pede von der Bühne weg. Das war ihr zweites Wort.
2453 605 4103 705 Du hast's doch selber auch ein paarmal von ihr gehört.
2453 659 4097 784 Und jetzt ist er halt gekommen, der Erwartete... und
2461 753 2763 854 sie heirat'.
2588 792 4097 910 Fürst. Na, wenn er nur ein honetter Mensch ist.
2588 856 4108 977 Graf. Also Witze! Das ist deine Teilnahme in
2461 948 3324 1054 einem so ernsten Augenblick?
2594 987 3970 1118 Fürst. Na. (Legt die Hand auf seinen Arm.)
2590 1058 4112 1170 Graf. Ja, ich versicher dich, es ist ein ernster
2465 1123 4097 1247 Augenblick. Keine Kleinigkeit, wenn man so beinah
2465 1204 4112 1322 zwanzig Jahr mit einem Wesen quasi gelebt hat, die
2476 1262 4120 1382 besten Jahre mit ihr verbracht, wirklich Freud und Leid
2472 1330 4114 1463 geteilt mit ihr... man hat schon überhaupt nicht mehr
2476 1399 4130 1534 gedacht, es könnt' jemals aufhören... und da kommt
2490 1480 4126 1590 sie eines schönen Tags und sagt: „B'hüt di' Gott, mein
2476 1540 4126 1642 Lieber, nächstens ist Hochzeit.... Das ist schon eine
2476 1592 4126 1717 verfluchte G'schicht'. (Steht auf, geht hin und her.) Und
2476 1678 4130 1784 dabei kann ich ihr's nicht einmal übel nehmen. Weil ich's
2486 1742 3742 1865 nämlich so gut versteh. Was willst machen!
2611 1802 4133 1923 Fürst. Du warst immer ein viel zu guter Kerl,
2492 1904 2709 2000 Arpad.
2617 1927 4139 2052 Graf. Was ist da gut? Warum soll ich's nicht
2488 2002 4135 2118 verstehen? Achtunddreißig hat's bei ihr geschlagen. Und
2490 2075 4143 2189 ihrem Beruf hat sie Valet gesagt. Also daß es ihr keinen
2507 2154 4151 2249 Spaß macht, als pensionierte Ballettänzerin und als aktive
2494 2210 4149 2328 Maitresse vom Grafen Pazmandy weiter zu existieren, der
2494 2272 4149 2386 mit der Zeit natürlich auch ein alter Esel wird, das muß
2503 2355 4147 2465 ihr doch jeder nachfühlen. Ich war ja darauf vorbereitet.
2494 2413 4006 2549 Hab' ihr's gar nicht übel genommen, meiner Seel'.
2638 2461 4158 2619 Fürst. Da seid ihr also in ganz guter Freundschaft
2507 2584 2856 2688 geschieden?
2634 2594 4155 2719 Graf. Natürlich. Sogar ein ganz fideler Abschied
2509 2692 4164 2800 ist es gewesen. Meiner Seel. Ich hab's ja im Anfang
2509 2759 4056 2877 gar nicht gewußt, wie schwer's mir sein wird. Erst
2522 2817 4172 2939 allmählich bin ich zum Bewußtsein gekommen. Es ist
2522 2898 3694 3025 schon eine ganz merkwürdige G'schicht.
2650 2929 3985 3079 Fürst. Was ist denn d’ran so merkwürdig?
2642 3008 4170 3145 Graf. Also daß ich dir erzähl: Wie ich von ihr da
2511 3099 4182 3264 herausg’fahrn bin, zum letztenmal, in der vorigen Wochen
