4776 3784
3327 342 3549 451 17
1257 396 1472 537 16
2735 437 3778 570 Fürst. Vor dem verantwort' ich's.
2749 521 4262 640 Graf. Aber mir, mir paßt's nicht. Ich geh dem
642 500 2167 638 Komtesse. Sie — haben es ihm schon gesagt?
4131 590 4264 679 halt
2614 613 4075 705 Wagen entgegen und halt sie auf. Es macht mich
642 605 1013 697 Fürst. Ja.
2624 662 4266 785 nervös. Entschuldig' mich so lang bei deinem Herrn
640 648 2148 767 Komtesse (nach einer Pause, ohne ihn anzu¬
2622 740 3850 871 Sohn. Adieu Mizzi, bin gleich wieder da.
523 711 1699 828 sehen). Und seine Mutter — ist tot.
646 806 1310 896 Fürst. Vorläufig tot.
2751 822 3114 920 Graf (ab).
2751 851 4266 984 Fürst. Fräulein Lolo hat sich angesagt und das
640 853 1767 959 Komtesse. Für immer. (Steht auf.)
648 937 1447 1035 Fürst. Wie Sie wünschen.
2628 951 3534 1068 paßt Ihrem Herrn Papa nicht.
2751 990 4276 1136 Komtesse. Wie? Lolo angesagt? Sie kommt
654 998 1466 1097 (Graf und Diener kommen.)
646 1050 2161 1191 Diener. Aber gräfliche Gnaden haben dem Josef
2636 1101 2856 1212 hieher?
2761 1101 4272 1263 Fürst. Ihr Papa, Mizzi, hat ihr versprochen, daß
521 1130 1185 1236 doch selbst frei gegeben.
2765 1216 4284 1324 sich vor ihrer Hochzeit einmal die Villa anschauen
642 1177 1599 1314 Graf. Ja, ja, es ist schon gut.
2630 1216 2720 1326 sie
2640 1259 4284 1384 darf. Und jetzt geht er dem Wagen entgegen, um sie
631 1273 1074 1363 Diener (ab)
629 1326 1888 1425 Komtesse: Was hast du denn Papa?
2647 1373 2972 1466 abzufangen.
2774 1386 4282 1515 Komtesse. Wie kindisch. wie rührend eigentlich.
642 1384 2142 1499 Graf. Nichts, nichts, mein Kind. Ich müßt' rasch
2647 1484 4295 1583 Ich hätte sie gern kennen gelernt. Ist es nicht zu
502 1474 2130 1572 wohin fahren und der verflixte Josef.... Sei nicht bös
2644 1533 4291 1644 dumm? Da hat man einen Vater, der nahezu die
508 1550 1966 1615 Mizzi, aber ich möcht nur ein paar Worte mit
2015 1552 2142 1634 dem
2651 1611 4293 1720 Hälfte seines Lebens mit einem gewiß sehr sympathischen
508 1611 2140 1689 Egon... (zu ihm): Also denk dir, sie hat mich schon
2661 1685 4190 1790 Geschöpf zubringt... und man kommt nicht dazu
510 1679 2148 1769 früher angerufen. Die Lolo nämlich. Sie hat keinen Anschluß
2655 1755 4297 1855 hat nicht das Recht — ihr einmal die Hand zu drücken.
502 1767 2142 1845 gekriegt und jetzt telephoniert mir die Laura, na, ihr Kammer¬
2653 1812 4289 1929 Warum paßt's ihm denn nicht? Daß ich alles weiß,
498 1827 2066 1929 mädel halt, daß sie g'rad' zu mir heraus gefahren ist.
633 1882 1355 1986 Fürst. Zu dir, hieher?
2655 1900 3407 2003 kann er sich wohl denken.
2786 1921 4303 2070 Fürst. Gott, er ist eben so. Vielleicht hätte es ihn
627 1941 976 2027 Graf. Ja.
2661 2025 4305 2130 auch weniger nervös gemacht, wenn er nicht gerade in
621 2003 1302 2099 Fürst. Warum denn?
623 2077 1958 2181 Graf. Warum, kann ich mir schon denken.
2661 2081 4239 2230 dieser Stunde noch einen andern Besuch erwartete...
2007 2052 2128 2173 Du
490 2152 2128 2232 weißt, sie war noch nie in der Villa, selbstverständlich,
2776 2157 3891 2257 Komtesse. Einen andern Besuch?
2792 2175 4205 2335 Fürst. Den ich so frei war, ihm anzukündigen.
490 2220 2128 2308 und ich hab ihr immer versprochen, bevor sie heirat’, darf
2782 2290 4086 2398 Komtesse. Was ist das für ein Besuch?
504 2288 2128 2372 sie einmal herauskommen, die Villa und den Park an-
504 2355 2019 2448 schauen. Das war ja immer ihre Kränkung, daß ich
2794 2372 3419 2472 Fürst. Unser Sohn.
2790 2409 4311 2526 Komtesse. Sind Sie.. Hieher kommt Ihr Sohn?
490 2429 2130 2501 nicht da heraußen empfangen kann. Na ja, wegen der
2800 2489 4311 2622 Fürst. In einer halben Stunde spätestens wird er
490 2478 1958 2579 Mizzi. Was sie auch eingesehen hat. Und sie so
2038 2493 2130 2573 im
490 2556 2128 2653 Geheimen herausbringen einmal, während die Mizzi nicht
2667 2585 2927 2690 hier sein.
2798 2585 4319 2737 Komtesse. Sagen Sie, Fürst.... Sie erlauben
486 2624 2130 2714 zu Haus' ist, also auf solche Sachen hab ich mich nie
486 2696 2124 2784 eingelassen. Na und da laßt sie mir telephonieren, über-
2685 2700 3606 2833 sich wohl einen Spaß mit mir?
2808 2729 4309 2888 Fürst. Durchaus nicht. Mit einer Verstorbenen...
484 2765 2128 2843 morgen ist schon die Hochzeit, und sie ist g'rad heraus-
484 2825 740 2919 gefahren.
2669 2835 3188 2956 Was denken Sie.
2806 2860 4328 2997 Komtesse. Es ist also wahr? Er kommt hieher?
613 2895 2130 2979 Fürst. Nun, was tut's? Sie kommt doch nicht
478 2960 2122 3050 als deine Geliebte, vor wem brauchst du dich denn - zu
2813 2981 3177 3077 Fürst. Ja.
2806 2999 4340 3134 Komtesse. Sie halten es also offenbar noch
480 3024 767 3122 genieren?
2683 3091 4330 3202 immer für eine Laune von mir, daß ich von dem Buben
605 3061 2130 3198 Graf. G'rad heut... und jetzt, wo dein Herr
478 3143 1267 3274 Sohn gleich kommen wird.
2677 3180 3290 3307 nichts wissen will?
