3432 4200
2776 374 2913 556 69
1198 545 2725 785 Es wär auch wirklich nicht sehr
877 626 1134 815 Graf:
871 720 3116 933 g'scheidt gewesen. Und übrigens so ein Zusammen
885 855 3016 1072 sein in Ostende verpflichtet doch zu nichts.
916 1042 2114 1240 Kom:- Das ist schon wahr.
480 1072 581 1226 P.S.
894 1145 2988 1399 Graf: Und der Bursch ist doch wirklich ein
891 1371 1625 1541 reizender Kerl.
891 1441 3002 1684 Kom:- Ah Du meinst man hääte dann gleich ei
908 1558 3083 1824 nen erwachsenen Sohn, ohne sich persönlich be-
916 1818 1628 1969 miiht zu haben.
930 1921 2407 2167 Graf: Aber was Du redst, Mizi.
961 2061 3008 2276 Kom: Also weisst Du was, Papa,wenn es Dir
947 2206 2904 2404 so unangenehm ist allein hinzufahren, ich
952 2441 1396 2600 reis mit.
963 2449 3019 2720 Graf: Wirklich,? Das ist aber..meinst Dus
963 2717 1790 2893 denn jetzt ernst?
969 2773 2276 3021 Kom: aufstehnd ja Papa.
980 2893 3156 3181 Graf: Du weisst gar nicht, ich hätt mich näm
997 3086 3080 3329 lich wirklich.. in dem Sommer... die Erinne
1000 3214 3008 3468 rungen... na Du kannst Dirs ja denken Und
1016 3396 2974 3641 dann an einem so fremden Ort, da lernt ###
