3368 4152
2604 414 2740 591 67
883 568 1483 785 Kom : Frech.
892 689 2980 915 Graf: aber fesch.. hoffentlich bleibt er bei
886 907 3215 1077 Militär. Das ist doch eine vernünftigere Karriere
898 1008 2966 1237 als die Diplomatie. Langsam aber sicher. Er
892 1182 2972 1379 lebt mans so wird man doch General. Aber mit
912 1306 3032 1512 der politischen Karrière... schau Dir den Egon
907 1483 2983 1674 a. Dreimal, wär er beinah Minister geworden.
909 1625 2442 1819 Und wenn ers schon geworden wär!
907 1712 3006 1964 auf und ab.) I ja, ja. Ein biss 1 einsam wirds
921 1877 3189 2126 in dem Sommer werden. Hättest Du nicht deh Lust.
927 2056 2265 2285 mit mir an die See zu gehen?
970 2190 3102 2421 Kom:  die ruhig dasitzt   die Sache ist nur
979 2343 3064 2595 die, der First hat um meine Hand angehalten.
941 2485 3041 2734 Graf? Wie? Ist es möglich? Und Du hast nein
947 2711 1315 2885 gesagt?
996 2795 1732 3018 Kom: Ungefähr
970 2908 2963 3195 Graf: So. Na ja. Schliesslich ich hab Dar
959 3085 2960 3299 nie was drein geredet. Wie Du meinst, Aber
976 3157 3064 3444 eigentlich versteh ichs nicht ganz. Ich hab
985 3354 3024 3620 ja schon lang bemerkt, dass er.... im Alter
