3432 4200
2833 418 2958 568 70
867 559 2978 785 man sich auch manchmal besser kennen, in ein
879 757 2444 961 paar Tagen, als daheim in Jahren.
876 893 3091 1113 Kom:  Du brauchst mir nicht mehr zuzureden Pa
893 1020 3074 1243 pa es bleibt dabei, ich reis mit Dir. Was das
331 1042 664 1254 Wenig
616 1054 751 1322 1
893 1209 1845 1410 übrige anbelangt...
280 1246 554 1441 dein
921 1294 2969 1551 Graf: Also weisst Du was,
500 1356 703 1526 us.
921 1466 3051 1670 ihmigen ihr Secretär hättein. xxx
291 1455 407 1661 of
927 1596 3017 1865 xyz xxx
941 1672 3215 1997 ich telephonier gleich zum
938 1870 3122 2198 Schenker wegen Schlafwagenplätze für morgen.
949 2116 1723 2254 oder übermorgen.
946 2271 1695 2430 Kom: So eilig?
1017 2325 3020 2551 Graf: Ja was hast denn für einen Sin noch
975 2424 3065 2780 da herum zu sitzen, je eher je lieber mächt
989 2599 3043 2910 ich auf und davon sein. Ah da kommt ja Dein
1034 2783 2766 3088 Professor. Hast du denn heit Stund?
994 2966 2585 3260 Kom: ich hab auch ganz verressen.
