4744 3768
1299 400 1445 528 38
684 515 2201 625 Graf. Also, weißt du was, ich telephonier' gleich
573 602 2206 726 zum Schenker wegen Schlafwagen für übermorgen oder
577 697 919 783 für morgen.
691 715 1424 841 Komtesse. So eilig?
699 775 2210 893 Graf. Na, was hat das für einen Sinn, noch da
561 857 2201 979 herumsitzen, wenn wir einmal entschlossen sind. Also
565 938 1678 1047 ich telephonier'.... Ist's dir recht?
691 1012 1243 1107 Komtesse. Ja.
693 1070 1309 1177 Graf (umarmt sie).
695 1113 2216 1226 Professor Windhofer (erscheint im
573 1218 890 1307 Gartentor).
707 1239 2222 1369 Graf. Ah, da kommt ja dein Professor. Hast du
573 1344 1173 1445 denn heut' Stund'?
695 1408 1985 1490 Komtesse. Ich hab' auch ganz vergessen.
699 1459 2226 1554 Professor Windhofer (schöner, etwa fünf-
573 1527 2210 1618 unddreißigjähriger Mann, sehr elegant, grauer Gehrock,
577 1587 2218 1688 blonder Spitzbart. Er nimmt beim Eintritt in den Park
579 1680 1519 1752 den Hut ab, kommt nach vorn).
713 1725 2214 1839 Professor Windhofer. Guten Tag, Gräfin.
579 1806 1276 1905 Guten Tag, Herr Graf.
705 1853 2222 1962 Graf. Guten Tag, lieber Professor, wie geht's?
590 1927 2222 2030 Sie entschuldigen, ich muß g’rad’ telephonieren, weil wir
583 2012 1078 2100 nämlich abreisen.
707 2041 2232 2150 Professor Windhofer: Sie reisen ab?
779 2129 1727 2222 lassen sich Herr Graf nicht stören.
579 2144 734 2234 Bitte
717 2175 2228 2292 Graf. Ich seh' Sie wohl noch, lieber Professor.
594 2263 1059 2375 (Ab ins Haus.
732 2307 1876 2428 Professor. Sie reisen ab, Gräfin?
713 2410 1637 2486 Komtesse. Ja, nach Ostende.
719 2436 2226 2577 Professor. Das ist aber ein ziemlich plötzlicher
592 2546 890 2640 Entschluß.
717 2577 2166 2686 Komtesse. Ziemlich. Das ist schon so bei mir.
723 2653 2230 2768 Professor. Da wird's ja wohl für heuer mit
592 2729 1567 2824 den Stunden aus sein? Schade.
713 2793 2239 2892 Komtesse. Ja, ich werd' auch heute kaum
950 2863 2039 2950 ich fühl' mich ein bißchen abgespannt.
594 2882 746 2989 mehr
726 2910 2230 3059 Professor. So... Sie sind auch etwas blaß,
592 3011 800 3104 Maria.
719 3057 1540 3170 Komtesse. Finden Sie?
723 3119 2245 3259 Professor. Wie lange wollen Sie denn fort-
592 3201 884 3323 bleiben?
3335 375 3451 474 39
2690 464 4211 587 Komtesse. Vielleicht bis zum Herbst — vielleich
2562 567 3617 678 bis sehr spät in den Herbst hinein.
2708 600 4217 748 Professor. So werden wir unsre Stunden also
2558 699 3875 808 wohl erst im November wieder aufnehmen?
2696 761 3918 860 Komtesse (lächelnd). Ich glaube nicht.
2715 781 4228 928 Professor. Sie glauben nicht?.. (Sehen
2575 907 2956 1000 einander an.
2702 950 3698 1059 Komtesse. Ich glaube nicht.
2702 973 4221 1125 Professor. Also... ich bin entlassen, Maria.
2708 1078 4221 1185 Komtesse. Wie kann man sich so ausdrücken,
2570 1150 3760 1278 Rudolf? Es ist wirklich nicht sehr nett.
2715 1202 4232 1323 Professor. Verzeih'. Es ist doch ein bißchen
2581 1288 3727 1410 rascher gekommen, als ich gedacht habe.
2715 1330 4228 1461 Komtesse. Besser, als wenn es zu langsam
2581 1435 3356 1532 kommt. Glaubst du nicht?
2717 1468 4230 1587 Professor. Ich bin fern davon, dir einen Vor¬
2583 1558 3269 1663 wurf zu machen, Kind.
2717 1597 4236 1719 Komtesse. Hast auch wirklich keinen Grund.
2589 1682 3846 1810 War's nicht schön? (Reicht ihm die Hand.
2729 1717 4242 1861 Professor (küßt ihr die Hand). Du bist wohl
2595 1818 3739 1927 so gut, mich dem Grafen zu empfehlen.
2719 1857 4188 1983 Komtesse. Du gehst? Du gehrt gleich...?
2717 1940 4122 2051 Professor (leicht). Ist es nicht das Beste?
2729 1993 4246 2111 Komtesse (nach einer Pause, ihm in die Augen
2603 2080 4250 2187 schauend). Glaub' schon. (Sie drücken einander die
2610 2154 4141 2257 Hand.) Und grüß' mir deine Frau und die Kinder.
2731 2208 4166 2311 Professor. Werd's ausrichten, Gräfin. (Geht.
2725 2259 4254 2379 Komtesse (bleibt eine Weile stehen, sieht ihm
2601 2364 2756 2494 nach)
2737 2370 4248 2509 Graf (auf der Terrasse). Schon in Ordnung,
2610 2457 4267 2610 Morgen Abend Abfahrt 9 Uhr 30, Westbahn. Wo ist
2614 2568 3224 2657 denn der Professor?
2731 2595 3900 2737 Komtesse. Ich hab' ihn fortgeschickt.
2744 2651 4256 2783 Graf. So? — Und was glaubst du, wer das
2612 2733 4265 2859 Coupé zwischen meinem und deinem hat... Der Egon
2614 2805 4267 2931 und sein Herr Sohn. Das wird eine Ueberraschung sein.
2733 2867 4256 3018 Komtesse. Na...riesig. (Ab, auch ins Haus.)
3242 2958 3642 3086 Vorhang.
3370 3075 3506 3197 G.
