4552 3704
2994 1135 3608 1247 Graf Arpad Pazmandy.
2994 1222 3542 1309 Mizzi, seine Tochter.
3003 1270 3615 1367 Egon Fürst Ravenstein.
2990 1340 3415 1444 Lolo Langhuber.
2998 1403 3206 1486 Philipp.
3003 1457 3546 1550 Professor Windhofer.
2988 1525 3218 1604 Wasner.
2994 1587 3359 1664 Der Gärtner.
2996 1650 3318 1743 Der Diener.
2440 1710 4106 1820 Garten der gräflichen Villa. Hohes Gitter hinten. Tor
2438 1795 4100 1872 ungefähr Mitte, etwas weiter nach rechts. links vorn die
2448 1870 4100 1940 front der einstöckigen Villa, die einmal ein Jagdschlößchen
2438 1919 4092 1992 war, bor 180 Jahren gebaut, vor 30 Jahren renoviert
2438 1971 4082 2063 Längs des erhöhten Parterres zieht eine nicht tiefe Terrasse
2438 2052 4102 2129 von der drei breite Stufen in den Garten führen. Von der
2451 2098 4092 2183 Terrasse aus eine offene Glastür in den Salon. Der erste
2444 2173 4092 2237 Stock hat einfache Fenster; über dem ersten Stock ein kleiner
2446 2222 4096 2318 blumengeschmückter Balkon, der zu einer Art von Mansarde
2457 2285 4092 2384 gehört. Vor der Villa Rasenplatz mit Blumenbeeten. Rechts
2511 2357 4044 2463 vorn, unter einem Baum, Gartenbank, Tischchen, Sessel.
2569 2438 4084 2534 Graf (älterer Herr mit grauem Schnurrbart, noch
2448 2529 4102 2606 sehr gut aussehend, in Haltung und Gebahren der gewesene
2444 2608 4092 2677 Offizier, in Reitanzug, Reitgerte in der Hand, von
2444 2658 3164 2758 rechts. Diener mit ihm).
2567 2712 4094 2843 Diener. Um wie viel Uhr befehlen heute gräfliche
2451 2791 3059 2899 Gnaden das Essen?
2573 2816 4094 2957 Graf (er spricht den ungarisch=deutschen Offiziers=
2448 2922 4088 3027 jargon. Zündet sich eben eine große Zigarre an): Um zwei.
2567 2984 4100 3094 Diener. Und um wieviel Uhr soll eingespannt
2442 3059 3154 3189 sein, gräfliche Gnaden?
