3352 4136
2712 365 2857 579 68
864 539 2997 719 würdet ihr xxx nicht schlecht zusammenpassen
858 684 3151 864 und was seine sonstigen Verhältnisse anbelangt...
861 847 2977 1035 sechzig Millionen sind gnad auch nicht zu ver
864 1015 2848 1183 achten. Aber wie Du meinst, wie du meinst.
1232 1169 1734 1349 schweigt
855 1172 1155 1374 Kom:
924 1260 2957 1471 Graf: Oder ist es am End wegen des Ruben?
924 1411 2817 1634 Ich bitt Dich, das wär lächerlch. So was
875 1531 2883 1768 kommt in den besten Familien vor. Also be
890 1748 2962 1947 sonders in dem Fall, -wo seine Fruödoch immer
887 1856 2974 2099 mit dem Herzen zu tun g'habt hat. Also flötz
898 1987 3071 2235 lich wird man in so ein Abenteuer hineigerissen
907 2181 2278 2398 man weiss selber nichts wie.
944 2290 3042 2529 Kom:- Und man lasst dann so eine arme Person
930 2458 2110 2683 sitzen und zugrund gehen,
927 2589 3096 2831 Graf: Also ich bitt Dich, das steht nur so in
924 2729 3111 3005 die Bücher. Was kann denn er dafür? Die Frauen
938 2871 3151 3151 zimmer sterben ja meistens früh. Und wer weiss,
947 2994 3122 3270 wenn sie nicht gestorben wär,... also wenn das
949 3176 2982 3441 das Einzige ist, was gegen ihn spricht....
978 3330 3176 3587 Kom: Ich hab ja seinen Antrag auch noch nicht
975 3536 1927 3709 entgiltig abgelehnt.
