4776 3784
1267 379 1482 513 20 -
538 475 2190 609 Darum find' ich es lächerlich, daß Sie ihn plötzlich hieher
538 590 2184 699 bringen wollen. Wenn Sie mir einen guten Rat erlauben,
542 649 2175 756 gehen Sie ihm auch entgegen, wie der Papa der Lolo,
538 727 1836 814 und fahren Sie mit ihm wieder nach Haus.
678 798 2186 904 Fürst. Ich denke nicht daran. Nach allem, was ich
544 879 2192 967 eben von Ihnen wieder habe hören müssen, muß es
551 932 2188 1028 wohl dabei bleiben, daß seine Mutter tot ist. Aber um
557 1022 2186 1106 so mehr muß ich mich seiner annehmen. Er ist mein
553 1091 1960 1164 Sohn, auch vor der Welt. Ich hab' ihn adoptiert.
672 1166 1562 1252 Romtesse: Sie haben ihn
674 1189 2186 1327 Fürst: Er trägt vielleicht morgen schon meinen
546 1288 2175 1388 Namen. Ich werde ihn vorstellen, wo es mir beliebt.
549 1376 2186 1445 Natürli, vor allem meinem alten Freund, dem Grafen,
549 1422 2180 1516 Ihrem Herrn Papa. Wenn es Ihnen unangenehm ist,
544 1491 2180 1583 den jungen Menschen zu sehen, so wird Ihnen nichts
553 1581 2184 1671 andres übrig bleiben, als sich für die Dauer seines Be¬
557 1631 1669 1729 suches auf Ihr Zimmer zurückzuziehen.
666 1723 2188 1822 Komtesse. Wenn Sie glauben, daß ich diesen
544 1784 1397 1886 Ton sehr angebracht finde...
683 1849 2012 1960 Fürst. So wenig wie ich Ihre Verbitterung.
668 1935 2194 2035 Komtesse. Verbittert? Seh' ich verbittert aus?
553 2006 2184 2094 Hören Sie... Ich erlaube mir nur, Ihren Einfall ge¬
563 2092 2184 2182 schmacklos zu finden. Im übrigen bin ich so gut ge¬
555 2148 1175 2259 launt wie gewöhnlich.
687 2211 2184 2322 Fürst. Ich zweifle nicht daran. Es ist mir
553 2301 2184 2381 durchaus nicht unbekannt, daß Sie es längst ver-
563 2355 2180 2452 standen haben, sich mit Ihrem Schicksal zu versöhnen.
553 2441 2188 2508 Ich habe es ja auch verstanden, mich in das meine zu
563 2506 2188 2594 fügen, das vielleicht in seiner Art geradeso schmerzlich
553 2571 1099 2670 war als das Ihre.
662 2628 2182 2753 Komtesse. Wie? In was für ein Schicksal mußten
549 2720 2180 2795 Sie... Es kann doch nicht jeder Minister werden. Ach
557 2785 2188 2871 so... die Bemerkung bezieht sich am Ende darauf, daß
544 2854 2188 2940 Durchlaucht mir die Ehre erwiesen haben, mich vor zehn
549 2927 2184 3011 Jahren, nach dem Tode von dero hochseliger Gemahlin,
546 2990 1342 3092 um meine Hand zu bitten.
668 3032 2198 3182 Fürst. Und vor sieben noch einmal, wenn Sie sich
540 3116 1340 3262 freundlichst erinnern wollen.
3298 333 3503 465 21
2720 450 4259 574 Komtesse. O ja, ich erinnere mich. An meinem
2605 526 4250 649 Gedächtnis zu zweifeln, hab' ich Ihnen niemals Anlaß
2603 643 2845 752 gegeben.
2755 651 4254 796 Fürst. Und ich hoffe, Mizzi, Sie haben mir nie zu¬
2607 745 4254 858 gemutet, daß ich die Absicht hatte, mit meiner Werbung
2628 802 4254 925 so irgend etwas zu tun, wie eine Schuld zu sühnen. Ich
2615 877 4267 995 habe Sie gebeten, meine Frau zu werden, weil ich eben
2609 936 4290 1049 die Ueberzeugung hatte, daß mir das wahre Glück nur
2613 1026 3721 1143 an Ihrer Seite beschieden sein könnte.
2739 1064 4275 1187 Komtesse. Das wahre Glück!... Sie hätten
2760 1189 2921 1271 geirrt.
2615 1189 2722 1294 sich
2757 1206 4280 1342 Fürst. Das glaub' ich ja selbst, daß ich mich
2623 1283 4275 1411 damals geirrt hätte. Vor zehn Jahren war es wohl noch
2632 1367 4282 1491 zu früh. Vor sieben Jahren vielleicht auch noch. Heute
2636 1451 3233 1549 vielleicht nicht mehr.
2757 1482 4288 1600 Komtesse. Auch heute, lieber Fürst. Es ist Ihr
2630 1556 4280 1675 Verhängnis, daß Sie mich niemals gekannt, nie etwas
2632 1614 4294 1738 von mir gewußt haben. Nicht als ich Sie geliebt, nicht
2640 1702 4296 1803 als ich Sie gehaßt habe und nicht einmal in der langen
2638 1780 3771 1889 Zeit, seit der Sie mir gleichgiltig sind.
2764 1822 4294 1951 Fürst. Ich habe Sie immer gekannt, Mizzi. Ich
2644 1924 4292 2016 weiß mehr von Ihnen, als Sie wahrscheinlich vermuten.
2646 1970 4294 2100 Es ist mir zum Beispiel durchaus nicht unbekannt, daß
2646 2039 4303 2146 Sie diese siebzehn Jahre auch auf Besseres verwandt
2644 2104 4307 2221 haben, als einem Manne nachzuweinen, der damals
2649 2173 4301 2282 vielleicht Ihrer nicht ganz würdig war. Ja, ich weiß
2665 2240 4317 2364 sogar, daß Sie sich darauf kapriziert haben, nach der
2665 2309 4305 2427 Enttäuschung, die Ihnen mit mir begegnet ist, noch
2659 2402 3384 2512 einige andere zu erleben.
2785 2446 4309 2559 Komtesse. Enttäuschungen? Nun, zu Ihrem
2659 2510 4313 2638 Trost kann ich Sie versichern, lieber Fürst, daß auch
2665 2603 3620 2714 recht angenehme darunter waren.
2791 2626 4324 2772 Fürst. Auch das weiß ich. Würd' ich sonst zu be¬
2667 2732 4345 2868 haupten wagen, daß ich die Geschichte Ihres Lebens
2667 2827 3122 2925 wirklich kenne?
2793 2843 4324 2977 Komtesse. Und bilden Sie sich vielleicht ein, ich
2676 2948 4328 3055 kenne das ihre nicht? Wünschen Sie, daß ich Ihnen die Liste
2680 3000 4330 3122 Ihrer Geliebten herzähle? Von der Frau des bul¬
2682 3090 4332 3220 garischen Attachés 1887 bis zu Fräulein Therese Grédun,
