3432 4152
1601 126 1711 271 V.
1456 123 1547 210 Monsieur les
271 352 391 471 p
2454 462 2635 562 96.
420 775 3019 891 Beziehungen der Jugend, die ins Alter hinübergeschleppt
413 975 775 1065 werden.
417 1075 3000 1201 Der alte Graf H., der mit den mit der Ballettänzerin R.
475 1246 2557 1356 ein Verhältnis hat, die auch schon alt wird.
420 1414 2228 1511 Seine Tochter, die gleichfalls altert.
417 1559 2893 1666 Schrecken des alten Grafen, wie er sogar schon seine
429 1740 1624 1824 Tochter alt werden sieht.
433 1889 1627 1982 Ein alter Freund von ihm.
433 2028 2467 2137 Junge kokett: Augen in einem alten Gesicht.
