4792 3800
1303 437 1431 542 34
517 559 2170 658 diese Heirat zwischen der Balleteuse und dem Wasner ist
513 653 831 744 dein Werk.
658 705 1247 792 Fürst. Nur weiter.
651 746 2179 853 Philipp. Du, Papa — das fällt mir allerdings
732 829 1391 938 diesem Augenblick ein!
526 835 629 944 erst
653 899 1278 1004 Fürst. Was denn?
658 942 2191 1051 Philipp. Ich weiß nicht, ob ich's sagen darf?
653 1014 2107 1125 Fürst. Na, du bist doch sonst nicht so schüchtern.
660 1090 2119 1216 Philipp. Wenn meine Mutter gar nicht tot wäre.-
660 1179 1156 1261 Fürst. Hm.
666 1214 2177 1323 Philippf Wenn es meine Mutter wäre, die
534 1290 2177 1398 soeben durch diese merkwürdige Verkettung der Umstände,
534 1362 2177 1447 in demselben Wagen, in dem ich herausgekommen bin,
536 1433 2183 1534 in die Stadt hineinfährt? Wenn es meine eigene Mutter
546 1486 2181 1602 wäre, die ich aus der Zeitung herausgeschnitten habe —?
666 1550 2179 1651 Fürst. Bub, du wirst entschieden Minister,
538 1633 2187 1731 wenigstens für Ackerbau. — Aber komm, wir müssen
540 1711 1268 1804 uns jetzt auch empfehlen.
668 1738 2183 1851 Graf und Komtesse (vom Eingang wieder zurück).
670 1820 2187 1938 Fürst. Also lieber Freund, jetzt heißt's leider Ab¬
559 1909 965 2006 schied nehmen.
678 1942 2187 2049 Graf. Aber wollt ihr nicht dableiben... es wär'
557 2016 1826 2142 doch wunderschön, wenn ihr zum Frühstück.
684 2055 2201 2189 Fürst. Leider unmöglich. Wir haben eine Verab¬
559 2166 1148 2269 redung beim Sacher.
686 2218 2206 2325 Graf. Das ist aber wirklich schad'. Und jetzt sieht
550 2290 1612 2408 man sich den ganzen Sommer nicht.
686 2356 2140 2457 Fürst. Na, wir sind doch nicht außer der Welt.
686 2418 1878 2513 Graf. Und morgen reist ihr schon ab?
688 2506 1066 2593 Fürst. Ja.
691 2552 1360 2663 Graf. Wohin denn?
693 2603 1729 2713 Fürst. An die See, nach Ostende.
699 2661 2218 2781 Graf. So, nach Ostende. Da möcht' ich eigentlich
571 2764 1391 2882 schon lang einmal hingehen.
693 2824 1569 2933 Fürst. Es wär ja sehr nett
707 2847 2218 2989 Graf. Na, was glaubst du, Mizzi, sein wir fesch.
571 2964 1490 3061 Fahren wir auch nach Ostende.
693 3003 2239 3154 Komtesse. Ich weiß noch nicht. Du kannst ja
565 3092 1259 3209 jedenfalls, lieber Papa.
707 3117 2226 3286 Philipp. Es wär' wirklich charmant, Gräfin,
579 3232 1319 3370 ich tät' mich riesig freuen.
3422 357 3541 466 35
2770 435 4289 575 Komtesse (lächelnd). Sie sind sehr liebens¬
2636 552 3834 662 würdig, Philipp. (Reicht ihm die Hand.)
2781 631 3737 732 Philipp (küßt ihr die Hand.)
2777 662 4289 789 Graf (zum Fürsten). Es scheint, die Kinder ge¬
2657 759 3240 880 fallen sich ganz gut.
2789 798 4298 928 Fürst. Kommt mir auch so vor. Also adieu.
2659 864 4300 981 Adieu, liebe Mizzi, adieu, lieber, alter Freund. Dich
2657 932 4040 1070 hoff' ich ja jedenfalls in Ostende wiederzusehen.
2793 977 4312 1105 Graf. Sie wird schon mitkommen. Was, Mizzi?
2663 1076 4310 1200 Schließlich kann man sich auch an der See ein Atelier
2667 1150 3539 1274 mieten. Nicht wahr, Mizzi?-
2793 1220 3488 1327 Komtesse (schweigt).
2793 1243 4312 1404 Fürst. Also nochmals auf Wiedersehen. (Er reicht
2671 1362 3181 1466 beiden die Hand.
2807 1387 4310 1517 Philipp (küßt der Komtesse nochmals die Hand).
2816 1447 4320 1583 Graf (reicht Philipp die Hand). Es hat mich
2680 1562 3279 1672 wirklich sehr gefreut.
2818 1575 4329 1717 Fürst, Philipp (ab. Der Wagen ist vorge-
2700 1672 3832 1802 fahren, sie steigen ein und fahren fort.)
2698 1734 4331 1898 (Graf, Komtesse kommen nach vorn, setzen sich an den
3047 1816 3978 1942 Tisch unter den Baum. Pause.)
2826 1923 3842 2024 Graf. Merkwürdig ist so ein Tag
2836 1936 4339 2086 Komtesse. Ja, das Leben ist überhaupt merk-
2694 2049 3834 2158 würdig, man vergißt's nur manchmal.
2838 2102 4112 2228 Graf. Da kannst schon recht haben, Mizzi.
3415 2191 3657 2304 (Pause.)
2838 2265 4349 2393 omtesse. Weißt du, Papa, du hättest uns
2708 2354 4158 2471 wirklich früher miteinander bekanntmachen können.
2842 2418 3811 2529 Graf. Wieso? Ah, dich und
2847 2455 4357 2593 Komtesse. Mich und die Lolo. Eine so liebe
2857 2575 4366 2727 Graf. Hat s' dir gefallen? Na ja, wenn man
2723 2587 2952 2682 Person.
2729 2659 4364 2797 immer gleich wüßt... Was soll man machen? Jetzt
2735 2785 3158 2884 ist's halt aus.
2853 2812 3859 2933 Komtesse (nimmt seine Hand).
2863 2834 4374 2997 Graf (steht auf und küßt sie auf die Stirn. Macht
2733 2941 4368 3069 ein paar Schritte hin und her). Was sagst du übrigens
3216 3011 3997 3125 wie g'fallt dir der Bursch'?
2741 3057 3170 3154 Mizzi, zu..
2869 3071 4052 3228 Komtesse. Philipp? Ein bissel frech.
4240 3119 4335 3234 3*
