4712 3752
3269 336 3609 458 — 13 —
1206 363 1422 476 12 —
2717 453 4234 567 Graf. Aber mir hättest du's doch sagen können.
571 456 1915 600 Graf. Dein Sohn? Du hast einen Sohn?
2591 530 4236 633 Ich versteh's wirklich nicht, daß du.... Na geh, es ist
581 587 958 691 Fürst. Ja.
2591 608 3158 711 wirklich nicht schön.
594 608 2086 742 Graf. Na, da hört sich doch... Einen jungen
2729 655 4228 789 Fürst. Ich hab warten wollen, wie sich der Bursch
451 713 2092 810 Herrn hast du, der dein Sohn ist? Oder vielmehr, einen
2587 740 3710 835 entwickelt. Man kann ja nie wissen...
472 754 2094 893 Sohn, der ein junger Herr ist? Wie alt ist er denn?
2719 779 4244 923 Graf. Na ja, bei einer gemischten Abstammung...
594 839 1319 940 Fürst. Siebzehn Jahre.
2591 876 3514 985 Aber jetzt scheinst du beruhigt?
598 888 2086 998 Graf. Siebzehn! Und das sagt er mir erst jetzt!
2717 930 3729 1029 Fürst. Ja. Er ist ein Prachtkerl.
462 956 2092 1066 Nein, Egon... Egon! Ja, sag' mir... Siebzehn
2729 967 4230 1103 Graf (umarmt ihn wieder). Also, wo hat er denn
470 1020 2086 1152 Jahr.... Du! da hat ja deine Frau noch gelebt...
2591 1095 3069 1191 bis jetzt gelebt?
592 1107 2088 1216 Fürst. Ja. Meine Frau hat damals noch gelebt.
2725 1101 4244 1280 Fürst. In den ersten Jahren ziemlich weit von
458 1185 2098 1280 Man wird manchmal in merkwürdige Affairen hinein-
2591 1224 3090 1340 Wien. In Tirol.
460 1257 1084 1356 gerissen, lieber Arpad.
2735 1290 3391 1373 Graf. Bei Bauern?
594 1297 2084 1408 Graf. Ja, meiner Seel, das muß schon wahr sein!
2721 1305 4244 1453 Fürst. Bei einem kleinen Gutsbesitzer. Die ersten
598 1379 2105 1484 Fürst. Und da hat man eben eines Tages einen
2603 1402 4240 1525 Schulen hat er dann in Innsbruck besucht. Und in den
480 1428 2037 1564 siebzehnjährigen Sohn, mit dem man auf Reisen geht.
2595 1476 4240 1589 letzten Jahren hab ich ihn in Krems. im Gymnasium
592 1501 1696 1618 Graf. Also mit ihm fahrst du fort?
2605 1571 2812 1674 gehabt.
594 1581 1305 1682 Fürst. Ich bin so frei.
2729 1579 4059 1719 Graf. Also du hast ihn manchmal besucht?
596 1620 1950 1738 Graf. Nein, ich kann dir gar nicht sagen
2731 1692 3267 1787 Fürst. Natürlich.
1857 1665 2096 1789 (plötzlich
472 1717 1816 1812 also einen siebzehnjährigen Sohn hat er!...
2731 1736 4024 1835 Graf. Und was glaubt denn er eigentlich?
472 1756 2092 1872 reicht er ihm die Hand und umarmt ihn). Und wenn ich
2735 1789 4238 1913 Fürst. Bis vor wenigen Tagen hat er eben ge-
658 1851 2094 1964 fragen darf... die Mutter von deinem Herrn
482 1870 612 1954 schon
2603 1876 4238 1995 glaubt, daß er keine Eltern mehr hat; auch keinen Vater.
658 1913 2092 2014 ... wieso... weil du schon einmal ang'sangen
478 1938 635 2020 Sohn
2605 1952 4238 2084 Und daß ich ein Freund seines verstorbenen Vaters ge¬
478 1993 940 2102 hast zu erzählen
600 2047 2096 2168 Fürst. Die Mutter ist längst tot. Ein paar Wochen
2597 2043 2917 2142 wesen bin.
2723 2082 4259 2220 Komtesse (auf dem Balkon). Guten Tag, Fürst
474 2107 1958 2224 nach der Geburt gestorben. Ein blutjunges Geschöpf.
2605 2162 2789 2276 Egon.
602 2191 1323 2284 Graf. Aus dem Volk?
2731 2206 3543 2329 Fürst. Guten Tag, Mizzi.
608 2222 2113 2352 Fürst. Ja, natürlich. Aber ein charmantes Wesen.
2731 2249 4246 2401 Graf. Na, willst nicht ein bissel herunterkommen?
2010 2302 2105 2381 En
476 2302 1964 2408 Na, ich erzähl' dir schon noch einmal ausführlich.
2729 2354 4240 2465 Komtesse. Wenn man nicht stört.... (Sie ver-
484 2375 2107 2480 gut ich mich eben selbst noch daran erinnern kann. Es
484 2445 2117 2537 war wie ein Traum, die ganze Geschichte. Wenn der
2610 2447 2896 2548 schwindet.)
2735 2469 4106 2589 Graf. Also, was sagen wir denn der Mizzi?
484 2529 1132 2628 Bub nicht da wäre...
2729 2556 4244 2663 Fürst. Ich möcht' das natürlich gern dir über-
606 2566 2105 2678 Graf. Also das sagt er mir erst jetzt! Erst heut’,
2599 2626 4256 2725 lassen ; aber da ich den Buben doch adoptiere und er
478 2663 1717 2764 knapp bevor der Bursch zu Besuch kommt.
2605 2698 4256 2799 wahrscheinlich schon in wenigen Tagen durch einen
614 2682 2119 2840 Fürst. Man kann nie wissen, wie so was auf-
2612 2756 4250 2892 Gnadenakt Seiner Majestät meinen Namen tragen wird....
482 2803 967 2898 genommen wird.
2731 2847 3442 2954 Graf (erstaunt). Wie?
614 2816 2109 2941 Graf. Aber geh. Aufg’nommen! Hast vielleicht ge-
2744 2869 4263 3014 Fürst.... ist es wohl das Beste, wir sagen der
484 2929 2123 3042 glaubt.... Ich bin doch auch ein bißl ein Psycholog.
2597 2966 3352 3090 Mizzi gleich die Wahrheit.
486 2997 1247 3098 Das ist nun ein Freund
2752 2995 4248 3127 Graf. Natürlich, natürlich. warum denn auch
608 3030 2121 3185 Fürst. Kein Mensch hat es gewußt, kein Mensch
2597 3102 4252 3246 nicht? Und wo du ihn sogar adoptierst.... Es ist doch
476 3143 1105 3263 auf der ganzen Welt.
