4728 3720
1326 328 1468 442 30
681 442 1650 568 Philipp (nimmt). Danke sehr.
690 504 2201 655 Fürst. Aber Philipp! So eine Riesenzigarre vor
547 593 991 692 dem Frühstück!
677 638 2189 735 Graf. Ausgezeichnet. Ist das allerg'sündeste. Sie
555 725 2098 820 gefallen mir sehr gut. Wollen wir uns nicht setzen?
681 807 2189 925 (Fürst, Graf, Philipp setzen sich. Komtesse, Lolo
553 869 1078 971 stehen ganz nahe.)
675 933 2191 1026 Graf. Also morgen reisen Sie ab mit dem Papa?
669 1014 2189 1121 Philipp. Ja, Herr Graf. Ich freu' mich schon
537 1072 774 1169 kolossal.
669 1117 1629 1222 Graf. Bleibt's Ihr lang weg?
663 1200 2181 1301 Fürst. Das hängt von verschiedenen Umständen ab.
671 1284 2044 1359 Philipp. Am 1. Oktober muß ich einrücken.
671 1355 2183 1456 Fürst. Und ich werde dann möglicherweise tiefer in
535 1417 1092 1510 den Süden gehen.
675 1479 2183 1565 Graf. Das ist aber das Allerneueste. Wohin denn?
657 1555 2177 1640 Fürst (Blick auf Komtesse). Aegypten, dann vielleicht
541 1619 1501 1716 noch in den Sudan, bissel jagen.
657 1687 2183 1786 Komtesse (zu Lolo). Ich werde Ihnen den Park
537 1759 1032 1871 zeigen, Fräulein.
663 1832 2181 1927 Lolo. Ja, der ist prachtvoll. Da kann sich unser-
535 1902 2158 1995 einer freilich nicht messen. (Sie kommen nach links vorn.)
657 1970 2172 2067 Komtesse. Sie haben auch einen Garten beim
531 2036 752 2139 Haus?
657 2090 2168 2177 Lolo. Natürlich. Wir haben ja auch ein Ahnen-
890 2170 2170 2251 in Ottakring. Schon der Urgroßvater vom
547 2164 692 2263 schloß
529 2238 2181 2346 Wasner ist Fiaker gewesen. Nein, ist das schön! Wie da
527 2309 2162 2404 die Blumen herunterhängen. So was werd' ich mir auch
527 2375 816 2470 einrichten.
659 2418 2177 2561 Graf (beunruhigt). Warum absentieren sich die
529 2503 797 2612 Damen?
648 2565 2170 2662 Komtesse. Laß nur, Papa, ich erkläre dem
516 2647 1784 2753 Fräulein die Facade von unserm Schlössel.
644 2720 2164 2823 Philipp. Kommen öfters Damen vom Theater
514 2794 1518 2885 zu Ihnen ins Haus, Herr Graf?
644 2864 2154 2951 Graf. Nein, das ist mehr ein Zufall! (Sprechen weiter.)
642 2934 2162 3027 Komtesse (zu Lolo). Wie sonderbar, daß ich
520 3007 2177 3116 heute zum allererstenmal Gelegenheit habe, Sie zu
516 3073 1671 3197 sprechen, Fräulein. Ich freue mich sehr.
3228 326 3451 432 — 31
2711 419 4229 537 Lolo (mit einem dankbaren Blick). Und ich erst,
2594 506 4233 603 Gräfin. Ich kenn' Sie natürlich schon lang vom Sehen.
2594 580 3783 698 Ich hab' oft in die Loge hinaufgeschaut.
2713 648 3707 733 Komtesse. Aber nicht zu mir.
2705 712 3647 809 Lolo. Ja, das ist jetzt vorbei.
2711 758 4237 861 Komtesse. Wissen Sie, Fräulein, daß ich
2590 843 3882 954 eigentlich ein bißel gekränkt bin... für ihn.
2718 921 3254 1014 Lolo. Gekränkt?
2718 954 4246 1066 Komtesse. Es wird ein harter Schlag für ihn
2616 1045 4237 1134 sein. Ich weiß am besten, wie sehr er an Ihnen ge¬
2610 1099 4233 1208 hangen ist. Wenn er mir auch nie was davon gesagt hat.
2726 1183 4244 1278 Lolo. Ja, glauben Sie nicht, Gräfin, daß es mir
2598 1249 4246 1340 auch schwer ankommt? Aber ich bitt' Sie, Gräfin, was
2600 1326 4242 1419 bleibt einem schließlich übrig? Ich bin auch nicht mehr
2592 1390 4239 1485 die Jüngste, nicht wahr? Und man will doch endlich
2600 1464 4252 1543 in geordnete Verhältnisse kommen. So lang ich einen
2598 1538 4242 1625 Beruf gehabt hab', da hab' ich mir erlauben können
2695 1598 4244 1673 wie sagt man das nur — freieren Anschauungen zu
2600 1646 4244 1761 huldigen. Es hat gewissermaßen mit zu meiner Stellung
2606 1739 4250 1823 gehört. Aber jetzt, wo ich mich ins Privatleben zurück¬
2596 1792 3614 1887 zieh', wie schauet denn das aus?
2728 1850 4246 1984 Komtesse. Ja, das seh' ich vollkommen ein.
2604 1945 3634 2030 Aber was wird er jetzt anfangen?
2728 1978 4252 2117 Lolo. Vielleicht, daß er doch auch heiratet. Ich
2612 2084 4256 2172 sag' Ihnen, Gräfin, da gibt's noch viele, die sich alle
2631 2141 4256 2238 fünf Finger... glauben Sie nicht, Gräfin, daß es
2625 2218 3868 2317 für mich auch ein schwerer Entschluß war?
2736 2259 4256 2385 Komtesse. Wissen Sie, was ich manchmal gedacht
2606 2360 4260 2480 habe? Ob er nicht vielleicht die Idee hat, Sie zu
2618 2435 3370 2556 seiner Gattin zu machen?
2740 2457 3934 2587 Lolo. Ja, er hat schon wollen. Gräfin.
2728 2569 3358 2660 Komtesse. Wie?
2732 2602 4264 2728 Lolo. Wissen Sie, wann er mich das letztemal
2610 2674 4262 2804 gefragt hat, Gräfin? Es sind noch keine vier Wochen her.
2738 2765 4029 2891 Komtesse. Und Sie haben Nein gesagt?
2734 2817 4268 2938 Lolo. Ich hab' Nein g'sagt. Es hätt' kein Gut
2612 2905 4260 3021 getan. Ich als Frau Gräfin! Können Sie sich das vor¬
2616 2978 4258 3085 stellen. Ich als Ihre Stiefmama, Komtesse.... Nie
2623 3056 4027 3168 hätten wir so gemütlich miteinander geplaudert.
