4728 3768
1268 394 1516 522 28 —
655 494 2177 615 Lolo. Das muß aber ein schlechter Mensch gewesen sein.
669 601 2185 684 Philipp. Und einer, der hat sich die historischen
547 661 2181 754 Persönlichkeiten herausgeschnitten, Nordpolfahrer und
537 748 2177 820 Komponisten und solche Leut', und ich hab' mir die
541 789 2197 878 Damen vom Theater gesammelt. Schau'n viel besser
541 873 2174 952 aus. Zweihundertdreizehn. Ich zeig' sie dir einmal, Papa.
549 925 2179 1047 Sehr interessant. Eine australische Operettensängerin ist
543 995 944 1101 auch d'runter.
671 1035 2183 1171 Lolo. Ich hab' ja gar nicht gewußt, daß Durch-
541 1134 2170 1216 laucht einen Sohn haben. Und noch dazu einen so großen.
677 1204 2183 1311 Philipp. Ja, Fräulein, ich hab' bis jetzt im
541 1260 1148 1363 Verborgenen geblüht.
677 1328 2187 1427 Fürst. Jetzt besorgst du das aber recht auffällig,
537 1402 1175 1491 das muß man sagen.
675 1476 2181 1559 Lolo. Aber lassen Sie ihn, Durchlaucht, ich hab's
547 1534 1894 1623 gern, wenn so junge Leute ein bissel vif sind.
671 1600 2189 1697 Philipp. Also Fräulein ziehen sich jetzt ins
537 1664 2189 1755 Privatleben zurück? Sehr schad'. Grad, wo ich endlich
537 1735 2191 1842 das Vergnügen haben könnte, Sie auf den Brettern zu
541 1807 1716 1889 bewundern, welche die Welt bedeuten...
669 1877 2191 1968 Lolo. Sehr charmant, Durchlaucht, aber leider hat
541 1945 2181 2036 man keine Zeit, auf die heranwachsende Jugend zu
537 2007 2197 2121 warten. Und für die Gereisteren bin ich halt jetzt ein
541 2077 1305 2162 etwas zu hoher Jahrgang.
669 2125 2189 2245 Fürst. Wie man hört, vermählen Sie sich ja dem-
541 2214 1051 2323 nächst, Fräulein?
671 2276 2183 2369 Lolo. Ja, ich trete in den heiligen Stand der Ehe.
663 2344 2181 2453 Philipp. Und wer ist denn der Glückliche, Fräu¬
541 2424 1417 2507 lein, wenn man fragen darf?
665 2474 2191 2602 Lolo. Wer? Da draußen sitzt er auf dem Bock.
659 2554 1753 2643 Komtesse. Wie? Der Kutscher?
671 2614 2183 2703 Lolo. Aber Gräfin — Kutscher! — Höchstens wie
541 2682 2187 2769 der Herr Papa — verzeih'n schon — wenn er zufällig
537 2759 2053 2841 einmal seine Braunen selber fährt. Fiakereigentümer
537 2825 2187 2908 mein Verlobter, Hausbesitzer und Bürger von Wien, der
547 2899 2179 2982 selber nur auf den Bock steigt, wenn's ihn halt freut und
537 2965 2183 3054 wenn er für jemanden eine besondere Hochschätzung hat.
537 3033 2177 3110 Jetzt führt er einen gewissen Baron Radeiner. Jetzt grad,
541 3102 2187 3190 Gräfin, hat er ihn zu Ihrem Herrn Papa herausgeführt.
537 3162 1900 3296 Der geht mir übrigens ab, der Herr Radeiner.
3267 376 3496 467 — 29
2718 450 4225 582 Philipp. Erlaube, mich vorzustellen: Baron Radeiner.
2720 562 3482 653 Lolo. Sie, Durchlaucht?
2728 599 4242 727 Philipp. Ich fahr' überhaupt, seit ich in Wien
2592 696 3397 797 bin, nur mit dem Wasner.
2722 750 4231 849 Lolo. Unter einem angenommenen Namen, Durch¬
2592 834 4132 923 laucht. Da kommt man Ihnen auf schöne G'schichten.
2732 884 4242 987 Graf (kommt erhitzt). Guten Tag. (Ueberblickt die
2604 983 3073 1070 Situation.) Ah!
2730 1012 4233 1127 Lolo. Habe die Ehre, Herr Graf. Ich habe näm¬
2600 1101 4246 1208 lich so frei sein wollen.. ich wollte mich bedanken für
2604 1183 3316 1278 das prachtvolle Bouquet.
2728 1233 3909 1334 Graf. Aber bitte, bitte, sehr angenehm.
2732 1278 4239 1421 Fürst. Lieber alter Freund, also hier ist er, mein
2612 1386 3044 1483 Sohn Philipp.
2738 1435 4246 1536 Philipp. Es ist mir eine große Ehre, Herr Graf.
2742 1512 4252 1611 Graf (reicht ihm die Hand). Seien Sie willkommen
2616 1559 4250 1675 in meinem Haus. Betrachten Sie es jederzeit als das
2614 1654 4252 1745 Ihrige. Es scheint, ich brauche nicht mehr bekannt zu machen.
2734 1718 3529 1805 Komtesse. Nein, Papa.
2746 1766 4256 1877 Graf (nicht ohne Verlegenheit). Es ist sehr char¬
2623 1850 4250 1943 mant von Ihnen, Fräulein. Sie wissen ja selbst am
2625 1902 4260 2003 besten, wie sehr ich Sie immer bewundert hab'.... Aber
2643 1995 4260 2090 sagen Sie mir nur, wie sind Sie denn eigentlich heraus¬
2627 2048 4260 2160 gekommen? Ich hab' da nämlich gerade meine Prome¬
2627 2117 4264 2212 nade auf der Hauptstraße gemacht, wo alle Wagen vor¬
2623 2172 4031 2298 bei müssen, und ich hab' Sie gar nicht gesehen.
2757 2259 4260 2356 Lolo. Ja, Herr Graf, was glauben Sie denn!
2627 2319 4260 2435 Die Fiakerzeit ist jetzt vorbei für mich. Ich bin natürlich
2633 2414 4260 2507 mit der Stadtbahn herausgefahren, wie sichs für mich schickt.
2765 2466 4272 2583 Graf. So, so.... Aber wie ich höre, ist doch Ihr
2645 2544 3308 2664 Herr Bräutigam selbst.
2765 2581 4272 2742 Lolo. Ja, der hat natürlich feinere Passagiere,
2633 2684 2912 2792 wie mich.
2771 2705 4275 2862 Philipp. Ich habe nämlich das Vergnügen ge¬
2643 2806 4279 2941 habt, mit dem Bräutigam des Fräuleins hier heraus zu
2656 2905 2852 3013 fahren.
2771 2926 4281 3036 Graf. Sie fahren mit dem Wasner? Da hört sich
3405 3003 4295 3124 psychologische Zusammenhänge.
2643 3027 3269 3151 doch alles... jaja
2755 3062 3829 3226 (Ihm offerierend). Zigarre gefällig?
