3464 4216
2867 228 3004 470 72
871 448 3101 782 Prf: So, so. Sie sind auch etwas blass Maria.
871 751 1766 968 Kom: Finden Sie?
1221 782 3173 1126 Wie lang gedenken Sie denn fortzubleiben?
1213 921 3048 1207 Das lässt sich heute noch nicht sagen,
898 948 1112 1090 Prf:
904 1082 1154 1277 Kom:
926 1160 2167 1374 Vielleicht bis zum Herbst.
2303 1196 2442 1324 erst
976 1215 3068 1549 Prf: So werden wir anso also im Oktober die
940 1480 2189 1669 Stunden wieder aufnehmen.
940 1633 2103 1827 Kom: Ich glaube nicht.
965 1655 3207 1961 Prf: Sie glauben nicht. Also ich bin entlassen
384 1772 754 1966 H. Schaef
2439 1894 2962 2105 The Cents.
481 1950 645 2086 Monsieur M r de
979 1958 1279 2130 Maria.
1452 1986 2064 2125 Meine durch die de I.
1026 2041 2381 2267 Kom: Sprechen Sie nicht so.
1051 2080 3237 2389 Prf: Verzeihen Sie, es kam doch evas rascher,
1015 2367 2014 2564 als ich gedacht habe.
1054 2364 3154 2664 Kom: Ich hatt es Ihnen doch voraus gesagt,
1457 2478 1560 2570 lui
1438 2509 3193 2798 Post... Sie heirale de Tuol a:  - Ici fait une
2848 2628 3090 2737 Mitte.
1549 2695 2456 2851 I am is not a vulleter &
1060 2714 3187 2990 Prf: Ich bin fern davon Dir einen Vorwurf zu
1024 2709 1413 2890 Karl.X
1054 2940 1755 3148 machen, Maria.
2464 2954 3182 3193 leb wohl mein
1065 3076 2375 3321 Kom: reicht ihm die Hand
1093 3165 2484 3424 Geliebter, es war sehr schön.
1151 3343 2448 3604 Jap auf St Peier u Schön ist gewesen
1446 3499 2439 3694 dert auf wort nur im H ründen
