4616 3784
1272 361 1455 489 10
550 468 2199 620 Sie ist ja dieses zurückgezogene, stille Leben so lange
554 563 956 658 Zeit gewohnt.
686 627 2185 728 Graf. Ja. Und es ist doch auch ihr Geschmack.
548 688 2187 806 Und dann, bis vor ein paar Jahren ist sie doch ziemlich
557 765 2191 876 viel in die Welt gegangen. Unter uns, Egon, noch vor
544 837 2195 961 drei Jahren, noch vor zwei, hab' ich fest geglaubt, sie
552 899 1305 991 wird sich doch entschließen.
672 963 1600 1068 Fürst. Entschließen? Ach so.
670 1047 2177 1140 Graf. Wenn du eine Ahnung hättest, was für
544 1088 2177 1198 Leut’ sich noch in der allerletzten Zeit sehr lebhaft für sie
538 1165 1074 1251 interessiert haben."
666 1233 1564 1334 Fürst. Das ist sehr begreiflich.
666 1309 2164 1395 Graf. Aber sie will nicht. Sie will absolut nichtt.
530 1356 2175 1472 Also ich mein' damit nur, so gar so allein kann sie sich
530 1428 1325 1523 doch nicht gefühlt haben
1424 1445 2170 1560 sonst hätt' sie doch, wo es
534 1503 1630 1593 ihi an Gelegenheit nicht gefehlt hat.
658 1575 2164 1672 Fürst. Selbstverständlich. Es ist ja ihre freie
526 1637 2146 1744 Wahl. Und dann hat ja die Mizzi noch diese andere
521 1705 2152 1808 Ressource, daß sie malt. Das ist g'rad’ so wie bei meiner
517 1764 2135 1878 gottseligen Tant', der Fanni Hohenstein, die Bücher ge
528 1843 2148 1944 schrieben hat bis in ihr höheres Alter und auch vom
532 1915 1731 2006 Heiraten hat absolut nichts wissen wollen.
647 1968 2148 2063 Graf. Ist schon möglich, daß das so mit den
513 2022 2144 2142 künstlerischen Bestrebungen zusammenhängt. Ich denk'
511 2105 2148 2222 überhaupt manchmal, ob nicht alle diese Ueberspanntheiten
515 2173 1793 2282 gewissermaßen psychologisch zusammenhängen.
637 2245 2150 2360 Fürst. Ueberspanntheiten? Man kann doch nicht
505 2294 1558 2403 sagen, daß die Mizzi überspannt ist.
631 2383 2140 2490 Graf. Ja, jetzt hat sich das ganz gegeben. Aber
499 2412 1014 2521 früher einmal...
633 2498 2140 2612 Fürst. Ich hab' die Mizzi immer sehr klug und sehr
497 2581 2142 2686 ruhig gefunden. Wenn jemand Rosen und Veigerln
493 2636 2127 2746 malt, so muß er doch darum noch lange nicht über¬
495 2692 827 2789 spannt sein.
622 2766 2129 2871 Graf. Na, du wirst mich doch nicht für so dumm
480 2842 2125 2939 halten, daß ich mein', wegen der Veigerln und Rosen. Aber
484 2925 2117 3038 als ganz junges Mädel, wenn du dich erinnern kannst....
608 2968 1233 3057 Fürst. Was denn?
606 3051 2127 3141 Graf. Na, die Geschichte damals, wie der Fedor
470 3069 1515 3203 Wangenheim um sie ang'halten hat.
3203 348 3327 478 11
2568 437 4094 590 Fürst. Gott, daran denkst du noch!. Das ist doch
2443 550 4094 668 überhaupt nimmer mehr wahr. Das ist ja schon achtzehn
2449 637 3360 744 oder zwanzig Jahr her, beinah
2575 682 4094 794 Graf. Wie sie damals zu den Ursulinerinnen ge-
2443 756 4100 884 wollt hat, lieber als daß sie den netten Burschen zum
2453 816 4098 936 Mann nimmt, mit dem sie schon so gut wie verlobt war.
2453 888 4100 1008 Und auf und davon ist von zu Haus. Das kann man
2453 977 3193 1092 doch überspannt nennen?
2570 1020 4110 1146 Fürst. Wie kommst du denn heut' auf diese uralte
2461 1121 2797 1231 Geschichte?
2591 1163 4108 1266 Graf. Uralt? Mir ist, wie wenns im vorigen Jahr
2469 1220 4112 1354 g'wesen wär. Es war g'rad um die Zeit, wo meine
2471 1278 4108 1410 G'schicht mit der Lolo ang'sangen hat. Wenn man so
2471 1338 4122 1480 zurückdenkt! Wer mir damals vorausg'sagt hätt! Weißt
2467 1437 4122 1567 du, ang'sangen hat's doch eigentlich wie irgend ein Aben-
2471 1482 4127 1614 teuer. Ganz leichtsinnig und verrückt. Ja, vertrücht. Na,
2478 1560 4125 1680 ich will mich nicht versündigen, aber daß meine
2488 1622 4120 1742 arme Frau damals schon ein paar Jahre tot war,
2482 1694 4125 1818 das war ein Glück für uns alle. Die Lolo,
2486 1756 4133 1878 die war mein Schicksal. Geliebte und Hausfrau
3537 1812 4137 1911 so großartig hat
2492 1843 3475 1950 zugleich. Weils nämlich auch
2488 1880 4127 2006 kochen können. Und diese Behaglichkeit bei ihr. Und
2488 1966 4133 2078 immer gut aufg'legt und nie ein böses Wort.... Na,
2498 2026 4151 2138 aus is. Red'n wir nicht mehr davon. (Pause.)... Aber
2500 2082 4133 2226 sag', bleibst du nicht zum Essen bei uns? Ich werd
2496 2189 3234 2302 übrigens die Mizzi rufen.
2628 2201 4145 2356 Fürst (ihn zurückhaltend). Lass’, ich hab' dir noch
2504 2288 4149 2428 'was zu sagen. (Leicht, wie humoristisch.) Ich muß dich
2511 2399 3148 2513 auf etwas vorbereiten.
2638 2430 3603 2558 Graf. Wie? Auf was denn?
2640 2451 4162 2618 Fürst. Ich führ' dir nämlich heut' einen jungen
2506 2599 2820 2708 Herrn auf.
2645 2597 4036 2744 Graf (befremdet). Wie, einen jungen Herrn?
2636 2698 3908 2816 Fürst. Ja, wenn du nichts dagegen hast.
2649 2750 4176 2898 Graf. Was soll ich denn dagegen haben? Aber
2519 2865 3036 2964 wer ist es denn?
2653 2886 3696 3014 Fürst. Mein Sohn, lieber Arpad.
2659 2979 3560 3094 Graf (höchst erstaunt). Wie?
2653 2991 4188 3152 Fürst. Ja, mein Sohn. Ich wollte doch nicht,
2531 3131 3145 3257 eh' ich wegreise.
