3368 4152
893 591 2704 772 Graf: Und morgen reists Ihr schon ab?
924 756 1475 963 First: Ja.
938 921 1811 1078 Graf: Wohin denn?
912 1041 2404 1245 Fürst: An die See nach Ostende.
907 1175 2891 1422 Graf: Na wer weiss, vielleicht trifft man
921 1341 1881 1531 sich doch dart oben.
921 1506 2413 1665 First: Das wär ja sehr schoen.
977 1570 3146 1819 Graf:  zur Komtesse Na was denkst Du, Mizi?
943 1727 3196 1982 Sein wir auch einmal fesch. Gehn mir auch an die
938 1954 1161 2130 see.
940 2068 2967 2264 Kom: Ich weiss nicht. Du kannst ja jeden
952 2166 3202 2393 falls... ich weiss noch nicht was ich tun werde.
999 2326 3039 2569 Ph: Ich tät mich riesig freuen, Komtesse,
954 2474 3081 2734 Kom: lächelt Sie sind sehr liebenswürdig.
1033 2650 2278 2849 reicht ihm die Hand
2519 2782 2600 2911 P.S.
991 2802 2463 3039 Pjh: küsst ihr die Hand.
988 2902 3048 3165 Fünft: Also auf Wiedermann adieu und Dich
999 3014 3076 3319 lieber alter Freund, hoff ich jedenfalls bald
1010 3291 1730 3465 wiederzusehen.
1064 3358 2955 3594 Graf: Sie wird auch schon mit, was Mizi?
