4744 3784
1097 418 1337 539 — 14
437 492 2077 642 komisch. Eine Tochter, und wenn sie auch eine alte
445 588 2077 695 Schachtel wird, für'n Vater bleibt sie halt doch immer das
451 685 865 781 kleine Mäderl.
572 701 2077 826 Komtesse (erscheint. 37 Jahre, noch sehr gut
451 793 2079 906 aussehend. Florentiner Strohhut, weißes Kleid. Sie küßt
457 881 2079 968 den Grafen. Dann reicht sie dem Fürsten die Hand).
451 939 2075 1029 Nun, wie geht's, Fürst Egon? Man sieht Sie so selten.
588 990 1894 1105 Fürst. Danke, Mizzi. Sie sind sehr fleißig?
576 1056 1913 1160 Komtesse. Man malt halt seine Blümerln.
588 1132 2089 1230 Graf. Sei nicht so bescheiden, Mizzi. Neulich, der
459 1185 2091 1326 Professor Windhofer hat g'sagt, sie soll ruhig einmal
463 1261 2087 1390 ausstellen. Braucht sich neben der Wiesinger-Florian nicht
459 1361 830 1462 zu verstecken.
588 1390 2077 1511 Komtesse. Ja, das ist schon möglich. Aber ich
474 1482 1179 1591 hab' halt keinen Ehrgeiz.
603 1517 2085 1656 Fürst. Fürs Ausstellen bin ich eigentlich auch nicht.
463 1607 1890 1722 Man ist dann jedem Zeitungsschreiber ausgeliefert.
597 1644 2085 1767 Komtesse. Das sind Herrenhausmitglieder auch
465 1749 1400 1847 Wenigstens, wenn sie was reden.
603 1796 2097 1919 Graf. Und unsereiner vielleicht nicht? In alles
480 1888 1086 2001 stecken sie ihre Nasen.
615 1911 2105 2052 Fürst. Nun, wie heut' die Strömung ist, gibt's
478 2001 2099 2112 Leute, die schon deswegen auf Ihre Bilder schimpfen
484 2083 1710 2194 möchten, Mizzi, weil Sie eine Gräfin sind.
605 2150 1302 2263 Graf. Da hat er recht.
605 2206 2099 2319 Diener (kommt). Gräfliche Gnaden werden gebeten,
486 2284 1244 2394 ans Telephon zu kommen.
613 2325 1890 2446 Graf. Wer ist's denn? Was gibts denn?
607 2378 2109 2534 Diener. Gräfliche Gnaden möchten sich persönlich
482 2495 1154 2612 zum Apparat bemühen.
623 2524 2116 2638 Graf. Du entschuldigst mich einen Moment. (Leise
488 2604 2122 2735 zu ihm.) Sag's ihr jetzt, während ich nicht dabei bin. Ist
494 2706 795 2821 mir lieber.
621 2761 982 2860 Graf (ab).
1537 2757 2124 2897 sollte Papa am
619 2782 1507 2919 Komtesse. Es telephoniert
498 2868 2120 3003 Ende schon wieder in neuen Banden sein? (setzt sich.)
621 2964 1218 3061 Fürst. In neuen?
621 2977 2132 3110 Komtesse. Um diese Zeit hat gewöhnlich Lolo
502 3073 2124 3237 telephoniert. Aber mit Lolo ist es jetzt aus. Das wissen
496 3171 838 3284 Sie doch?
3366 346 3530 455 15
2706 445 3778 570 Fürst. Habe es eben erst erfahren.
2716 492 4239 623 Komtesse. Und was sagen Sie dazu, Fürst
2595 576 4233 713 Egon? Mir tut's ja recht leid. Wenn er jetzt wieder was
2593 646 4225 758 anfängt, fällt er sicher hinein. Und ich fürchte, er fäng
2591 728 4147 843 wieder was an. Er ist noch zu jung für seine Jahre.
2735 806 3227 904 Fürst. Ja, ja.
2731 836 4244 963 Komtesse (sich nach ihm umwendend). Sie sind
2593 939 3499 1046 übrigens lang nicht dagewesen.
2741 959 4246 1095 Fürst. Sie werden mich nicht sehr vermißt
2614 1035 4239 1164 haben... fürchte ich.... Die Kunst.... und weiß
2618 1146 3124 1232 Gott was noch.
2745 1175 3852 1281 Komtesse (einfach). Trotzdem.
2751 1261 3571 1367 Fürst. Sehr liebenswürdig
2755 1351 2985 1445 (Pause.)
2749 1361 4260 1494 Komtesse. Warum sind Sie heute so schweig-
2831 1441 4262 1564 Erzählen Sie doch was. Gibt’s gar nichts Neues
2632 1478 2790 1583 sam?
2626 1548 3026 1642 in der Welt?
2755 1572 4266 1697 Fürst (als dächte er nach). Unser Sohn hat maturiert.
2755 1654 4272 1771 Komtesse (zuckt ganz leicht). Ich hoffe, Sie haben
2630 1740 3811 1837 auch interessantere Neuigkeiten in Vorrat.
2761 1804 3419 1906 Fürst. Interessantere.
2761 1831 4272 1964 Komtesse. Oder wenigstens Neuigkeiten, die mich
2630 1923 4276 2038 persönlich mehr angehen, als der Lebenslauf eines mir
2638 2003 3430 2124 unbekannten jungen Herrn.
2765 2011 4280 2163 Fürst. Ueber wichtigere Etappen in der Lausbahn
2636 2112 4284 2239 dieses jungen Herrn glaub’ ich mich doch verpflichtet, Sie
2644 2181 4284 2325 zu unterrichten. Als er gefirmt wurde, hab' ich mir ja
2651 2253 4289 2374 auch erlaubt, Ihnen Mitteilung davon zu machen. Aber
2642 2316 4282 2456 wir brauchen jetzt nicht weiter davon zu sprechen. (Pause.)
2774 2380 4205 2499 Komtesse. Ist er wenigstens durchgekommen?
2782 2462 3577 2577 Fürst. Mit Auszeichnung.
2774 2495 4303 2640 Komtesse. So scheint sich ja die Rasse zu verbessern.
2790 2601 3893 2698 Fürst. Das wollen wir beide hoffen
2778 2624 4299 2794 Komtesse. Und jetzt naht ja wohl auch der große
2651 2753 3124 2864 Moment heran.
2790 2780 3739 2911 Fürst. Was für ein Moment?
2784 2839 4301 2964 Komtesse. Erinnern Sie sich denn nicht mehr'
2659 2913 4305 3032 Nach der Matura wollten Sie ihm ja eröffnen, daß Sie
2679 3020 3132 3124 sein Vater sind.
2790 3044 3795 3202 Fürst. Das hab' ich schon getan.
