5007 5716
1637 906 4137 1133 Ja, er ist recht hübsch. Ich kenne ihn von Schielen
1644 1062 3154 1261 von Sehen aus, will ich sagen.
1662 1222 2635 1413 Wie heisst er denn?
1080 1197 1406 1420 Venus:
1651 1353 2617 1587 (sagt ihrs ins Ohr)
1076 1396 1463 1591 Arthur:
1662 1534 2038 1737 (lacht)
1083 1541 1410 1751 Venus:
1644 1669 2482 1875 Ha, was seh ich.
1065 1708 1367 1875 Zeus:
1666 1836 2394 2042 (Hilfe! Hilfe!
1083 1864 1406 2014 Moral:
1669 2003 4428 2244 Götter und Göttinnen. Die Moral ist neuerdings gefangen
1072 1992 1445 2227 Hermes:
1655 2141 3555 2358 Laura drückt sie mit Inbrunst an sich,
1651 2241 4499 2486 Wieder die selbe Laura. Sie ist unverbesserlich.
1069 2330 1399 2571 Zeus:
1662 2450 3516 2663 Kannst du dich nicht befreien, Moral?
1715 2600 3494 2816 Unmöglich, sie lässt mich nicht los.
1094 2603 1438 2841 Moral:
1658 2774 4357 3004 Fräulein Laura, Fränlein Laura! - Sie hört mich nicht.-
1076 2809 1463 2948 Arthur:
1658 2905 2724 3139 Zeus, Zeus. Hilf mir.
1094 2926 1417 3122 Moral:
1669 3047 4322 3285 Ich sehe meine Macht ist zu gering gegen die fixe Idee
1083 3111 1364 3345 Zeus:
1680 3228 2788 3452 einer irdischen Laura.
1680 3338 3864 3601 (Alle Götter und Göttinnen dicht an Fenster)
1683 3505 4428 3711 Eins kommt mir jedenfalls vor: Dass dieses Fräulein sehr
1076 3558 1481 3786 Hernes:
1687 3683 4453 3928 wenig auf die Moral traut, weil sie dieselbe gar so fest
1676 3896 1957 4070 hält.
1115 4009 2433 4244 NättlX Arthur:Glauben Sie?
1669 4141 3477 4404 Drücken Sie mich nicht so. Wehr. Wehe¬
1680 4368 4254 4514 So wird die Welt xxxx wohl auf die Moral verzichten xxx
1108 4364 1452 4585 Venus:
1687 4467 3317 4681 bis es Fräulein Laura genehm ist.
1697 4599 4467 4858 Wenn sie nur nicht auf die Liebe versichten muss - dann,
1080 4599 1456 4830 Arthur
1694 4794 2916 5004 ist trotzdem allen wohl!
1978 4961 4499 5188 (Der Vorhang fällt, tratsdem er nicht einmal in die
