7400 4792
3755 242 4174 538 fehlen
1834 326 2283 538 Halsch
1221 282 1472 516 4
3821 401 4368 688 scheine...
172 291 3526 670 Zeus. Wie hat ich recht? Was ich be klagene Wertes ereignet?
3746 401 6043 824 Deus. Wieder? Ich begreife sich nicht,
132 643 3632 851 Hernes. Es sieht auf der Erdtsche schlecht an Vomt der Moralität
3733 551 7180 952 Storal. Wie gern wollt uchtig in Nachtweigs durch die Land¬
5307 855 6113 996 Nun jungfänlich
119 762 3336 1036 Leus. Wir? Diese Klage ist mit der Menschen zu
3729 842 7114 1128 Eltern und überall doch den Haupt Tagen und Glücken,
132 956 2473 1181 mordierste Frucht der Einilisation.
3751 1080 4637 1322 boniten - abo-
141 1124 3645 1397 Hermes. Majestät: diese Klagen haben sich auferschreckende
3755 1216 6051 1521 Zeus: " Nun, Niemarchst mich ein gestildig.
154 1287 3619 1596 Weise gemahrt. Überall hat man von nichts weiteren spreche als
3724 1384 7087 1688 Moral. Ich kan nicht überhilig eine Erde Dinge - die -
5289 1543 5540 1657 Bevl
119 1463 1966 1723 moné Unterzey de Monrlität.
3729 1556 6439 1869 einziges Weste hat müssen Pacht genommen!
216 1600 2821 1922 Gem. Arthur beim Fenster / Pst, hiezu, sie
3742 1710 7105 1992 Ergebteit Wehr auf der Erde, das mich gerne nochmit¬
238 1785 2464 2058 Fas Mastreibt Er schon weiter
3782 1930 7294 2204 Ein einzige jungen Mädchen hat mich völlig für sich in Raht genommen
203 1953 3623 2204 Arthur. Da kommt ein Weibstild reibliches Wesen gefloge
6845 2085 7061 2301 Paraphe
3782 2094 4672 2318 Arthur Al¬
185 2142 3645 2437 Sie hat ein sehr schönes Gesicht, in etwas fad - Was Ein¬
3839 2107 6730 2552 Tens. Hat Er schon wieder etwas denzünden?
110 2318 1851 2592 will Aufs Fenster herein in
2944 2305 3359 2600 Parle
3777 2424 4183 2684 Athur
895 2459 2821 2715 die Moral fleißt sein.
3817 2433 7219 2799 Moral. dann ist die ganze Weltumoratisch, weil ein
2226 2556 3284 2808 der ganze Hofstell
159 2636 1697 2896 Zeus. Ah, die Monal!
2067 2689 3310 2944 kommt durch die Thüren
3804 2702 7338 2979 einzige junge Märthe mich für sich in Pacht genommen hat
2036 2816 3552 3050 üfrigt. Was gut, was geht!
132 2808 1781 3037 Hermes. Fräulein Moral!
3812 2913 4716 3156 Arthur. Af.
115 2966 2587 3187 Nothur (11) Also so sieht sie aus.
3786 2953 6889 3354 Zens das ist heißt sonderbar. Wer ist dieser Mädchen?
203 3143 3495 3394 Moral. Majestät, ich könne mich tikter über ein
3799 3253 5214 3513 Arther geißt sie nicht -
167 3301 2005 3561 àdische Wehe zu beklage
3768 3284 6479 3729 Moral Ein grusses Fräulein Faura Sollek¬
159 3469 3636 3733 Zeus - Pfweiss, was die sagen sollst, liebe Moral
3782 3566 6016 3874 Arthur Gefahrsa Pamer, som
115 3641 3654 3879 du bist nicht mehr so hoch angesehen auf der Zeit wie¬
3777 3632 7294 3989 Zeus. Sie, wisch streit, ich find das gar nicht famos
115 3808 3588 4020 Dies früher warst, man verstöhlt dich, im sonstet doch
3848 3896 7308 4218 Ich werde Ein Neußer wird geht sogleich einen Hochsteck
137 3984 3548 4205 Moral Nicht das, Zurs, xxx ist der Grund dafür
3848 4042 6788 4438 versemmeln und als sie soll der besprechen
234 4081 3627 4430 daß ich geht die Enteisöhne so vollstände zu mangeln
