7448 4760
3741 402 4676 686 Zevo. Gegen
275 402 3540 708 Heth Ei, Sie die Moral hat wahrhafli scharf
3793 581 7237 857 Zins. Ich sehe, meine Nacht ist je gern gegen die Ein. Idee einen
284 660 782 896 Dingen.
3745 787 4654 1005 urde schon Laure.
218 682 3649 1101 Moral Umwill ich wieder Freiungs über die
3806 909 6498 1114 Alle Götte und Göttinn sind beim Fenster.
293 944 3658 1272 Erde schweifen — tebtwohl, ihr Gottes und Gott
4121 1092 4519 1224 Dime
3745 1066 7162 1363 Artur: Da muß denn die Welt auch die Moral verzichten, bis
262 1158 1162 1412 Fliegt dero
3741 1228 7206 1508 es dem Träulein darin gefär beliebt. Eins kommt mir jedenfalls
166 1276 3653 1595 Hormes. Da fliegt sie – Ei, was sah ich. Erstens verliebte
3749 1377 7232 1665 vor: Daß dieses Frau keinsche wenig auf die Moral träumt, weil sie
232 1451 3588 1678 Mädchen sai sie kaum erblickt, als sie schon die Leibe
3741 1551 6686 1862 daselbe gar so stelle festhält. Arthur-Glauben Fis?
184 1656 2473 1936 ihre Augen von dem schöne jungen Mau¬
3784 1748 5135 2023 Leus: Sie, iedischen Riete
214 1814 3658 2124 Artheur schöne jungen Man! - Ja er ist recht hübsch. Ich kann ihr eine
3824 1923 6489 2141 Moral - Dircken Sie mich nicht so, zwehe, wehre.
236 1953 2871 2277 Schialen aus, vom Schon aus., will ich sagen —
3859 2089 7372 2329 Herrn Venus. So wird der Welt wohl auf die Moral verzäh¬
184 2150 1870 2412 Venus. Wie heißt er denn?
3846 2233 7110 2495 ten müssen, solang es Fraulein causa nicht genehm ist
153 2316 2622 2535 Arthur (sag) ihr Sins Ohr.) Verw lächt.
3841 2377 7197 2626 Arthur Secretraten Sie ihre Stelle. Wenn sie nur nicht
6476 2517 6769 2666 Feydein
232 2487 1556 2766 Zeas. Ya war seh ich
3885 2548 7132 2884 auch die liebe verzichten muß - dann ist allen wohl!
232 2565 2390 2945 Clerral (von unten) hilfe! Hilfe!
218 2788 3680 3033 Hames. Gött u Gottin.. Die Monal ist neuerdings ge¬
4807 2788 6660 3181 Der Vorhang fällt,
2246 2950 2832 3107 mit Takenst
188 2972 2779 3247 fangen – von Tauer druckt sie an sich. Ihr
4859 3094 6913 3326 not, dem er nicht einmal
201 3138 3688 3387 Zus. Wieder dieselbe Laum? das ist die schreibungen besseligen
4824 3238 6704 3527 in de Slähe gegangen ist.
201 3286 3094 3579 sein. Oostler. Kauft du dich nicht befreien, Mariel?
192 3465 2902 3741 Moral Unmöglich, sie läßt und nicht los.
284 3531 3457 3933 Arthur. Pacht sein die übrige Malstungen sch¬
271 3806 2570 4090 auf Sie verzichten. Freie leise Moral;
245 3950 3636 4261 Nothar.  Frünkein Laurer, Freulein kaurn! — Sie hört mich
258 4217 804 4449 nicht a -
385 4208 2299 4602 Moral. Zins, Haus, hilf mir.
