4743 5716
1367 527 2272 882 1 - 9 -
843 608 1097 816 P.S.
1178 812 2672 1116 Ich bin begierig sie zu hören.
678 920 982 1113 Zeus:
1167 986 4089 1236 Eben komme ich von der Erde, wo man dich geradezu vergessen
670 1090 1059 1247 Hermes:
1174 1197 2064 1398 zu haben scheint.
1170 1313 4035 1521 Man hat mich nicht vergessen. Nein! Aber ich scheine darum
678 1351 1028 1555 Moral:
1174 1498 4096 1702 ganz aus der Welt gekommen zu sein, weil mich — unglaublich
1178 1621 4274 1833 zu hören - ein einziges menschliches Wesen vollständig für sich
1178 1798 2298 2017 in Pacht genommen hat.
712 1952 2510 2191 Die Götter und Göttinnen (erstarren)
1244 2118 2864 2298 Wie das. Ich verstehe dich nicht,
705 2156 993 2372 Zeus:
1244 2252 3842 2472 Ich kann es dir nicht mit anderen Worten sagen, zeus.
724 2352 1016 2491 Moral:
1244 2445 4042 2730 Ein einziges Menschliches Wesen hätte dich für sich ganz
705 2460 982 2687 Zeus:
1255 2595 1663 2780 allein -
1259 2618 3681 2930 Ja, ein einziges, und zwar ein weibliches Wesen (
720 2687 1040 2953 Moral?
1313 2907 2422 3103 (Das Erstaunen wächst)
1255 2953 4077 3292 Das erste Mal in meinem Leben, dass ich die Moral amüsant
732 3088 1055 3272 Venus:
1267 3234 1582 3403 finde.
1270 3330 2757 3588 Fräulein, mit Ihrer Erlaubnis.
732 3330 1059 3604 Moral:
1255 3511 3962 3788 Ei, ich dachte, Mademoiselle sei seit einiger Zeit dem
743 3565 1059 3727 Venus:
1278 3661 2837 3881 Genius der Prüderie anvertraut?
1274 3727 3996 4108 Hm, wie ich sehe, stehen Liebe und Moral auf gespannten
724 3796 1128 4066 Arthur:
1274 4012 1563 4208 Fuss.
1286 4066 4066 4385 Nachdem wir uns so ziemlich von unserem Erstaunen erholt
732 4135 1028 4385 Zeus:
1274 4293 4189 4501 haben, fordere ich dich auf, Moral, uns den Namen des weib-
1278 4462 4154 4755 lichen Wesens zu nennen, dass dich vö llig für sich in An-
1297 4624 1975 4812 spruch nimmt.
1290 4678 3307 5067 Das Fräulein wohnt in der Conzaga-Gasse.
755 4797 1105 5040 Moral:
1286 4932 2164 5120 Ah, was ahne ich!
755 5001 1140 5213 Arthur:
1290 5094 2522 5336 Und heisst Laura Pollak.
747 5159 1093 5321 Moral:
