4724 5544
1192 757 4020 990 Wirst du gleich die Karten einstecken? Im Augenblicke wird
684 854 975 1064 Zeus:
1173 936 4062 1200 sich der Saal füllen, da ich eben alle Götter und Göttinnen
1177 1115 2315 1297 zu mir befehlen liess.
1200 1297 1647 1491 Weshalb?
699 1309 1029 1503 Pluto:
1185 1371 3915 1620 Hermes ist von der Erde wieder zurückgekehrt und es ist
699 1487 994 1670 Zeus:
1204 1534 3977 1787 mein Wunsch, dass der ganze blymp seine Mitteilungen ver-
1204 1662 4136 1946 nimmt. Meine Zigarre kann ich leider nicht mehr ausrauchen.
1216 1821 4121 2078 Ich will sie zum Fenster herauswerfen. (Er tut es, Man hört
1200 2035 4218 2264 irdische Stimmen rufen: Eine Sternschnuppe! eine Sternschnup-
1204 2268 1460 2404 pel)
1076 2334 4194 2579 (Die Türen öffnen sich. Alle Götter und Göttinen treten nach und
1126 2524 4012 2699 nach herein. Zeue setzt sich auf den Thron. Hermes und Hebe
1119 2684 3930 2897 kommen auch. Arthur Schnitzler stellt sich zum Fenster.)
1223 2765 4257 3084 Meine Boten Hermes und Hebe werden euch wohl mitgeteilt haben,
730 2886 1010 3068 Zeus:
1235 2917 4218 3192 welches der Grund dieser Versammlung ist. Deshalb fordere ich
1223 3115 4062 3352 dich, Hermes, auf, uns zu ersählen, was du uns von deinen
1239 3266 3266 3511 irdischen Wanderungen mitzuteilen veisst.
1227 3387 4082 3639 Götter und Göttinnen! Nichts gutes! Vor allen ist es eine
750 3491 1130 3682 Hernes:
1235 3589 4241 3818 Klage, die sich stets uns stets und leider mit Recht vernehmen
1235 3721 4020 3996 lässt. Nämlich die, dass es mit der Moral auf Erden sehr
1251 3938 2020 4136 schlecht steht.
1243 4113 1635 4323 So, hu—!
753 4113 1056 4323 Zeus:
1262 4156 4264 4439 (heimlich zu Zeus) Das scheint der Reflex von den olympischen
765 4295 1080 4474 Pluto:
1262 4396 2198 4575 Zuständen zu sein.
1274 4455 4082 4730 Wirst du schweigen?-Ich befehle dir fortzufahren, Hernes.
773 4571 1068 4773 Zeus:
1254 4637 4163 4913 Diesen Befehl kann ich nur auf eine Weise ausführen, indem
750 4734 1150 4998 Hernes:
1270 4831 4295 5041 ich nämlich meinen kurzen Bericht durch Beispiele illustriere.
