7368 4792
88 382 3624 764 was dieses kaum vielleicht welche Strafe dich taurestellak
101 703 927 922 verein?
646 747 2407 1111 (Ein Keußen wird gehört.)
149 1023 786 1300 Erstamm.
1726 1133 3589 1384 4/5 die Allgemeinheiten sinderer
70 1103 1129 1454 Jas Blas ist des¬
2056 1278 2969 1432 überhaupt ersagte
132 1305 3611 1612 Zw zu Heraus. Was hat man z. B. von dem Weitergeschlecht
70 1515 3593 1766 an Allgemeine? Nichts, Wenn wann sich Dagegen mit
132 1682 3633 1941 einem einzigen weibliche Wesen befasst und ihr seine
154 1814 3641 2073 tet u Gunst zuwendet, dann komt erst das wahr der
1142 1972 2486 2152 das ist wohl zu Princip, Majestät
154 2047 3637 2245 Arthur. Es ist sehr schon Princip den zu haben aber man
2201 2117 3615 2284 Zins. Mein Peinen. Wie meint Er das
141 2218 3663 2469 muss auch an ihnen festhalten selber könntig ist auf Verand¬
141 2310 3633 2631 Deus. Was war Das schon wieder? Weiter an Allg.
2319 2460 2649 2552 überhaupt
2161 2455 3119 2636 Wir Peinligen hat. Brauch
1990 2495 3633 2763 Es steht schon einige in jährten - man hat
149 2530 1204 2767 weine Sentenz
2653 2622 3312 2758 in gewohnlich umnach
180 2649 3637 2961 Aithur. Mir Majestät, - das was eine specielle Bemerkung
2236 2776 3334 3084 ihren festhalten zu müsse.
184 2864 1564 3127 sie bezog sich auf mich
246 3044 1133 3321 Zeus. Wiese?
167 3176 3672 3444 Aettur Ich habe vortreffliche Principien, aber ich befel¬
242 3365 1221 3637 ze sie nicht.
1168 3391 1810 3637 verfolgt sich
2328 3474 3453 3707 die sich einbische
206 3510 2337 3826 Lous Hm. hm. Par. mit aller So.
1608 3659 3347 3826 er gestimmt mich übriges und sich Später
215 3655 3672 3923 nicht zu sein. So. - Käuchen Sie, mein Herrn Heraus
2622 3795 3000 3944 woll dieser
163 3817 3540 4059 Aeltage   "    Ich mühe nur, wie es bringst
167 3993 3597 4226 mir tetschaften von des Erb. Ich w Ich wünsche nicht,
101 4182 3606 4463 Wohl die zu mir allein verträchst, Theill meine Hoffwart
351 4349 2086 4643 Hermes Jacob Moyestät in zwar
3712 334 7208 659 Eisverhanden lassen; um mich mit ihm zugleich zu teerthen, welche
3707 549 7151 839 Massregeln zu vergreifen sind. Hermes, ich darauf und Hebe,
3725 756 7195 1032 ich beauftrage auch, meine Getreuer zu mir je verfer¬
4410 874 5600 1160 Hermes in Hebeab
5824 927 6791 1164 Mademoiselle.
3734 1015 7138 1344 Arthur Majestät, ist es mir erlaubt, habe zu begleiten
4858 1230 5253 1384 ohnestär
3782 1230 7103 1559 Zeur. Ich wünsche sonnst ein paar Minuten allein zu
3734 1458 4252 1669 bleiben.
3778 1586 7186 1818 Arthur darf ich thun a meine Orne Wochen, Frau Lein
3738 1700 6808 1999 Geb! Es ist zwar nur ein irdischer Arm, aber auch
3751 1880 7085 2157 Habe (die lasten Worte verfallen hinter der Rana)
3764 2056 7270 2315 -Zeus (streckt sich in den Sessel.) Erkläft und nimmt eine Zeitz
3769 2258 7204 2517 Zevig. Keum Arpenblick kam man Sich hat. — Zwein
3800 2442 4590 2701 zum Herke
4414 2539 4674 2697 Breut
3795 2565 5921 2811 Pluto à Moas Guten Tag, Haus¬
3800 2693 7300 2987 Zeus. Wie Ihr! Mein brück? Plute? Possenbe? Es ist
3760 2952 7234 3202 noch keine Viertelstunde, daß ich mich im Kaffensaus ver¬
3786 3035 7120 3409 ließ. Ihr volltet noch und Ehe sei ist mich schon werk auch.
5723 3224 6540 3466 So eine will ich
3764 3417 6672 3694 Was haben wir dann heut sie ein Teubelton, Erklopft
3791 3562 6233 3839 Wer stört mich dem schon wieder? Herein
3764 3685 6817 4019 Anton Ichbar es, lieber Grund. Ich komme dich in Franz
3804 3918 6224 4243 Die Lufthaft zu einem kleinen Landknecht.
3800 4063 6927 4349 kenne. Acht dabei ernst? Ich verließt auch doch aber
