7384 4808
3764 342 6330 684 Arten da fliegt was! Bisher früher!
98 386 1420 768 Juno Aucht. Auch?
89 573 3476 883 Hermes:  Erwart auch zu weit führen, wenn ich all das
3822 586 5051 843 Zeus Was fliegt?
3777 728 5477 977 Arthur Ein Frauenzimmer
102 719 3480 1101 nacher auseinandersetzt. Ich will mich auf die Haupt¬
6365 866 6845 1101 einmlich
3742 892 5349 1203 Jens Wie sich sie aus?
84 919 3591 1305 punkte beschränken. Der zweite Punkt - hm. damit hat er
3751 906 7293 1376 Alfur Ein Schönes Gesucht, aber ein Facks Gesicht
84 1145 1704 1447 so seine eigen Bewandtniß
3755 1207 6383 1549 Louis As- das ist wohl die Mariel
89 1292 1966 1594 Fo Dus Minumist to be
4248 1287 7106 1691 Die Moral fliegt dochs offne Fenste.
102 1474 2415 1718 armes. Ich nahm, daß demnach sind.
3742 1616 4616 1895 in den Saal.
89 1656 2464 1984 die Göttinen, Wie wollen alles wissen.
3804 1713 7231 1997 Moral (Krft sich vor dem Theon des Haus nieder/Königs A
102 1758 3493 2073 Hernies. Ja, meine hochverehrten Schöffierung. Es werden
1638 1980 1878 2091 gerner
5779 1913 6307 2122 Welcheißd
102 1953 3542 2255 da sieben zweiffairen und gekannte Abenteuer zur Sprache kommen
3817 1962 4377 2246 Gotte!
3800 2064 7155 2379 Zeus Stehauf, edles Weib; und Welches ist die Begehr!
2219 2117 2517 2264 wilche
102 2179 1771 2472 Die Gattman, das thut nichts.
3813 2188 7284 2530 Moral. Mein König! Ich könne, mich bitten bei dir zu bekam,
120 2193 3560 2548 Domess. Um das ganze Kurz in ein Wort zu Eichsen! Man
160 2459 3653 2779 lebt, wie soll ich wir sagen u Man lebt – vor lebt unversetig
3835 2508 4235 2712 gen.
3848 2410 7297 2819 Zeus. Ichwiss, was du mir sagen willst. x xx beschältigst
138 2641 3542 2916 Denn das wissen wir schon. Nachdem Fuhr desselbst uns das noch
3733 2721 7240 3027 die Maa du kommst, die Erdensöhne zu beschuldigen, weil
155 2872 1008 3134 ausführen.
3751 2881 7324 3231 sie dich nicht mehr überhöppsechachten, wie aus Zeit und
89 2841 3547 3262 Meines. Ich bin der Ansicht, daß es weitmehr darauf
3800 3103 4705 3382 keus (gähnt.)
146 3147 3631 3427 ankennt, nach Mitteln zu suchen, wie die Sache besser
3773 3094 7280 3502 Moral. Nicht eben das, Haus. Die Klage, welche Verleute
151 3276 3591 3666 zu machen sei, als über die Sache selbst zu sprechen
3768 3373 7306 3733 von mir vernehmen sollst, ist eine andre, wenig
240 3533 1869 3737 Venn Aber wenn man:
217 3573 3001 3897 Ackhur (beim Trester) Pstipst, hieher
3831 3622 4843 3888 allgemeinen.
6578 3733 6805 3937 ueur de
3782 3706 5500 4026 Zeus. Ich bin begier seyn können:
249 3822 3032 4097 Zeus. Was hast die et dem, Morsch gekend
2606 3942 3027 4070 zu den Manu
3813 3831 7244 4208 Hamer Elen, Anthur, Eben wol hat doch Germes vor,
2157 3942 2330 4110 7 x
315 3973 3697 4301 Lanus. Ah ein Menschenkind. - Tief kommt eine bekannt
3857 4022 7324 4439 kundigt xyz Hernes Eben thiös sich aus der Erlagen wäre
271 4217 861 4457 Arbe  Aß
4798 4337 5189 4488 et de ses
