7368 4792
4138 160 5347 467 welche verfahrt
6183 196 6792 422 lauffsigkeit.
2600 289 3285 533 hübsch blen
3685 342 7174 645 geholtschaft. ich will die Namen dieses ird schon xxx nach
1347 400 1618 596 grün
6405 476 7205 613 de Namen, voll öffnet.
4547 529 5281 680 2 Fenjes. Kingd
107 476 3356 805 Hernes. Wie? Im Caff tantatus, wo die schöne Raht
3689 520 7050 849 der eine helfte mit dem Kornamen — ihren erführt hat - gar nicht, an
1418 636 3445 907 wieder in Fr. spieltkart. Übrigens
3685 662 7170 1005 Hermes. Ob ich sehe, Wehrehe, daß es jetzt schon göttlicher Sange gebt.
1187 689 1405 885 G.
147 711 1200 938 Hebe. die vergisst,
1169 809 1409 978 sey
1556 836 1871 960 nen
5347 822 5881 978 erfugtes
3667 831 6988 1142 doch für Schritte — M., der sind drucke Spielgesellen der Zins¬
160 822 3423 1045 kümmert sich um der Wesen, der zu erwähnen
164 965 2711 1298 Du im Tageff warst, nicht im allergeringst
2760 956 3525 1178 Ihr spielkarte
3712 1022 6734 1320 Habe. Seine Man Dersu Mars. saubern Herr Bruder.
2311 1107 3472 1293 Hans xxx  xxx
1476 1178 1774 1298 Erspritt
142 1218 3507 1462 Hames Ma- was? Aufa aller höchstes so konk
5890 1165 6765 1418 Elien es sei
3716 1222 5574 1489 Zum Hermes Wur für ich!
2209 1342 2707 1485 im gi
107 1356 2511 1640 spielt Racten? Der Majestätspiell-Kart
3698 1427 4912 1631 Hebe die Wasser
4449 1462 5423 1702 Aussagst die wohl aus
2454 1502 2823 1729 Träulein
138 1534 1698 1814 Hebe. Ich sprach die Wahrheit.
3685 1560 6130 1854 Hermes / Abends ich sich noch einmal küssen.
120 1636 3547 1974 Hermes, da mußt dümir (so leise, daß es teuer Pollack nicht
4365 1747 4538 1885 Chil
3752 1676 7116 2022 Hebe sst: — Aufwider Unterwelt geht aller drunter und
3716 1827 7103 2147 dert. Pluts, der König des Unterwalt sitzt den halben
133 1867 2160 2160 hören kann) einen Rest geben.
120 1996 2974 2240 Hebe. Wie? Was fällt dir ein? Weshalb¬
3765 2045 7059 2311 Tag im Kaffeihaus.  Marieli Prof T
124 2138 3600 2405 Hermes. Es weisst, daß ich ein Jahr hiedurch auf Erst¬
3747 2231 5347 2534 Poseidn, der Meergott¬
5707 2222 6321 2471 Nun es sei
93 2307 3667 2560 weilte, als ich erst unausgesetzt tugen hört – da Ihr werdet
4814 2387 5578 2640 (Er klagst.)
102 2476 3560 2809 wohl deswehr wahr Not, das ich seit solange Zeit
4863 2498 7192 2818 erblicher aus Wien und zuvorniemanden als ich
3729 2547 4934 2858 Hermes à Hebe
6014 2645 6890 2796 Rechten. vngerecht zu.
364 2703 733 2809 versch
3765 2658 7290 2951 Artheur Schutzler (trittserein) Guten Tag, meine Herrschaft
107 2640 3223 2960 höre Belohnung: Der Autoräuschshig wird in xx
6081 2849 6721 2974 kann er sich
1636 2894 3249 3125 wenn xyz recht herzusehen
3765 2849 7165 3214 Helene Warsteht zu diensten. — Diese aus nicht, womit etc.
1827 2920 2045 3049 at
164 2867 1827 3152 Hebe (kussicher) Mein geaúert
3752 3036 7228 3316 titur. Ahinem schönes Kind ich übriges ihm Herr N2?
120 2974 3632 3294 kanes. Also zins spielt. Thielt xyz hoffe, daß es und an sie ihm April
1587 3169 2098 3338 T. will verstei¬
2969 3187 3365 3334 Berauf
191 3174 2676 3440 sind, auf denen er sich magill zu Wochest, Rigue
3792 3236 6516 3485 Harmes Mein Herr, mich bei eherfruhl
2191 3192 3538 3467 Dein Augusti geruf immercke
187 3329 3596 3649 Hebe Frülich' der Im Gegentheil der arg xxx gesundxx
5178 3360 5401 3489 doch
3783 3369 5681 3680 stellen: So wünschen sind am Ende
5685 3400 6041 3569 to the
3098 3476 3543 3627 and an
622 3498 2236 3680 weilen so befast sich was schließlich ein
4303 3592 4627 3734 7. xyz
3805 3543 7272 3809 Aeltene. Wie ich habe wohl mit Fräulein hat die Wire -?
173 3556 3094 3796 da sind Landstracht, Marken, halb zwölf, ein andere
164 3685 3636 3912 Hamls. Ich erstere. Wie kann sich zweit vergessen
3752 3712 7312 4032 Hennes. Ta das Frau lein heißt so. Ich bin der Gotte,
191 3823 3592 4072 Habe. Ein Zins ist durch ein Stödtetengesellschaft verfahrt
3809 3938 4912 4138 bote Hermes.
173 4005 3538 4258 Kann es ist geschehe. Denn ist nicht mehr abzuhilffen.
3809 3903 7094 4427 Actum Schwächent Ihr bekanntschaft zu machen
182 4187 3632 4516 Rechnen ist aber, daß schon das der Beispiel einen keine Stunde
2080 4325 3489 4636 Haues. Wie ehr es aber Zinsen
2889 4489 3196 4658 gekommen
