4488 5652
2838 316 3370 571 (3.5.1879)
3672 341 3955 575 P7
2109 428 2669 600 d'où il est eu le
1753 384 2023 607 2, -
956 420 1139 654 P.
1308 765 4092 1074 Ah, was seh ich! Mein Hermes, bist du endlich wieder da?
1304 718 1893 981 Hebe, Hebe!
736 869 1106 1024 Hermes:
1329 981 4124 1193 Ja, wie du siehst, aber melde mich nur schnell bei Zeus.
733 988 1009 1124 Hebe:
733 1045 1110 1243 Hermes:
1336 1150 2436 1322 Er ist nicht zu Hause,
1326 1132 3427 1441 Wo find ich ihn also in diesem Augenblick?
744 1211 1017 1351 Hebe:
758 1315 1106 1462 Hermes:
1340 1387 2720 1541 Ach Hermes, du ahnst nichte-
1347 1376 4027 1635 Was seufzest du denn immerfort 7 Was - ich ahne - wie -
751 1430 1035 1577 Hebe:
1358 1541 3991 1764 sollte er vielleicht wieder einen Ausflug auf die Erde
754 1559 1124 1735 Hermes:
1358 1685 3866 1879 unternommen haben, um irgend eine irdische Schöne -
1354 1753 4099 2023 still doch, Hermes; Du vergissest ja, wer möglicherweise
1351 1908 4128 2109 erfahren kann, was du sprichst. Übrigens hast du dich ge-
772 1861 1042 2051 Hebe:
1380 2012 4164 2339 So? Ich muss gestehen, dass mich das Verwundern macht. Wo
1369 2102 1771 2256 täuscht.
754 2245 1160 2393 Hermes:
1380 2317 2349 2490 find ich also Zeus?
1380 2429 2569 2590 Im - in Kaffee Tantalus.
1387 2396 3995 2716 Wie? in Kaffee Tantulus, wo die hübsche blonde Kass –.
798 2500 1074 2633 Hebe:
1380 2565 4106 2824 Du vergissest schon wieder - übrigens kümmert sich Zeus
812 2623 1153 2745 Hermes:
1380 2662 4275 2928 um jenen xxx Wesen nicht immer allergeringsten, Er spielt
798 2730 1071 2896 Hebe:
1390 2921 1757 3086 Karten.
1397 2914 4239 3165 Wa - Was! er spielt. Was in aller Welt tut der Götterkönig
1401 3039 3783 3273 seine Majestät spielt im grünen Tantulus Karten?
819 3057 1171 3237 Hermes:
1401 3237 2612 3431 Ich sprach die Wahrheit.
1408 3273 4113 3506 Da musst du mir (so leise, dass es Fräulein Laura nicht
815 3276 1092 3438 Hebe:
830 3399 1193 3582 Hermes:
1397 3463 2849 3654 hören kann) einen Kuss geben,
1415 3560 2957 3751 Wie? Was fällt direin? Weshalb.
1430 3607 4117 3887 Du weisst, dass ich ein Jahr hindurch auf Erden weilte,
830 3575 1106 3786 Hebe:
1423 3747 4095 4006 wo ich fast unausgesetzt Lügen hörte- da verdient wohl
826 3776 1196 3966 Hermes:
1430 3866 4164 4092 das erste wahre Wort, das ich seit so langer Zeit vernehm
1430 4099 1951 4239 Belohnung.
1444 4052 4045 4354 (küsst ihn. Der Autor wüscht seine Hände in Unschuld)
1433 4207 4128 4483 Also Zeus spielt. Ich will wenigstens hoffen, dass es nur
855 4200 1146 4394 Hebe:
1455 4322 4092 4566 anständige Spiele sind, mit denen er sich umgibt, z.B.
859 4365 1236 4527 Hermes:
1455 4523 2565 4688 Whist, Piquet, Tarook.
1444 4480 4092 4807 Ja freilich! In Gegenteil! Seine Majestät geruhen imme
1473 4706 4070 4933 die ärgsten Hasardspiele zu.... 7 als da sind Landskne
866 4624 1164 4879 Hebe:
1451 4886 2824 5051 Halb zwölf, Einundswansig -
1466 5012 2173 5227 Ich erstarre.
866 4968 1239 5213 Hermes:
