7400 4760
2094 326 2332 494 ab
3752 344 4590 622 Consime an.
119 445 3628 661 Hermes. Monit können wir Ihnen kann? Verzeihen Sie, mein
3721 494 7217 749 Artena. Ich werde mich doch getan sehl haben, dafürwieder
159 573 3545 816 Achtur die sollen es gleich erfahren. Ich bin so frei, dichten
3734 670 7252 943 Darauf zurückzukommen. Ich bin ein Dichter — und als solcher
2588 736 2839 855 sooft
203 732 3606 992 zu seiner Herrn Rastons, Sie kommen über von der Erst¬
3725 842 7239 1168 immer dem Himmel nahm. Heute hat mich eine ganz besondere
943 891 2910 1120 Stettin Gasde nach, mein Herrschaft
220 939 657 1102 Tylrmes
88 974 1980 1177 Rechtskam habe, sind in Todt?
3717 1014 7182 1261 Begechterung erfasst - und so bin ich den völlig in den
97 1093 1913 1239 Deutschen Besuchung beschwer vollt thun dienst
137 1089 3620 1349 Arbeit. Ich verbliebe mir solche Witze, Hermes. (Für sich set¬
3717 1199 6053 1512 Aze gekommen. Weil ich nun schon¬
132 1265 3598 1525 seine obige Mutter!-  Schif. ich bin so lebendig wir nur
3717 1384 7186 1605 Hermes. Ich höre die Stimme des Zeug. Nacht Sie Herr Prät
132 1486 705 1741 möglich.
3703 1543 5630 1816 Ste müssen so gut sein, sich
198 1605 3364 1865 Hames. Sie anzeihen aber, wie kommen Sie die in den Olyz.
3730 1596 6820 1927 Arthur. Ah - der Sache vom alten Haus Satura
176 1790 3602 2010 Aolka. Das ist sehr einfach. Ich hat das Vergnüge, dicht
3783 1865 7098 2174 Hannes. Sie müsse die Herr sehr genau gekommt hat.
181 1927 3501 2174 zu heim, und die andere haben das Vergnügen davon.. - Nun
3743 2046 6080 2367 da Sie so familiär von ihm sprach
119 2094 3492 2394 nünften Sie gefälligst lachen, Herr Herr v. Ich bin gerühnt,
3734 2160 7274 2438 Arten. Ein Achter, liebe Freund, - das versteht sich von selbst.
176 2284 2218 2531 daß mannäber meinen Witte lach.
3756 2350 7151 2636 doch helfen Sie mir, führe Ida – sichte habe, will ich sagen
163 2447 3646 2676 Hoffes da werde Sie wohl der einzige sein, der dabei vergnügt ist.
3730 2632 4228 2852 gend
137 2654 3650 2901 Arthes. x (fizit ihn.) Mir scheint, ich habe mich früher nicht einmal
4312 2716 6322 2998 Deus kommt mit einer ligare.
141 2791 2134 3064 geirrt. Erlauben Stimme eine Frage.
3725 2866 6393 3192 Hermes. Majestät – (Verbenzt sich.)
132 2980 882 3240 Hennes. with
3756 3002 7222 3320 Dens. Schon wieder zurück? Werk sogleich Ekennt¬
168 3152 2134 3359 Arthur. Heißen Sie nicht Regi?
4360 3196 5546 3359 und das erste Antrieb
3756 3285 5343 3514 gez einziehen. - Zube!
172 3262 3399 3558 Hames. Mollen sie vielleicht seht kein Wilzemacher?
5996 3386 6856 3655 Ihre in bisschen
3769 3408 5246 3681 Hebe Majestät
185 3434 3223 3756 Arttere haben Sie nicht ein Cousine, welche - Fermin
3769 3448 6992 3814 Bais. Ist meine Frau Timo heute Eif. ersuchtig zu
132 3628 3448 3889 Hermes. Was gehen Sie meine Cousinen an ein rungschütz¬
6507 3690 7014 3928 Jhtt
3783 3695 6388 4012 Hebl: Heute Nacht durch Geht
194 3703 3655 4008 Achherr. Eine Cousine, welche E war im ganze nicht als
3787 3915 4462 4179 Noch nicht.
185 3946 2720 4224 dere Nacht aber — Wesen ist, deren Kaseabe —
3818 4034 7252 4382 Deus. Geschmein, lasse sie fragen, ob sie vielleicht
212 4105 3681 4373 Hames. Was zum Hänter gehen Sie der Naser eine
5004 4263 5260 4444 s’aime.
