7304 4632
4180 447 5170 789 1829 3/5
4232 867 5525 1179 Hamer als Postillon
3698 1253 7133 1525 Hermes. Nr. das sind zu nortreffliche Nachrichten, die ich meinem ge¬
3671 1393 6721 1617 Am klage zur bringe. kein Menschen Vorgierer? Wie
3724 1726 5078 1945 Hermes Hebe Hebe!
3737 1923 7084 2164 Hebe. Ah was ses ich! Mein Hermes! bist in endlich weiter
3737 2085 4044 2274 ahr?
6300 2081 6506 2340 aus
5586 2182 5792 2340 mür
3707 2243 7233 2484 Hamlt. Ja wie die sichste aber meldt mich schmelte Haus¬
3707 2392 5284 2673 Hebe. Er ist nicht zu Hause
3693 2559 6287 2782 Hermes. Wo find ich ihn so in dieser Augenblick?
3680 2721 5582 2992 Hebe. Ach, Hermes, dieses nicht
5810 2721 7198 2984 Rebe. Was seitgese M dann unrecht
5301 2813 6055 3045 Wasserer erfüllte ihm
3707 2892 7194 3154 Hames. Dann unterbricht daß xxx. Wie Sollte er nemlich
3663 3049 7080 3365 wurde eine Ausflug auf die Erde unternommen habe
3680 3233 5363 3496 unergend eine iedisch schön,
4197 3378 4504 3487 voll dich
5840 3312 7137 3531 wer sich möglich wünsche
3676 3404 6870 3698 Hebe sehr Herrens! Die wisschen, wenn dieses damit
2309 3461 3023 3663 Aufgenommen von...
4114 3566 5271 3689 Herrn kam, was das auch
3645 3575 6953 3877 ist. Obliges hast die dich gutauscht. Zum ist Kartenseilen
3645 3724 7058 4013 Johann Hermesi Uhr Göttlok? Ich muss gestehe, der mich
3654 3899 5875 4171 das verwund ein macht. Also ist
5998 3908 6362 4167 ch
3676 4066 5621 4337 Habe. In ein Kaffee Tantatus.
4096 4250 4745 4543 Monsieur le présenté
