7432 4792
3789 354 6057 677 Zecas. Nation mir diese Namen, Herrn
105 415 2692 795 dich gerade zu vergessen zu haben scheint.
3894 402 7093 826 Im selben Augenblick fort man einen tiefen Strafe
101 647 3618 887 Stellner Moral. Man hat mich nicht vergessen. Mein! Über ich
3789 721 5838 970 Gott Gotte und Gottes Was war das?
96 848 3610 1092 scheinen darum ganz aus der Welf gekommen zu sein, weil
3776 857 6472 1158 etettur. Das kommt aus der Gegend der Ent¬
92 988 3562 1259 mich weglaublich zu hören ein einzige menschliche Wahn
3784 1001 7250 1381 Venus. Es war ein verliebte Neuher! Ha Er der fleyße
101 1123 2884 1468 vollständ. Er sich in Pacht genommen hat.
3771 1272 5288 1599 ein Söhnchen Amorherein.
149 1333 2202 1595 die Götter u Göttinen (erstarren.)
4379 1420 5790 1674 Amor durchs Trester.
127 1508 2390 1761 Zeus. Wie das? Ich verstehe die nicht?
3767 1569 6420 1853 Venus. Wasgikts, mein Kind?
2115 1656 2487 1779 Worte
114 1687 2867 1958 Moral. Ich kann es dir nicht ausgesag, Zus.
3789 1599 7237 2010 Amor (zu Arthur) Ah sehr erfreut, Sie hier zu finden. Wir
118 1835 3601 2084 Zeus Ein einziges menschliche Wesen hätte dich für sich
5432 1932 6546 2181 von zwei Rt sogar.
3749 1945 4942 2211 kau en uns? Nicht?
559 2010 808 2146 allein
96 2045 638 2307 behalten.
3776 2023 7241 2399 Arthue. Ein. Ehebischen - von der schmärmerischen Seite¬
131 2181 3583 2399 Moral Ja, ein einziger und zwar ein weibliches Wehr.
3763 2251 5851 2539 sind in wenig von der humoristischen
2084 2360 2465 2552 liebe.
3784 2281 7307 2740 Venus Eens. Wir hörte eben einen Krufger aus der Gegen
175 2338 2098 2626 Das Erstaunen wächst) in meinem
2084 2504 2386 2600 Dt.
2369 2478 3631 2749 " Moral amusantEinle
118 2513 2390 2749 Dasne. Das erste Mal, daß ich Franten
5633 2565 5869 2705 Seit.
3802 2587 6214 2897 der Erde zu uns Dringern einiger ste¬
105 2705 2653 2972 Monal. Träulein, mit Ihrer Erlaubnis
3811 2714 6734 3085 Ams xxx das Lage, das war Er tauen Pollak¬
101 2867 3601 3081 Vences. Er, ich dachte, Mademoiselle sei seit einige Zeit dem Gemäs¬
3824 2972 4877 3273 Alle Wie?
105 2989 3562 3221 des Prüderin angetraut- Arthur. Hrn! Wir ich sehr, stehn fiebe u. Moral
3811 3068 7294 3382 Stemor. Ist denn das gar so echtaumlich?  Fum kein Faura
2277 3133 3085 3304 Buch gespauten,
105 3173 3548 3435 Zeus. Nachdem mir uns so ziemlich  von unserem Erstaun
3806 3260 5366 3540 Pollick hat sich verlang
179 3339 3579 3588 erhalt haben, forde ich dich auf, Moral, uns den Namen
3798 3413 7228 3728 Moral Zins. Ist das das halbe Frumli, das in der Gezogen
144 3496 3496 3776 des weiblich Wesens zu neuen, das dich völlig für
3837 3649 4575 3885 gasse wohnt.
157 3714 1473 3977 sich in Anspruch nimmt.
3837 3745 6101 3999 zuvor. Die Liebe kriegt nicht nach dem Adresse
5288 3898 5725 4064 linter Amorff
157 3841 3435 4117 Der Moral. Das Fraulein wohnt in der Gezagagasse
3828 3889 6629 4191 setter im Ehegentheil-Särke, meine Damen.
175 4034 1787 4296 Arttur Ah, was ahn ich!
3841 4047 6804 4510 Moral (beintrichten.) da, ich sehe sie sonstiger
345 4186 2465 4497 Moral Und heißt Lauer Pellak.
