7400 4776
3797 272 7206 615 Rothin. Sentimentale Woche, humoristische Verse, Welt,
156 356 3632 691 Zeus. Das ist ärgerlich. Gerritheit wird ein sehr angenehm gewesen
3783 561 6114 829 schmerz unpfindenden Verhandlung verschieden
281 637 833 842 Wies?
3730 722 7206 967 Den. Sag Er verschrieb Test ist E. Aberer schon ganz gesund!
120 722 1622 1029 Hebe Weil sie noch schläft.
3797 900 5512 1172 Nun mag Er mir et in alles
174 949 2870 1208 Jas. Arfhur (f.7.) Oms. die ist auch witzig
3761 1070 5731 1346 Arthur. Vollständig, Majestät.
160 1101 3529 1373 Zeus. Welches Meeschrag sich da! Ein Menscherkind
3725 1221 7188 1466 Zeus. Hebe, gehe Sie zu meine Gemahlin tina und sage.
218 1328 740 1604 Arthur
3717 1422 7282 1631 Sie, ich seignt aufgelegt die obgengischen Stüdteten sollen
1110 1475 2576 1716 Zus kommt ruchend herein:
3708 1582 6270 1814 einen Fackel zu abhalten. (Hebsab.)
6644 1555 7152 1832 Sincerry
160 1640 1716 1898 Zeus. Hernes. Majestät
3730 1711 7259 1974 Hebe. Zeus. Märge er mir vielleicht in aller Edle ein Gericht
209 1796 3605 2010 Hens. Af ist mein betrschön zurück? Ich will gleich deine Verkünd¬
3757 1912 6537 2233 aufhagen Theil Wie Magestät bestellen. Ich beginne
183 1947 3623 2228 gungen hören, liebe Hermes. Was sah ich? Ein Kenschenkind
2959 2108 3146 2255 V.
3743 2068 6934 2286 Aettin. „Rein einziges gleicher kleines Rußchen noch¬
205 2130 1350 2402 Fathur Majestät!
3730 2228 7246 2527 Zeur.. Wie? Erhaber mit Empfindig gesagt. Jetzt hat Er
183 2273 3636 2594 Zeus. Ritjenige Zeit treibt sich in den Zimmer meiner Palaster
3725 2420 5107 2709 das Rustchen doch wohl schon?
267 2469 3632 2696 heft viel irdischer herum. Das dachter ist etwas weiter ge¬
3712 2553 7152 2888 Arthur. La wohl, Magestät. Todes kann im Conservatorium nicht
183 2616 3409 2883 demisch gewordte.“ Ist Erstra wüsche? Ich will nicht hoff
3712 2754 4416 3012 dürffallen.
178 2790 2005 3070 Aalheur Schwers, Majestät.
3712 2892 6898 3186 Zeus. Was heißt das? Ist Er nicht recht bei Neu?
201 2963 2812 3244 Bens. Ansteckungsgefahr schon vorüber?
3734 3115 7290 3307 Artkur. Das war mir eine Allgemein
165 3146 1791 3373 Arthur. Ich hoffe. glaube.
5401 3231 6542 3507 Er hat mich verstimmt.
735 3293 1029 3427 Was
3766 3266 4327 3512 Retenz.
143 3311 3645 3569 Zeus. Warum hat Er gedichtet? Hat Er geschwärmt?
3730 3396 7308 3774 Leus. Ich liebe die allgemeinen Sertager nicht. Heraus
169 3467 2656 3770 Nothur. Eyrischer Zeug, so. zum Verspiel
3694 3605 5098 3859 Hermes. Majestät.
726 3610 3204 3922 Rein xxx kleines Kustchen nach
3725 3748 7206 3979 Hunds. Zeus. Ich bin begierig zu erfahren, was da mir
156 3810 2562 4069 Zeus Wirklich er hat noch keines?
3846 3917 6698 4184 von den Zustandten auch der Erde erzählen willst,
169 3975 2117 4278 Arthur. Oh gepasr Majestät.
3797 4077 5673 4430 Hernes. Schlimmes, Majestät.
