4504 5592
1320 709 4032 969 Ich liebe die allgemeinen Sentensen nicht. Er hat mich
647 839 973 1023 Zeus:
1349 864 4198 1078 verstimmt. Die Allgemeinheiten sind mir überhaupt Verhasst
1349 969 4191 1186 Was hat man z.B. von dem Weibergeschlecht in Allgemeinen?
1349 1088 4253 1291 Nichts. Wenn man sich dagegen mit einem einzigen weiblichen
1349 1211 4231 1414 Wesen befasst und xyz ihr seine Liebe und Gunst zuwendet,
1356 1374 3124 1566 dann kommt erst das wahre Interesse.
1352 1374 4007 1645 Das ist wohl ein Prinzip, Majestät. Es ist sehr schön,
673 1457 1034 1729 Arthur:
1352 1569 4014 1776 Prinzipien zu haben. Aber man muss auch an ihnen fest-
1360 1747 1747 1902 halten.
1367 1844 2911 2047 Mein Prinzip? Wie meint Er das?
680 1877 955 2025 Zeus:
1371 1946 2586 2101 Prinsip ist ein Vorwand -
683 2007 1041 2148 Arthur:
1371 1956 4170 2253 Was war das schon wieder? Wieder eine allgemeine Sentenz.
683 2119 958 2264 Zeus:
1367 2148 4191 2379 Nein Majestät, - Das war eine spezielle Bemerkung, sie be-
680 2249 1038 2423 Arthur:
1371 2325 2275 2531 zog sich auf mich.
1374 2445 1721 2589 Wieso?
683 2481 958 2611 Zeus:
1371 2463 4079 2680 Ich habe vortreffliche Prinzipien, aber ich befolge sie
683 2600 1031 2752 Arthur
1360 2676 1710 2839 nicht.
1367 2651 4231 2947 Hrn. Hm. So. - Du bringst mir Botschaften von der Erde. Ich
680 2806 958 3016 Zeus:
1381 2868 4166 3020 wünsche nicht, dass du sie mir allein vorträgst. Ioh will
1381 2958 4151 3157 meinen Hofstaat sich versammeln lassen; xxx um mich mit
1378 3106 4112 3302 ihm zugleich zu beraten, welche Massregeln zu ergreifen
1378 3215 4220 3439 sind. Hermes und Hebe, ich beauftrage euch, meine Getreuen
683 3345 2238 3529 Karnssandxänksu mir su rufen.
1392 3399 4025 3656 Majestät, ist es mir erlaubt, Mademoiselle Hebe zu be-
694 3519 1078 3689 Arthur:
1389 3616 1830 3786 gleiten?
1436 3663 4217 3866 Ich wünsche ohnedies ein paar Minuten allein zu bleiben
694 3718 969 3916 Zeus:
1389 3775 4173 3992 Darf ich Ihnen meinen Arm reichen, Fräulein Hebe? Es ist
698 3873 1132 4057 Arthur:
1389 3902 4296 4133 zwar nur ein irdischer Arm aber auch - (die Letzten Worten
1396 4050 2738 4242 verhallen hinter der Szene)
1414 4112 4206 4354 (streckt sich in xxxx den Sessel undnimmt eine Zeitung)
702 4213 973 4415 Zeus:
1407 4296 4133 4455 So nun will ich - (es klopft) Wer stört mich denn schön
1399 4412 2481 4593 wieder? Herein. xiuts
1407 4466 4195 4690 Ich bin es, lieber Zeus. Ich komme dich zu fragen, ob du
709 4553 1038 4759 Pluto:
1407 4636 3338 4817 Lust hast zu einem kleinen Landsknecht.
1403 4636 4227 4990 Bist du bei Troste? Ich verliess dich doch eben in Kaffee
705 4734 994 5009 Zeus:
1407 4896 1877 5052 Tantalus.
1403 4940 4267 5160 Das tut nichts. Du bist mir Revanche schuldig (er nimmt die
691 5030 1052 5236 Pluto:
1407 5135 2130 5330 Karten heraus)
