7304 4776
255 461 1560 733 im Kaffee Tantabus.
174 666 3635 908 Oluto. Das thut nichts. du bist mir kommehr schuldig. Er nimmt
174 814 1189 1078 die Karten heraus.)
143 961 3640 1247 Ras. Wirst du gleich die Karteneinstecken? Dann im Augen¬
179 1122 3649 1355 blicke und sich der Kralfüllen, durch eben oben Gotte und
201 1323 2267 1619 Göttinen zu mir befehlen liess.
188 1502 1337 1753 Pluto. Massale?
188 1681 3640 1923 Zeus. Heraus ist von der Ert wieder zurückgekehrt, und
156 1820 3698 2061 es ist mein Wunsch, daß der gegen Obzug seine Mittheilz vorwärt.
183 2017 3666 2289 Meine Zigarre kann ich leider nicht mehr ausruhen. Ich will
98 2155 3693 2419 sie auf die Erde vorher zum rechter Frau zu werfen. Es thut
125 2330 3613 2616 es. Man hörtirdische Stimmen rufen. Eine Stereschnippe? vom Ster¬
219 2508 894 2795 schausse!/
613 2558 3470 2955 Die Thüren öffnen sich. Alle Gütter u Göttien treten
174 2835 2964 3116 nach und nach herein. Aus setzt sich auf dem Thron.
174 2991 3532 3233 Herrn v. Hebe kommen auch. Artur
116 3170 2133 3456 Theitzler stellt sich um Förster.
165 3242 3626 3564 Jeus. Meine boten Germes und habe werden auch wohl
112 3546 3653 3760 mitgetheilt haben, welches der Grund dieser Versamm Geist
139 3698 3653 3908 Beshalb fordte ich doch. Germes auf, um zu erzählen, was in
438 3854 617 3953 und
188 3854 3483 4096 als von dem dessen Schamhrungen unzutheilen weißt.
174 3979 3617 4301 Kirmes abhätter und Göttin! Nicht gutes! Vor allem ist
201 4167 3581 4462 es eine Klage, die sich stets u. stets und beide mit
3778 300 7105 698 Recht vernehmen läßt. Nemlich die, daß es mit der Mo
3801 554 5442 854 auf Erste sehr schlecht steht.
3792 724 4668 957 Zeus. Sehm!
6287 702 6510 943 den
6917 693 7181 966 Justr.
3796 827 7194 1171 Ruto) fremlich zu Leus) Das scheint des Stefan von Ötzenge zu heu¬
3801 1024 7123 1306 Zus Wirst du schweigen. Ich befahl der fortzufahren¬
3810 1283 4418 1498 Heines.
3810 1256 7167 1659 Hermes. Diesen Befehl kann ich nur auf eine Weise ausge¬
3760 1578 7194 1771 indem ich nämlich meinen kurzen bericht. Auf Beispiel¬
4650 1806 4985 1936 ...
3792 1757 4494 1967 illustriren
3769 1909 5383 2213 Dè Göltinen (hüsteln)
3859 2052 6023 2356 Laus. Beispiele meinste Hermes¬
3863 2191 7243 2504 Klutor /: heimlich zu Fus/ die fürchtest wohl. Dich selbst einmal
3756 2392 5437 2674 mal getreffe, zu fühlen.
3863 2558 6452 2812 Zeus. Richög. v. Illustriv. lieben Hermes.
3845 2727 7293 2978 Homes. Ich beginne: - Eine Gewohnheit, welche in der Mel¬
3760 2862 7194 3125 auffurchtbare Weise eingerissen ist, - ist der Kaffeehaus Besuch,
3845 3067 5303 3313 Zens N. B. F. S.?
3872 3237 5218 3492 Kluts &? R? P.? A?
3836 3403 5205 3608 Friedr. S.? Ei? R? So?
3832 3581 5374 3836 Hermes. Soll ich fortfahren.
3814 3657 7176 3984 tens. Gerichts! Worin besteht denn eigentlich dieses faßen
3863 3881 7154 4176 kaffeehaus besuches. Befinde sich dort vielleicht auch beför¬
3868 4109 4225 4351 Kass-
