2888 3528
348 286 580 444 Rel
563 439 2507 632 Neulich las ich in einer Kritik über ein philoso-
582 577 2480 755 phisches Buch als besonderes Lob für den Verfas-
1483 686 1772 780 serubent
580 728 2438 878 ser die GFläubigkeit betent mit der er sich an
577 849 1300 1017 die Natur hingebe.
1604 923 1762 1024 den
592 972 2539 1142 Ich fragts mich,wie es überhaupt möglich tat sich
585 1118 2556 1266 an die Natur ungläubig hinzugeben, und was es über-
1017 1221 1532 1328 Aeunt out hate
577 1249 2324 1384 haupt bedeuten habe-, dass einer an die Natur
592 1404 1735 1518 glaube und ein anderer nicht.
1305 1448 1833 1559 ie penl
592 1498 2537 1683 Man kann in einem gewissey Sinn Gott leugnen, aber
597 1594 2465 1762 doch nicht die Natur. Und wenn man aie Existenz
592 1752 2544 1952 der Natur anerkennt, so erkennt man xan den Schö-
920 1883 1128 1962 in is
607 1890 1794 2041 pfer,atso Gott an.. Mille:
600 2011 2583 2174 Man kann Beziehungen verschieder Art zur Natur he-
614 2115 2591 2305 ben: sentimentale oder gleichgültige,künstlerische
612 2253 2546 2408 oder wissenschaftliche, man kann Natu-gefühl haben
1249 2359 2275 2460 in geen toll sie we necht
617 2438 2475 2559 oder nieht, aber mah kann sieh nicht anders, als
1935 2480 2381 2571 in dom die
1651 2507 1819 2588 gegen
609 2542 2544 2704 dde Natur glauben, was mit(Frömmigkeit natürlich-
622 2685 2050 2850 nget nicht das Geringste zu tun hat.
