2936 3640
417 380 613 547 Ret
1743 609 2241 767 in lasterlack
1467 587 1609 781 omme
590 599 1439 807 Zwelfel ist vielen F.
580 760 2267 936 Wort, denen Frage noch ein erlaubtes bedeute
583 887 2396 1071 Und doch ist (in rkitekheit Frage und Zweifel
585 1019 2481 1205 in Hinsicht auf die ewigen Dinge) genau dasselbe,
585 1130 2465 1335 indem mir zwelfeln fragen wir; indem mir fragen
580 1283 2222 1458 stellen wir scen fest, dass wir zeifeln.
585 1427 2413 1552 Das Einzige, woran wir tatsächlich nicht zwei-
583 1536 2455 1703 feln, ist, dass wir niemals etwas Bestimmtes wis-
583 1665 2184 1795 sen werden. Darin sind sich Gläubige und
585 1823 1670 1965 Skeptiker volikommen einig.
