2872 3496
964 294 1883 439 Nach halt mit cas
572 373 2371 527 Batgegen der Maxine Soethes, nen müsse das, Un-
488 499 2331 660 mögliche postulieren, um überhaupt das Mögliche
1396 590 2506 679 sell dem prtit alsemece
973 616 1354 702 zietenes
511 646 2182 782 anzustreben, begnügenxxtakndie Menechen vor
2098 733 2275 807 nen
504 754 2352 917 zwar das Unmöglene zu postulieren, aber nur zu
499 884 2373 1020 dem Zweck, um sich damit der Verpflichtung über-
499 1011 2359 1181 hoben zu wissen auch nur das Mögliche anzustre-
497 1183 672 1351 ben
