2904 3496
274 3212 398 3354 10
574 362 714 593 1
2350 409 2707 596 1819r 2
406 705 2608 856 Die Aphorismen - was sind sie eigentlich in der gemisch
456 854 2553 1016 tan Gesellschaft dar littararischen Preduktal Wel die
442 972 2613 1114 Nervösen, Blasiertang Süffisantan. Nerväs in der hastt
456 1098 2534 1271 gen Waisa, in der sie sich geban, - blasiert durch den
447 1227 2550 1400 halplauten Ton, in dem sie gfhalten sind, - siffisant
480 1364 2583 1543 insofern sie konstatieren, dass irgend stwas, das sie
434 1499 2276 1727 aben bemerken, schan hundertmal daseneson ist.
