2872 3528
331 262 523 436 Rel
744 244 1016 467 Arm
618 436 2491 636 schmerzstillenden Mitteln hat das Mass des kör-
623 587 2686 803 perlichen Leidens um ein Geringes verringert, - bel
618 736 2568 905 Fortschritte, die lange nach Christi Opfertod ein-
618 893 1180 1026 getreten sind.
1385 918 1719 1062 chuuta
610 970 2560 1154 Und inwiefern hatte er die Menschheit vom Tod er-
605 1126 2429 1293 löst? Wenn wir die persönliche Unsterblichkeit
600 1265 2586 1442 (der Seele(als gewiss annehmen, wie es manche Fromme
608 1388 2560 1526 und ganz besonders wenn sie es mit Recht tun,dann
641 1498 2339 1570 manes noleionium arpinetae,dfs mne
613 1554 2432 1683 ken jaxiekt erst durch Jesus (ie persönliche
2047 1631 2367 1721 re, der
600 1649 2588 1826 Unsterblichkeif in die Weit gekommen sein, sie muss
603 1770 2473 1944 schon existiert haben, ehe Jesus seinen Opfertod
598 1921 1206 2062 gestorben ist.
