2888 3528
604 477 2366 729 dass Christus aie Menschheit eriöst habe ist
607 637 2422 810 nicht einmal eine Errlehre, es ist eine der tö-
609 767 2409 957 richtesten Phrasen, die je die Meit veraunkelt
607 977 886 1132 haben.
607 1013 2455 1252 Wovon hat Christus durch seinen Opfertod - und
627 1168 2447 1323 war es ein Optertod, ein freiwilliger Opfertod,
503 1307 901 1391 e
622 1295 2518 1439 so müssen wir wohl einen Feil der Schuld an die-
622 1424 2572 1615 sem Tod von dem Konto der Römer und der Juden ab-
625 1561 2506 1770 streichen - wovon hat er die Menschteit erlöst?
660 1670 2496 1823 on Schula? Von Leid? Von Tod? Ist seit Christi
625 1792 2503 1952 sterben das Mass der Schuld, des Leidens und des
625 1947 2488 2127 Todes auf Erden geringer geworden? Iet dadurch,
1523 2072 1709 2138 ecus
665 2079 868 2166 Min
632 2072 2640 2259 des mäncher Fromne(einfach durch die Ratsachedten
2280 2178 2488 2275 selht
637 2224 2458 2384 seine Gaubens an Christi Opfertod gichvon
2036 2323 2287 2394 ai
640 2348 2557 2516 einer Schuld befreit fühlt oder gur dadureh, dass
2384 2422 2673 2518 mennte
642 2493 2683 2633 er durch die Beichte seine Seele entlastet, oder mu
2079 2572 2518 2650 alle rrn
825 2595 1092 2678 wen
640 2625 2447 2749 ger dedurch, dass der Priester ihnsabsplvierte
1851 2701 1993 2785 rrh
1538 2711 1731 2798 pite
820 2729 1041 2808 dacler
632 2744 2524 2935 ist ja das Mass seiner Schuld hieht geringer ge-
637 2925 944 3019 worden.
637 2958 2458 3171 und das Leiden? Nur die Wissenschaft durch le-
645 3143 2447 3318 bensrettende Operationen, durch Entdeckung von
