2888 3528
1346 351 1529 460 nich
1043 426 2529 592 solchen, die sich darum bemüht glauben.
980 563 2496 705 spüren instinktiv, dass präzise Defini-
882 685 2460 839 das Mass der menschlichen Verantwortung
1777 777 2217 848 neri moste
1049 835 2355 964 ürde. Und das ist es, wogegen sich
634 958 2427 1101 nicht nur die Masse,sondern auch der Einzelne
873 1096 2346 1244 ndesten von Fall zu fatl im liefsten
641 1235 1302 1384 zur Wehre setzt.
638 1467 2384 1652 Die Angst vor Verantwortung ist fast, grösser
1244 1619 2384 1759 or dem Tod, nur wird man ihrer
661 1643 866 1750 to d1
1208 1759 1348 1849 est.
