2888 3512
473 447 2370 611 und er beobachtet sich zu gut, und schlimmer
470 583 2481 749 noch, er weiss sich auch von andern beobachtet,
468 699 2426 870 die sieh konnen, und es ist wohl möglich, dass
478 825 2381 995 gerade seine besten Freunde seiner eigentli-
470 890 2451 1114 chen Entwicklung hinderlich waren, dass ör, wie
515 1071 2370 1209 einer von diesen Freunden sich ausgedrückt-
463 1222 2320 1403 hat, in schlechte Gesellschaft geraten ist.
473 1450 2479 1636 Spielen keinerlei romente der höheren Politik,
473 1579 2491 1767 der persönlichen Geziehungen und der Eitelkeit
470 1714 2463 1895 mit,so werden al le)diese Feyilletonisten nach
473 1845 2408 2016 dem Mass ihrer Befähigung (auch die objektive
475 1976 2081 2189 Wahrheit auszudrücken ipstnde sein.
