2888 3480
700 425 2554 623 Der Staat hat sich um Ordnung im Innern, um Ge-
702 600 2508 731 sundheitppflege, und Sicherheit nach aussen zu
1620 698 1844 788 Einflih
707 714 2613 886 kümmern. Sobald er sich in ethische, künstlerische
1567 831 1722 910 an
695 831 2613 1022 und refgisee Fragen miecht, macht er sich nicht
702 977 2468 1111 nur lächerlich, sondern er wird durch die ihm
1400 1094 1634 1170 cn
698 1096 2613 1297 eingeborene Macht/ zu einer Gefahrefen blte, Kr i
774 1233 1557 1417 kent uer Stlnte
