2888 3512
727 423 2432 619 Aus sachlichen Gründen kann nur ein Mensch
736 614 2352 753 auf Erden dir wirklich verhasst sein: du
736 686 2584 874 selbst. Denn im Hass gegen Andere spielt immer
746 865 2430 1019 etwas Persönliches mit.-Und nur ein Mensch.
746 980 2437 1155 kann dir aus persönlichen Gründen wirklich
748 1121 2393 1270 teuer sein;- wieder du selbst, denn in der
736 1238 2538 1429 Sympathie für jeden Andern spieléen auch sach-
743 1385 1438 1574 liché Gründe mit.
