2904 3624
323 378 535 570 Sel
310 544 544 732 Wlle
699 596 2348 732 Es ist kein grosser Unterschied zwischen
701 725 2367 871 den Handlungen, die wir gewollt und denen,
701 858 2450 1011 die wir gemusst haben. Wenn wir den Mut oder
1483 952 1747 1035 rit. R d.h.
692 976 2441 1116 die Bescheidenheit hätten die gewollte Hand-
1201 1088 1540 1175 lis datir
694 1125 2452 1282 lung immer se weit zurückzuverfolgen, wo ihre
708 1258 2317 1395 allerletzte Ursache liegt,so wüssten wir,
699 1395 2345 1557 dass wir auch das Gewollte gemusst haben.
