2872 3528
553 493 2423 690 Auch die edelsten Gef端hle, wenn sie sich an sich
553 659 2450 791 selbst gen端gen lassen und nicht ihrem Sinn (ent-
677 760 915 844 giens
558 755 2589 932 sprechend/ in Handlung und Taten fruchtbarf werdengr
639 869 1675 965 haben die neigens uitt suter.
1973 877 2114 968 bel
563 887 2456 1094 beginnen sich(bald) zu zersetzen, und (erf端llen die
1652 990 2327 1089 teht Mrkanen
566 1048 2491 1210 Emwelt mit einem Verneungsperuch, der kaum zu er-
556 1134 2498 1344 tragen tet, wie mir es eben in dieser Zeit mit dem
563 1293 2375 1480 erhabenen Gef端hl der sogenannten Menschenliebe
563 1448 1086 1551 erlebt haben.
1786 1900 2162 2114 Noc?!
