2888 3496
502 421 2059 606 die foutlletonistischen Haupttspon:
502 527 2491 712 H.B. hat es am leichtesten. Bei aller genia-
512 661 2509 856 lität und gelgentlichen Kunstverstandes ohne
507 803 2317 957 sicheres Urteil,sieht er sich nie vor die
1509 914 1830 992 inneres
497 954 881 1032 Motwendin
500 926 2501 1075 ut bestellt, ein Hindernis zu über-
482 1050 2506 1224 winden. Er glaubt immer das, was er ausspricht.
469 1174 2430 1348 Er hat nicht genug Fond,um verlogen zu sein.
522 1305 2352 1474 Er hat kein sachliches Verhältzis für die
485 1433 2372 1610 Dingeroder Menschen, es wird ihm durch stim-
2236 1547 2594 1651 dint enn
522 1582 2403 1734 mung,Politik, Syppathie oder Antipathie, das
851 1678 1110 1764 jetent
474 1701 2433 1888 zufälliga Nort eines Andern erst gegeben.Die
457 1799 2453 1976 augenbliche Eixe ldee, die ihn beherrscht,wird
469 1946 2289 2158 seine Stellung zu den ningen und Menschen
467 2097 2443 2249 vor allem beeinflussen. Das vorgefasste Bild.
454 2208 2322 2362 der Melt oder eines Bruchteils dieser Melt
449 2342 2433 2509 wirkt bestimmend auf alles, selbst das Fornst-
454 2468 2317 2635 liegenste, das zufällig in den Kreis seiner
447 2594 1338 2771 Betrachtungen gerät.
439 2678 2385 2864 B. B. hat allerlei zu überwinden, aber es wird
442 2854 2312 3028 ihm nicht schwer. Die augenblickliche Mir-
439 3001 2446 3162 kung, die geringste Befriedigung seiner Eitol-
