2904 3512
411 411 2425 626 keit ist ihm so wichtig, dass dagegen sein ver-
411 591 2297 769 stand, sein Arteil, die beide vorhanden sind,
416 676 2312 857 überhaupt nicht aufkommen. Für ihn muss der
401 714 2412 967 Hahn nicht dreimal krähen,ehe er jemanden ver
413 897 2280 1102 rät. Sein ganzes Wesen ist Verrat, aber ein
408 1040 2315 1227 Ferrat völlig ohne Tücke, ohne böse Absicht.
413 1175 2197 1343 Er ist weder perfid, noch Diplomat, er ist
423 1300 2282 1503 sehr harmlos und um den ringer zu wickeln.
446 1428 2032 1616 Der kern seines Weens ist Eitelkeit.
431 1538 2365 1738 F.S. hat es zuweilen schwer. pr versucht na-
446 1673 2265 1871 türlich sich vor sich selbst,gelegentlich
441 1806 2312 2004 wohl auch vor Andern zu rechtfertigen,wenn
1092 1939 1283 2022 hein.
448 1936 2262 2139 er irgend ein Arteil ausspricht, das er vor-
461 2054 2360 2270 seinem eigenen Verstand nicht rechtfertigen
451 2182 2327 2375 könnte.Aber er bedarf zu der Rahtfertigung
463 2302 2415 2510 sowohl, als auch manchmal zu dem Arteil eihes
473 2427 2337 2635 Efforts, der ihn viel Intensität kostet, ihnn
476 2568 2427 2768 soelisch schädigt. „In seinem Wesen wärsen at
486 2688 2427 2921 le Vorbedingungen zum unbedenklichen Feuille
481 2846 2430 3036 tonisten grossen Stils gegeben, aber er konnt
