2904 3496
410 234 716 475 Rel
622 493 2423 692 In all ihrem Tun misstrauen die Menschen mit
1087 614 1363 704 erpull
627 649 2627 818 Recht ihren (Grinden oder fühlen, dass sie diese letzte
1393 766 1617 841 kon
609 776 2507 973 Gründe zu konnen igar nteht in der Lage sind, So
609 891 2505 1070 halten sie für alle Fähle immer Vorwände bereit,
716 997 1527 1094 ande, u. eraller cictnebes
2333 1042 2704 1187 de Verthehef
612 1045 2492 1236 um sihr tun zu erklären, wodurch sie überdiesdas
592 1177 2488 1366 Mass ihrer Verantwortung herabzusetzen glauben.
