2888 3544
667 552 2486 753 ergangenheit, auch bei treuestem Gedächtnis, Zu-
954 682 2452 857 ch bei prophetischen Gaben „beide sind
693 808 2569 1012 ar ein Traum, wenn auch die eine Wirklichkeit war
1215 949 1456 1025 Cumet
625 954 2530 1124 und die andere Chance hat es zu werden; sie sind
1004 1085 1265 1163 in ihen
617 1053 2721 1260 doch in unserm Geist im Verhältnis zur Gegenwart sund
633 1208 2530 1401 um nichts realer als Träume sind. Dem Ungeduldi-
638 1362 2551 1539 gen aber ist auch die Gegenwärt nicht mehr und ro
928 1474 1176 1550 utet
633 1445 2619 1641 sabgettst er nieht einmal jene bescheidene Reali-
779 1600 1087 1709 belegen.
646 1597 2467 1819 tat. die dem Menschen immerhin gegönnt ist,-den
648 1780 1106 1952 Augenblick.
