2920 3640
351 327 559 557 Ret
508 526 2495 655 Religionsfeinde? Es ist, wie wenn man sagte: Unend-
523 639 2521 809 lichkeitsfeinde, Ewigkeitsfeinde. Aber Ihr meint ja
505 771 2505 949 mit Religionsfeinden doch nur die Feinde der Dog-
510 905 2585 1054 matiker und der Pfaffen Aber Ihr vergesst,dass die-
518 1021 2464 1188 se Leute mit der Religion, wie wir sie verstehen,
528 1147 2521 1322 überhaupt nicht das Allergeringste zu tun haben.Es
1624 1266 1866 1351 sibalte
528 1291 2526 1459 sind sozusagen untergeordnete Beamte der Gottheit.
