2904 3496
443 403 2333 556 Der staat als politischer Begriff in die
372 564 2390 730 Wirklichkeit gestellt, ist immer ein gngeheuer.
360 684 2310 861 Als Individuen gedacht wäre England ein her-
367 838 2310 971 zenskalter heuchlerischer Bösericht,Deutsch
372 951 2260 1110 land ein taktloser, überlauter Junker, Frank
370 1079 2370 1205 reich ein ein ebildeter,phrasendrascherischer
362 1203 2350 1364 seck,Itälien ein eleganter, romantischer Ban-
367 1361 2192 1490 dit, Oesterreich ein verlogener, tückischer
367 1464 2262 1625 Lausbube - selbst wem winister oder parla-
367 1585 2149 1739 mentarische diplomatische vertreter oder
367 1726 2317 1882 parlamentarische Wortführer in manchem Ein-
372 1849 2360 2008 zelfall als a ständige Menschen gelten mögen.
