2920 3576
375 377 547 523 Rel
686 554 2408 679 Kein Philosoph und kein Heiliger ist jemals
691 696 2510 847 seinen Weg bis zu Ende gegangen. An irgend ei-
693 814 2564 956 nem Punkte seiner Wanderung, ob er nun m체de oder
677 954 2440 1051 mutlos geworden, raht er aus, baut einen 4tar
698 1084 2396 1217 und verrichtet seine Andacht, als wenn er am
2401 1135 2645 1233 georat
689 1200 2512 1326 ziele w채re. Doch der Weg,unbek체mmert, geht kin-
1475 1291 2187 1384 mie pureit de desenfe
691 1319 2480 1500 ter dem Aterg weiter, und verschwindet in dem
682 1475 1728 1610 D채mmern der Unendlichkeit.
