2888 3512
423 330 696 527 H. B.
478 514 2430 743 Er hat nicht die Dinge, er hat nur die Worte. Doch
470 672 2456 875 nein, wenn er sie wirklich hätte, so hitte er ja die
470 784 2474 927 Dinge auch. Die Worte haben ihn.. Ex hat daa Tefent
1604 916 2438 1013 wil der seirt e Wertee
465 922 2474 1109 die Worte(Mit seinem Geist, spielen zu lassen. Sie
475 1051 2557 1218 treiben attertet Unfug mit tum, mehr als er mit ihnen.
595 1179 766 1270 e
1329 1174 1610 1264 de Wal
465 1244 2386 1350 Und es kommt vor, dass sie durch seinen Mund auch
460 1319 1984 1477 Wahres, sogar Tiefsinniges aussprechen.
