2888 3528
703 317 2334 500 Ich hit der Vortiurf nicht die, wei¬
877 440 2245 574 in Kangl kunt, in de Etop ble
571 543 2471 643 Für die selbstverständlichste aller Forderungen
591 691 2562 834 solite man es halten, dass Menschen, die eine Ueber-
591 805 2422 960 zeugung oder gar eine Idee propagieren, im Sinn
603 903 2605 1085 und im Geiste dieser Idee leben. Dass also Menschen,
568 1048 2536 1220 die für eine völlig gleichmässig Verteilung aller
583 1171 2693 1354 Güter sind, sich des relativ Ueberflüssigen entledigen
586 1305 2725 1474 und es unter die Armen verteilen; ferner, dass Menschen
571 1460 2568 1608 die sich (nationalistisch) gebürden, zum Kriege gegen
1063 1525 1237 1608 Volk
577 1571 2565 1751 ein anderes Kok predigen, hetzen und Vorbereitungen
583 1708 2494 1871 troffen, sich als Erste seibst einer persönlichen
577 1831 2568 1982 Gefahr aussetzen,ehe sie die Andern in eine solche
577 1957 2568 2139 gefanr schicken, die éventuell ganz anderer Ansicht
580 2099 794 2254 sind.
583 2222 2685 2391 Die Erfahrung aber lehrt, dass ein lächerlich geringer
583 2339 2599 2494 Perzentsatz diese Forderung erfüllt und dass gerade
691 2428 1354 2525 uneendlichete Frectt und
566 2474 2533 2622 die lautesten Schreier damit genug getan zu haben.
1097 2559 1237 2648 pert
2151 2553 2651 2676 allen mel spf
574 2588 2608 2771 glauben, dass sie) schreien,worauf sie sich den Unan-
189 2711 2485 2879 Ugeek./ nehmlichkeiten und Gefahren zu entziehen wissen.
566 2836 2593 3016 Aber man hegnügt sich damit es zu konstatieren oder
548 2988 2525 3162 mat Vermeidet vtelnehe das, als bedeutete eben das
563 3142 2494 3339 Schreien einen Enthebungsschein für das Handelh..
731 3256 1671 3399 V.rMkacpfu in di Etopp.
