2872 3512
667 420 2466 639 Er 8tbt Menschen, die stwas nicht haben können.
664 615 2526 738 und sich einbilden, dass sie es nicht haben wol-
2089 694 2471 780 von dect
1190 691 1859 780 meber a dir Tel
676 701 2459 879 Sen. Dte Borle it berant de und die Von¬
654 859 2491 995 sehen, denen die Trauben zu sauer sind. Aber ex
1713 950 2558 1042 Alegitenat den vnd
657 980 2642 1165 gibt eine andere noch lächerlichere Die etwas g-
657 1116 2491 1289 nicht haben wollen und sich einbilden es haben
654 1237 1064 1415 zu müssen.
