2888 3528
532 524 1403 716 Drei Fragen:Ist es in
1326 529 2392 703 übernaupt möglich einen Be-
486 681 1307 812 griff prüzis zu
1160 681 1579 855 doLinieren?
428 786 1256 973 WIst aex 00 im Intar
1181 788 2448 957 ieresse der Menschheit wünschens-
486 946 1267 1098 wert, dass aller
1106 927 2411 1090 Begrifie prözis definiert werden?
885 1090 1114 1200 501
444 1080 612 1229 1)11
1029 1040 2344 1235 che Defintion im allgemeinen oder
1018 1200 2034 1336 Fall aufrichtig gewünscht?
748 1302 2357 1457 rsten Frage: Die präzise Definition eines
529 1438 2622 1622 Begriffs ist nicht möglich, nur eine Allegorisierunng,
534 1561 2491 1742 eine Umschreibung oder eine Tautologisierung. Aber
532 1721 2547 1879 durch redliche Bemhung gelingt es une in der Mehr-
537 1820 2400 2012 zahl der Fälle sich über die Begriffe,auh über
1702 1938 1903 2018 wmil
529 1932 2678 2133 die schwierigsten, (von Mensch zu Mensch zu verständi-
551 2111 1248 2272 gen, daß Umine.
1299 2191 1606 2285 Relalis.
543 2213 2603 2424 zur zweiten Frage: (Präzise Definition ist immer wün-
551 2346 2576 2507 schenswert mit der geringfügigen Einschränkung, dass
545 2480 2574 2656 durch solche Definitionen, wenn sie eben möglich wö-
553 2616 2443 2811 ren, manches anregende, dialektische Geistesspiel
561 2779 1176 2924 verloren ginge.
561 2892 2544 3084 zur dritien Frage: Präzise Definitionen werden von
556 3028 2598 3226 den wenigsten Menschen ernstlich gemünscht, oft auch
