2888 3528
727 278 873 426 R
543 524 2424 711 Schmerzlicher als dass wir niemals die Wahrheit
550 665 2390 813 zu hören bekommen ist, dass wir sie, beim besten
545 778 2462 969 Willen aueh niemals aufsprechen können. Denn was
548 895 2340 1089 wir auch sagen, der Andere hört x nicht mehr
1739 1010 2139 1113 onuilhel
553 1036 2428 1237 X die Wahrheitdie wir ihm sagen wollten. Es
550 1175 2235 1323 ist nicht das steiche, wde von unseren Lippe
1869 1230 2486 1349 irtuecuet obste
1113 1304 1495 1385 derandem
557 1313 2436 1483 kam und was in seine Seele dringt,) Es ist schon
557 1419 2395 1605 im nächsten Augenblick nicht dasselbe mehr: es
550 1560 2474 1718 kommt auf so viel an,was mit deiner Wahrheit und
548 1699 2409 1864 mit deiner Wahrheitsabsicht nichts mehr zu tun
555 1818 2414 1993 hatte: es kommt darauf an,was der Andere hören
567 1964 2211 2120 wollte, wie er zu dir steht und so weiter.
567 2077 2486 2242 Und die Wahrheit um ihrer selbst willen ist kein
567 2187 2486 2390 Wert, so wenig wie ein Geldstück in einem Land, wo
565 2345 1330 2531 es keinen Kurs hat.
