2920 3592
847 396 1253 569 setlteit
1258 475 1634 590 beleidigt
531 539 2394 730 Jeder Dilettant ist xetzezagt, wenn man ihn als
531 664 2279 824 das bezeichnet was er ist,und jeder Künstler
1789 740 2001 827 mat
533 771 2583 955 fühlt sich erst bestätigt, wenn er, das Element der
1289 886 1703 970 ihm atut
533 901 2558 1082 Dilettantismus in sieh verspürt, öhne das der er zu
332 1029 2279 1210 er en mahre Künstler überhaupt wiekt denkber ietr
585 1115 2517 1355 mitt deckte, - Semeirgs gemehbe
528 1348 720 1496 ich
