4424 4471
3141 485 3277 589 G.C.H.
2673 495 2878 678 " "
293 766 907 944 Frankfurter Zeitung
2198 848 4055 1022 nach Deutschland finden. — Paul scheint es gut
1912 917 2077 1047 1891.
439 951 774 1035 Handelsblatt.
1059 924 1784 1089 Frankfurt a. M.. 21. Joeni.
2180 1020 4016 1168 zu gehen, seine Privatberichte sind zumeist so
379 1032 835 1151 Redaction.
374 1119 860 1202 Telegramm - Adresse :
301 1173 902 1330 Zeitung Frankfurt Main.
2185 1116 4055 1281 mißgestimmt, daß ich überzeugt bin, es gefalle
2198 1259 4117 1456 ihm in Früssel ganz ausgezeichnet. Lassen Sie mich
2185 1370 4095 1557 hoffen, daß es Ihnen mindestens ebenso gut gehe
840 1380 1816 1577 Hochgeehrter Herr Doktor.
2175 1498 3789 1693 & empfangen Sie meine herzlichsten Grüße.
3287 1638 3853 1803 Ihr ergebener
532 1764 2045 1941 Mit aufrichtigem Vergnügen las ich Ihre
3597 1821 3996 2040 Memoratly
241 1900 2074 2038 drei Elizire und ich versage es mir ungern, Theen
222 2020 2079 2171 eine Menge schöner Dinge darüber zu sagen, weil ich
207 2148 2099 2294 in der Hauptfache weder Ihren nach meinen Wünschen
222 2259 2111 2439 zu entsprechen vermag. Vermutlich wird die Frankf. Ztg.
222 2380 2074 2589 im Jahre 1920 eine Arbeit dieser Art veröffentlichen
214 2557 2087 2658 dürfen, ohne Straßenknüpfe hervorzurufen. Namens
204 2646 2173 2814 unsres Publikums danke ich Ihnen für die Überschätzung
207 2777 2183 2949 die Sie seinem Niveau zu teil werden lassen. Außer
214 2910 2025 3072 Brahm's Freier Bühne wußte ich auch kein Deutsches
212 3018 2097 3168 Blatt, das diese reizende Dichtung veröffentlichen könnte.
237 3161 2052 3341 Es sei denn, Sie übersetzten sie ins Französische x
212 3279 2124 3447 schütten sie dem Echo de Paris oder dem „Til Blos“;
212 3407 2097 3595 dann könnte sie vielleicht von dort aus den Weg
