4388 4471
2793 536 2897 683 1.° "
3063 543 3263 696 [incompréhensible]
493 485 603 672 1:
1264 502 1768 750 ƒ1,„: 1
3776 498 4155 732 Von tädtigen und ä.
2335 526 2643 730 Monsieur
248 950 866 1075 Frankfurter Zeitung
1014 1023 2007 1215 Frankfurt a. M., 5. März 1893
396 1096 734 1187 Handelsblatt.
1570 1172 1663 1253 ¬
336 1191 790 1275 Redaction.
332 1260 816 1340 Telegramm - Adresse :
265 1337 868 1434 Zeitung Frankfurt Main.
2352 1359 4000 1557 ich eine Lektüre Ihren Erzählung eine große Frauen verdünke, – wie, dass ich
646 1449 1441 1596 Mein sehr verehrter Eure Doctor!
2356 1516 4090 1633 nicht aus nichtige Wort: Eine zurehende Auferzug, wie einige Antheilnahme, eine Parke
1497 1546 1958 1661 gen Roman in einem
414 1564 1503 1712 Ich habe letzten Sonntag – somit aus 8 Tagen. – Ihm
1493 1624 1583 1714 9.
2361 1630 4071 1788 Ertführung. Es ist eine glänzende Arbeit, mit etwa die neuen können Erfolg haben werden
349 1686 1962 1839 Zuge ausgelesen, was mir drei einem vermögten schon lange nicht perstirt ist
2371 1770 4032 1913 nicht in einer Zeitung, sondern im Bücher. Ich würde mir an Ihrer Stelle nicht keine
353 1796 1994 1977 und claréba sogar das Threchte verfärmt, wenn mir nur mir passirt ist. Die
2384 1900 4053 2012 tüße geben, sie bei einer Provincken einzurücken: wenn ich sie nicht nehme, nimmt sie
364 1938 1969 2070 ganze Wochen über Baum ich meint dazu, Ihnen zu Schreiben, u. erst heute
2382 2033 4064 2137 Niemand. soweit glaube ich dem Geist der Deutschen u. östermächischen Strasse zu kennen.
388 2061 1984 2246 vermag ich Ihrem mitzutheilen, daß ich die Erzählung nicht acceptire.
2397 2169 3995 2281 Also im Burke, u. it wäre glücklich, Ihnen, falls dies nötig nun, in irgend
396 2197 1962 2324 Werum? Nicht mit Rücksicht auf die Trücherin des Publikums, denn die
2399 2259 4092 2404 riere Weise dabei behilflich sein zu können. Und mit einem anderen Titel. „der sterbende
403 2307 2117 2468 paar stellen, die als leiden mich in Betrücht können, leichtem sich leicht beseitigen.
2389 2410 4088 2520 Herr ist gern nichts. Das müssen die Ihren anderes cendrons finden. Überde uns auf die Curat-keit
394 2462 2048 2578 Nein, aus einem Grunde, den Sie von Ihrem Stundpunkt aus zwei nicht verstehen
2399 2552 4071 2636 Der Arbeit zurückzukommen: sich müßt, nichtsre Landes gehen, um einen Vergleich zu finden.
394 2557 2070 2705 Dürften: das Romen ist wie viel zu recht u. düssen, mir, wenn wenn beständig
2414 2615 4038 2802 Brunnen Sie die das Töchs des Fürsten Anckreis im „Theip“ u. Freikin“n des
394 2686 2035 2830 den Vorwurf macht, daß unser Pomer. Famillaten, viel zu ernst u. diese sei.
2421 2778 3961 2916 hat ein Diener geschrieben, aber kein liegt war. Ihren Rolle hat ein Arzt
411 2834 2102 2992 Berücksichtigung bei gefällig, muß ich nichts weiter bin als ein Knecht und
2440 2918 4068 3043 geschrieben, das nie dichter ist. Es ist die erste zugleich künflerilte u. wappeilterne
411 2968 2083 3104 und auf ich aus treffbar Knechts: Überzeugung ablehnen muß, unser Publikum mit
2438 3030 4025 3151 Dienstellung des Grundverhältnisters zwischen Toch u. Leben einerseits u. ohne sichtschikken
403 3041 2093 3259 einer so wenig pröslichen u. unbeleitlichem Erzählen, schon in aller Früher beim Morgen.
2427 3132 4034 3334 Beiflösung incherweis, die ich kann. Welche Fälle von Beobachtungen u. welche
418 3222 913 3373 Hoffern zu verstimmen.
2442 3274 4120 3418 überwunden Richtigkeit in Äusserung u. Entwicklung zweien, einzelnere Maassenschickfuhr!
502 3332 2044 3480 Also ich mehrere Ihren Romen nicht, und was ist wohl die Hauptgachen
2453 3379 4116 3567 Ich unglückwürfte die aufsärtig zu dieser Arbeit, mein sich weniger Herr Doctor,
457 3455 1988 3599 für Sie, aber nicht für mich, denn ich muß Ihnen noch etwas sagen,
2466 3539 4043 3685 jetzt nicht weiß ich ganz geweis, wie die sind, und jetzt bin in ihre Erste, etwa für Ihnen
452 3580 2124 3780 was ein u. für sich sehr gleichgiltig ist, Ihnen, aber nicht mir: nämlich muß
2453 3648 3284 3780 Bwurf mit Fräulem Zeugniß ablegt.
3409 3683 3767 3784 fhr ungebener
3829 3707 4036 3890 Fymerose.
