4388 4471
2216 507 2945 669 ̃ ̃:: ;:
1383 505 1561 651 17    "
336 806 923 937 Frankfurter Zeitung
1256 647 1359 927 3.
593 917 677 974 und
1082 906 2108 1080 Frankfurt a. M., 17. Novbr 1892
471 941 802 1042 Handelsblatt.
385 1025 870 1134 Redaction.*)
391 1115 880 1199 Telegramm - Adresse:
334 1166 929 1303 Zeitung Frankfurt Main.
835 1230 1592 1398 Sehr verschwer Eure Doktor.
2370 1342 3943 1498 Auf das Gerücht, wonach es zweierlich kauffen auf der
491 1361 2087 1486 Wollte ich mein langes u. scheinbar so unartiges Stillschweigen
2382 1477 3917 1608 Welt geben, enthalten haben. Nein, schicken Sie sie mir in
450 1490 2095 1625 Zu erklären u. zu entschuldigen suchen, so würde ich soviel Zeit
2372 1594 4000 1752 jedem Falle, ich bin verugnig darauf in versprechen Ihnen,
450 1604 2009 1747 u. Enmögen dazu brauchen, daß gleich wieder die Existenz
2363 1743 3129 1897 die Arbeit leurd zu lesen.
448 1737 2032 1856 Iniges Bruches bedroht wäre. Begrügen Sie sich deshalb
2400 1870 3917 2014 Leben Sie wohl, mehr mochter Une Doctor, seien
469 1868 2095 2034 mit der Versinnung meiner erarmen Sympathie u. meiner herzlichen
2388 2009 3763 2140 der herzliebst gegrührt u. entschuldigen Sie die
477 2003 2083 2153 Ergebenheit. Es ging nicht anders u. wenn Sie mit umbringen:
2419 2140 3747 2267 immer u. äußere Nötigkeit dieses Zeilen.
473 2138 2071 2253 In Omgeliegenheit das „Märchen“ sind mir die Gänche gebunden. Ich
962 2232 1226 2308 G.C.H.F
481 2255 2095 2410 habe (außer schlechten) keinerlei Beziehungen zur hiesigen Theater¬
3313 2247 3497 2437 you.
487 2404 2108 2556 leitung, und überdies bin ich der ungeschickteste Nacht, wenn es
3284 2423 3577 2537 i-zubreu
495 2517 2018 2683 durch ankommt, mit u. meinem Freunden zu nützen. Dieses
3366 2541 3667 2730 Mauwen
499 2662 2104 2820 Falkert muß man mit auf die Welt bringen wir der impontimenten
501 2795 2038 2936 Burthe Herr Lothar, der sich jüngsthin von hier aus inserirte.
505 2938 2095 3076 Die neuen Dieelage standte ich dem Berlin klare, wir in neuester
507 3071 1968 3202 weil bei uns schönquißige Löhnartür bespricht, mit warum
507 3166 2069 3344 Empfehlung. Jetzt wollen wir sehen, was geschieht. Die Novolle
520 3333 2063 3466 schicken Sie mir gefälligst, wenn Sie sich jerten Collusion
495 3444 1942 3550 *) Für die Redaktion bestimmte Briefe und Sendungen wolle man nicht
432 3544 1940 3630 an die Person eines Redakteurs, sondern stets an die Redaktion der
417 3577 1132 3714 Frankfurter Zeitung adressiren.
