4405 4472
448 499 759 706 1,1,###
290 873 881 1023 Frankfurter Zeitung
556 985 638 1051 und
1042 968 1697 1112 Frankfurt a. M., 4. Juni
1947 1000 2097 1095 1893
433 1012 761 1118 Handelsblatt.
349 1095 826 1196 Redaktion.“
359 1215 839 1270 Telegramm - Adresse :
294 1243 890 1332 Zeitung Frankfurt Main.
755 1374 1397 1501 Sohn verehrter Herr Doctor!
2367 1478 3932 1642 in Vorslag bringen. Wir dritten Sie über das letzte Jahr oder „Ende“
478 1497 2000 1647 Ich habe Ihren Romen, der sterbende Herr mit einer Theilnahme gelesen
2348 1619 3984 1731 oder. Ein Todesurtheil schon, der Wille zum Leben u.s.w. All dies heißt
442 1642 2097 1754 die mir noch solten eine eingereichte Arbeit eingeflößt hat. Ich Unglückwärnte Sie
2355 1740 3919 1864 aute nicht viel, eher es scheint mir doch bessere als der gewühlte Titl.
435 1752 2133 1875 zu diesen Dichtung, in der sich der feiern Geist eines Poeten und die schwebe Beobentigt.
2386 1875 3972 2029 Verzäumen Sie will nie Nachricht zu geben, sobald die Roman
433 1888 2101 2050 habe das Ärztes mit merkwürdiger Erzürzungskunft verschwolgen haben. Allein
2359 1997 3012 2139 unter Dach u. Fach gebengt.
427 2023 2076 2167 „dere sterbende Herr ist keine Zeitungs = (mehrere ein Buchnombm. erpraus nicht aus
719 2152 886 2219 G.C.H.P.
3016 2143 3403 2262 Yours comme, ende
444 2173 2093 2274 Gründen, die ich an dieser Stelle nicht zu erwehren vermag. Dach ich mir vorlauben
3169 2291 3259 2410 in
444 2300 2065 2429 Ihnen einen Rath zuertheilen, so würde ich Ihnen danigend empfohlen, für die
3160 2435 3420 2528 Johannesz
448 2424 2099 2564 Veröffentlichung Ihrer können Arbeit, die Ihnen einen durchanten Ersatz einbringen
3147 2520 3471 2682 I Fymnoth
450 2579 2071 2676 wird, ohne Verzug einen Verleger zu fücken. Mein Instrucht darum ist ein so
444 2642 2031 2813 unfriediges, daß es mir ein Vergnügen wären, Ihnen auch persönlich in näher
457 2811 1987 2968 Stückung zu dünnen, wenn ihn dem Kreisen der deutschen Verleger leider nicht
459 2951 2099 3107 völlig fernst eineln. Aber ich kann wir nicht dritten, daß Ihnen die Pleinin
473 3084 2036 3202 der Arbeit Schöningkeiten bereiten sollte. Es gibt doch gewiß Verkomnehmen
469 3221 2025 3376 von Vortheil u. Guldenk, des dem Wech einer so hervorzügenden Composition
478 3350 2025 3511 zu Gützen wissen! - Einer Andeweis des Titels würde ich Ihnen nächtlich
501 3498 1957 3602 *) Für die Redaktion bestimmte Briefe und Sendungen wolle man nicht
435 3593 1959 3659 an die Person eines Redakteurs, sondern stets an die Redaktion der
438 3646 1144 3754 Frankfurter Zeitung adressiren.
