6719 4328
5824 368 6008 539 83
3954 477 6221 735 Sophie: In Theaterangelegenheiten bin ich ledig¬
4173 702 4499 830 lich —
3968 782 6348 972 Braenle: Ne, nicht so. Also Freundschaft hin, Freund¬
4197 940 6262 1168 schaft her, fir mich hat nämlich diese Scene,
4191 1085 6280 1274 der Sie beigewohnt haben, nicht das Gerings te
4701 1242 4890 1331 Uw
4188 1239 6153 1449 geändert. Denn hätte ich ihr selber beige¬
5074 1378 5750 1479 nahesteviled.
4203 1426 6099 1571 wohnt, so hätt ich meine Freude dran
4209 1577 6091 1775 gehabt,wie an jedem vollendeten Ausdruck
4203 1728 6102 1912 eines köstlichen Menschenexemplares. Wenn
4197 1882 6218 2048 Sie mit einem Erzengel vermählt wären, würde
4214 2001 6043 2193 ich ja auch anders mit Ihnen reden, und
5809 2048 6348 2220 It was there.
4197 2146 6369 2321 Ihnen ganz andere Ratschläge geben. Sehen Sie,
4197 2324 6099 2516 dass Fräulein Daisy den Herrn Edgar Glei
4232 2469 6209 2673 betrügt, das ist infam, denn Herr Edgeriglei
4214 2638 6280 2780 verdient das nicht und nebstbei ist für ihn
4203 2759 6230 2946 das Betrogenwerden etwas sehr Wesentliches.
4211 2931 6117 3100 es beschämt und erniedrigt ihn und würde
4226 3097 6162 3275 ihn vielleicht gar zum Selbstmordtreiben.
4401 3186 5175 3311 wei et exemple
4200 3225 6135 3408 Wenn Herbot sowas passierte,wäre es ganz
4206 3349 6286 3607 was anderes. Ich glaube, es wäre direkt heil-
4214 3524 6111 3684 sam für sein Verhältnis zu Ihnen,wenn er
4226 3699 6079 3880 draufkäme, dass Sie schliesslich auch zu
4277 3817 5053 3989 - hiertr. dep
