6728 4120
6159 300 6473 456 ne!
4185 408 6333 635 Sophie: Sie hatten ihn doch nie verloren? Ich
4421 635 6202 794 hab ja das Repertoire verfolgt.Er hat
4432 756 6347 920 fünf bis sechs Mal in der Woche gespielt
4427 890 6403 1081 seit dem ersten September und heute haben
4427 1062 6250 1244 wir den dreissigsten Ohbober, hat nicht
4440 1220 6556 1410 einmal abgesagt, zwel neue Follen kretert, eine
6207 1308 6416 1405 oller
4421 1346 6344 1523 klassische und eine moderne- und es waren
5226 1485 5775 1678 gewesen sei.
4432 1523 5202 1713 lauter Triumphe.
4193 1657 6347 1847 Brehnle: Triumphe (nennen Sie das?) Bei mir hat
4421 1807 6464 2006 er nicht triumphiert.Ich hab ihn ausgepftf-
5556 1906 5958 2022 or with him
4440 1965 6304 2140 fen, natürlich ganz letse, weil das ja in
5022 2067 5928 2177 l'autre très fallobérer.
4421 2137 6196 2322 me inem Theater verboten ist. Freilich,
4427 2282 6347 2432 das Publikum und die Kritik, bis das Volk
5322 2362 6424 2480 émer sur taler voulier.
4440 2408 6196 2593 einmal merkt, dass irgendwas nicht in
4440 2587 6427 2759 Ordnung ist bei einem seiner Lieblinge, das
3738 2547 4309 2802 & Anleop ist
4982 2679 5974 2780 Aber evol il werbe nés...
4432 2751 6255 2904 dauert eine Weile. Neulich im Tasso ist
3641 2754 4261 2947 unter hichle
3655 2917 4220 3054 schuld-wie
4429 2882 6341 3075 er sieben Mal stechen geblieben.Die Leu-
3679 3008 4277 3191 lebendj ist.
4432 3073 6403 3212 te haben’s wahrsche inlich für sieben neue
4421 3169 6432 3400 Nuanoen gehalten, und in die hohle Doklama-
4432 3335 6269 3547 tion ist er auch zu eilen geraten,wie
4845 3451 5690 3561 are in Buis there be
4429 3491 6392 3748 damals, ehe ich ihn in die Hände bekan, und
