6728 4232
6039 281 6220 493 23
5305 327 5864 545 des Ehegatte
4382 525 6309 708 liche Wiederver eintigung und auf die deut¬
4371 665 6211 814 sche Kunst leeren. Und Sie sollen sehen,
5575 768 5999 866 wed in in
4368 817 6177 1018 heut wird er nicht weinen. Wo steckt er
4382 923 6334 1141 denn übrigens?.. (Ich heil da nebstbe in Stich
5300 1012 6481 1161 in Gebracht... er wolle nicht
3798 1018 4110 1149 1er cesse
6246 1089 6504 1212 vrai
3847 1115 4099 1267 enclar
4133 1129 6180 1330 Sophie: Er macht seinen Nachmittagsspazier-
4394 1267 6148 1470 gang wie es seine Gewohnheit ist. Oder
5085 1370 5830 1476 mit einer Prayvert
4403 1465 6048 1619 betrügt mich gerade. Was weiss ich.
4147 1565 6458 1791 Brehnle: Aber das glauben Sie doch selbst nicht -
4466 1688 6065 1809 lebiger d. u. vor wieder Kohle....
4382 1783 5116 1943 vor dem Hamlet.
4153 1909 5423 2104 Sophie (lacht wider Willen).
4162 2061 6429 2230 Brehnle' Na wann sind Sie dem übrigens angekomst
4380 2236 4618 2402 men?
4153 2359 5202 2554 Sophte: Gestern Abend.
4156 2528 5561 2625 Brehnlei Gestern Abend schon?
4162 2631 6389 2849 Sophie: Sie müssen nicht Ihr vertraktes Gesicht
4380 2806 6157 2935 machen.Es war nicht einmal ein Zimer
4394 2969 6289 3093 neben ihm frei.Erst heute morgen bin tot
5732 3047 6031 3144 ladene
4403 3058 6185 3336 zu--in hatte ich das Zimmer neben ihm
4405 3290 4864 3474 bekommen.
5139 3279 5486 3460 -tme
4170 3422 6214 3634 Brehnle: Nr sehen Ste. (und ist das nicht ein.
4403 3603 6168 3761 nobler zug von ihm, dass er die schöne
