6680 4312
4250 424 6302 687 mir über die Quelle dieser ungehmerlichen.
4256 679 6297 868 doch nein, über die Gründe Ihres Verdachtes
4267 825 6205 984 Auskunft zu geben, mir es daher unmöglich
4242 960 6105 1155 machen sachlich zu eratdern: Lassen wir
4242 1117 6151 1301 das Fräulein aus dem Spiel, Tagen Sie mir
4261 1255 6305 1471 einfach, dass Ihnen meine Nase nicht gefüllt,
4250 1409 6102 1584 dass Sie mich für einen elenden Cabotin
4242 1587 6189 1752 halten oder für einen Taschendleb,für ei¬
5610 1698 6008 1798 pénible
4242 1720 6138 1895 nen Wohnungseinschleicher und wenn einer
4261 1876 6211 2044 von uns beiden durchaus aus der Welt muss,
4256 2025 6175 2225 ich bitte sehr, ich werde bis morgen
4291 2185 5481 2377 Uhr Mittag zu Hause sein.
4015 2282 5870 2523 Edgar: So ist as also wahr,Herr Herbot.
4015 2498 6189 2652 Herbot: Ob es wahr ist? Sie fragen mich? Nach-
4672 2609 5475 2712 in besturts
4261 2606 6235 2798 dem Tielmir soeben erklärt haben überzeugt
4242 2774 6281 2958 zu sein, dass ich Sie in jedem Falle enlügen
5134 2912 5340 3007 rega
4261 2909 6186 3131 würde, nachdem Ste (selbst) der Ansteht Aus¬
4256 3077 6162 3280 druck geben, (die nebstbei nicht die meine
4291 3220 6183 3474 ist, dass ich als Ehrenmann verpflichtet
4242 3388 6259 3558 wäre sie anzulügen, nachdem Sie hier herauf¬
4261 3526 6192 3712 kommen und mir, verzeihen Sie,wenn ich den
4250 3680 6146 3899 piess umzudrehen scheine, die ungeheuer-
