<?xml version="1.0" encoding="UTF-8" standalone="yes"?>
<PcGts xmlns="http://schema.primaresearch.org/PAGE/gts/pagecontent/2013-07-15" xmlns:xsi="http://www.w3.org/2001/XMLSchema-instance" xsi:schemaLocation="http://schema.primaresearch.org/PAGE/gts/pagecontent/2013-07-15 http://schema.primaresearch.org/PAGE/gts/pagecontent/2013-07-15/pagecontent.xsd">
    <Metadata>
        <Creator>prov=READ-COOP:name=TrHtr:version=2.1.0:model_id=51170:date=29_07_2023_15:07</Creator>
        <Created>2023-05-10T13:09:52.536+02:00</Created>
        <LastChange>2023-07-29T15:07:14.073+02:00</LastChange>
        <TranskribusMetadata docId="1428563" pageId="55409512" pageNr="154" tsid="131437275" status="IN_PROGRESS" userId="64420" imgUrl="https://files.transkribus.eu/Get?id=RZGTAJYLKFBQAQHEIIIYCOAZ&amp;fileType=view" xmlUrl="https://files.transkribus.eu/Get?id=RRDUNYNJUDFUGMEJKZKEOODX" imageId="44683657"/>
    </Metadata>
    <Page imageFilename="1428563_0154.jpg" imageWidth="6744" imageHeight="4200">
        <ReadingOrder>
            <OrderedGroup id="ro_1711794178519" caption="Regions reading order">
                <RegionRefIndexed index="0" regionRef="tr_2"/>
                <RegionRefIndexed index="1" regionRef="tr_1"/>
            </OrderedGroup>
        </ReadingOrder>
        <TextRegion id="tr_2" custom="readingOrder {index:0;}">
            <Coords points="3651,409 6455,409 6455,2139 3651,2139"/>
            <TextLine id="tr_2_tl_1" custom="readingOrder {index:0;}">
                <Coords points="5446,461 5488,482 5583,464 5918,499 6033,468 6071,482 6068,272 6005,272 5883,325 5795,276 5715,325 5610,328 5541,374 5446,360"/>
                <Baseline points="5464,459 5554,459 5643,465 5733,471 5822,465 5912,465 6001,471 6079,465"/>
                <TextEquiv>
                    <Unicode>unterwiter</Unicode>
                </TextEquiv>
            </TextLine>
            <TextLine id="tr_2_tl_2" custom="readingOrder {index:1;}">
                <Coords points="4378,632 5520,573 6284,635 6399,597 6403,496 4382,506"/>
                <Baseline points="4396,566 4438,566 4528,566 4617,566 4707,566 4796,560 4886,560 4975,560 5065,554 5154,554 5244,548 5333,548 5423,548 5512,548 5601,548 5691,548 5780,548 5870,548 5959,542 6049,542 6138,542 6228,536 6317,530 6407,530"/>
                <TextEquiv>
                    <Unicode>da sagen und wie Sie's doch streichen wür¬</Unicode>
                </TextEquiv>
            </TextLine>
            <TextLine id="tr_2_tl_3" custom="readingOrder {index:2;}">
                <Coords points="4378,751 4720,810 5055,751 6281,796 6284,653 6145,614 4382,632"/>
                <Baseline points="4402,709 4414,715 4504,721 4593,715 4683,715 4772,709 4862,709 4951,709 5041,703 5130,703 5220,703 5309,703 5399,703 5488,703 5578,698 5667,698 5757,698 5846,698 5936,698 6025,698 6115,692 6204,692 6294,698"/>
                <TextEquiv>
                    <Unicode>den,wenn's einer Ihrer Autoren schriebe.</Unicode>
                </TextEquiv>
            </TextLine>
            <TextLine id="tr_2_tl_4" custom="readingOrder {index:3;}">
                <Coords points="4148,943 6022,848 6340,943 6382,772 4151,793"/>
                <Baseline points="4170,882 4241,876 4331,871 4420,876 4510,871 4599,871 4689,865 4778,865 4868,865 4957,865 5047,865 5136,859 5226,859 5315,859 5405,853 5494,853 5584,853 5673,853 5763,853 5852,853 5942,847 6031,847 6121,847 6210,853 6300,847 6389,853"/>
                <TextEquiv>
                    <Unicode>Brehnle: Na ja.Weisheiten gehören nicht auf die</Unicode>
                </TextEquiv>
            </TextLine>
            <TextLine id="tr_2_tl_5" custom="readingOrder {index:4;}">
                <Coords points="5185,946 5757,925 5816,971 5921,911 5953,939 6166,936 6166,890 6036,848 5876,890 5541,855 5464,887 5185,880"/>
                <Baseline points="5202,930 5279,930 5369,924 5458,918 5548,918 5637,918 5727,918 5816,918 5906,912 5995,912 6085,912 6174,918"/>
                <TextEquiv>
                    <Unicode>auit de Bitte un heure.</Unicode>
                </TextEquiv>
            </TextLine>
            <TextLine id="tr_2_tl_6" custom="readingOrder {index:5;}">
                <Coords points="4382,1065 6302,1061 6263,925 4382,932"/>
                <Baseline points="4402,1020 4432,1020 4522,1026 4611,1026 4701,1020 4790,1020 4880,1020 4969,1014 5059,1014 5148,1014 5238,1014 5327,1014 5417,1014 5506,1014 5596,1008 5685,1008 5775,1008 5864,1008 5953,1008 6043,1002 6132,1002 6222,1008 6311,1008"/>
                <TextEquiv>
                    <Unicode>Bühne. We is hetten werden immer als Längen</Unicode>
                </TextEquiv>
            </TextLine>
            <TextLine id="tr_2_tl_7" custom="readingOrder {index:6;}">
                <Coords points="3732,1082 3781,1107 3837,1086 3921,1100 3945,1082 3987,1103 4071,1065 4102,1086 4217,1068 4228,953 4162,939 4078,988 4018,946 3931,960 3893,932 3851,943 3809,925 3771,953 3743,943"/>
                <Baseline points="3752,1085 3782,1085 3871,1073 3961,1067 4050,1061 4140,1055 4229,1050"/>
                <TextEquiv>
                    <Unicode>Also in</Unicode>
                </TextEquiv>
            </TextLine>
            <TextLine id="tr_2_tl_8" custom="readingOrder {index:7;}">
                <Coords points="3711,1204 3791,1166 3854,1184 3889,1159 3917,1184 3970,1156 4050,1194 4141,1149 4203,1177 4322,1166 4385,1201 4395,1033 4333,1058 4259,1040 4078,1096 3952,1079 3781,1107 3722,1082"/>
                <Baseline points="3734,1163 3770,1163 3859,1157 3949,1151 4038,1145 4128,1139 4217,1133 4307,1121 4396,1121"/>
                <TextEquiv>
                    <Unicode>in ungestricht</Unicode>
                </TextEquiv>
            </TextLine>
            <TextLine id="tr_2_tl_9" custom="readingOrder {index:8;}">
                <Coords points="4382,1236 4755,1197 5240,1271 5499,1177 6372,1232 6445,1218 6448,1082 5750,1096 5617,1019 5363,1103 4382,1138"/>
                <Baseline points="4402,1181 4486,1181 4575,1187 4665,1181 4754,1181 4844,1175 4933,1175 5023,1175 5112,1169 5202,1169 5291,1169 5381,1169 5470,1169 5560,1163 5649,1169 5739,1163 5828,1157 5918,1157 6007,1157 6097,1151 6186,1151 6276,1151 6365,1151 6455,1151"/>
                <TextEquiv>
                    <Unicode>empfunden, Tiefsinn hält auf. Etwas schlanke</Unicode>
                </TextEquiv>
            </TextLine>
            <TextLine id="tr_2_tl_10" custom="readingOrder {index:9;}">
                <Coords points="3715,1278 3753,1271 3837,1299 3886,1267 3949,1264 4060,1306 4193,1239 4224,1250 4231,1170 4190,1177 4165,1152 4127,1152 4057,1191 3942,1166 3893,1201 3805,1170 3718,1191"/>
                <Baseline points="3734,1258 3788,1258 3877,1252 3967,1252 4056,1246 4146,1240 4235,1228"/>
                <TextEquiv>
                    <Unicode>t rialor, fort</Unicode>
                </TextEquiv>
            </TextLine>
            <TextLine id="tr_2_tl_11" custom="readingOrder {index:10;}">
                <Coords points="4389,1417 5596,1362 6298,1463 6302,1264 4392,1250"/>
                <Baseline points="4408,1342 4432,1336 4522,1342 4611,1336 4701,1336 4790,1336 4880,1336 4969,1330 5059,1330 5148,1324 5238,1324 5327,1324 5417,1324 5506,1324 5596,1324 5685,1324 5775,1324 5864,1324 5953,1318 6043,1318 6132,1318 6222,1318 6311,1318"/>
                <TextEquiv>
                    <Unicode>ist man geworden und etwas blass ist man</Unicode>
                </TextEquiv>
            </TextLine>
            <TextLine id="tr_2_tl_12" custom="readingOrder {index:11;}">
                <Coords points="3690,1459 3865,1403 4032,1438 4071,1417 4113,1449 4165,1410 4207,1414 4214,1306 4130,1323 4032,1306 3977,1271 3917,1295 3889,1267 3830,1302 3701,1292"/>
                <Baseline points="3716,1378 3776,1372 3865,1366 3955,1360 4044,1354 4134,1348 4223,1342"/>
                <TextEquiv>
                    <Unicode>profahier -</Unicode>
                </TextEquiv>
            </TextLine>
            <TextLine id="tr_2_tl_13" custom="readingOrder {index:12;}">
                <Coords points="4382,1578 4430,1561 4472,1582 4518,1550 4577,1561 4668,1547 4668,1421 4608,1410 4521,1442 4448,1400 4420,1421 4409,1410 4382,1417"/>
                <Baseline points="4402,1497 4492,1491 4581,1491 4671,1497 4677,1497"/>
                <TextEquiv>
                    <Unicode>noch.</Unicode>
                </TextEquiv>
            </TextLine>
            <TextLine id="tr_2_tl_14" custom="readingOrder {index:13;}">
                <Coords points="4137,1707 6263,1697 6379,1676 6382,1529 4141,1575"/>
                <Baseline points="4158,1658 4241,1652 4331,1652 4420,1652 4510,1652 4599,1646 4689,1646 4778,1646 4868,1640 4957,1640 5047,1640 5136,1634 5226,1634 5315,1634 5405,1634 5494,1634 5584,1634 5673,1628 5763,1628 5852,1628 5942,1628 6031,1634 6121,1628 6210,1622 6300,1622 6389,1634"/>
                <TextEquiv>
                    <Unicode>Sophie: Aber reden Sie sich nichts ein.Doktor,</Unicode>
                </TextEquiv>
            </TextLine>
            <TextLine id="tr_2_tl_15" custom="readingOrder {index:14;}">
                <Coords points="4389,1812 6399,1857 6403,1665 4392,1718"/>
                <Baseline points="4408,1795 4444,1795 4534,1801 4623,1795 4713,1795 4802,1795 4892,1789 4981,1789 5071,1789 5160,1789 5250,1783 5339,1783 5428,1777 5518,1777 5607,1777 5697,1777 5786,1777 5876,1771 5965,1771 6055,1771 6144,1771 6234,1771 6323,1765 6413,1771"/>
                <TextEquiv>
                    <Unicode>ich seh famos aus.Es ist mir auch glänzend</Unicode>
                </TextEquiv>
            </TextLine>
            <TextLine id="tr_2_tl_16" custom="readingOrder {index:15;}">
                <Coords points="4382,1987 6277,2007 6323,1861 5240,1822 4382,1917"/>
                <Baseline points="4402,1956 4450,1956 4540,1950 4629,1950 4719,1944 4808,1938 4898,1938 4987,1938 5076,1938 5166,1938 5255,1938 5345,1932 5434,1932 5524,1932 5613,1932 5703,1932 5792,1932 5882,1932 5971,1926 6061,1926 6150,1926 6240,1921 6329,1926"/>
                <TextEquiv>
                    <Unicode>gegangen.Die Einsamkeit ist gar keine so</Unicode>
                </TextEquiv>
            </TextLine>
            <TextLine id="tr_2_tl_17" custom="readingOrder {index:16;}">
                <Coords points="3655,2028 3760,2032 3861,2077 3949,2049 4057,2081 4106,2035 4245,2039 4249,1941 4217,1927 4176,1959 4151,1941 4099,1952 4043,1910 4001,1941 3952,1920 3847,1931 3802,1966 3736,1917 3687,1952 3659,1945"/>
                <Baseline points="3675,2016 3716,2016 3806,2016 3895,2010 3985,2004 4074,2004 4164,1998 4253,2004"/>
                <TextEquiv>
                    <Unicode>Weirnes uor</Unicode>
                </TextEquiv>
            </TextLine>
            <TextLine id="tr_2_tl_18" custom="readingOrder {index:17;}">
                <Coords points="3631,2168 6438,2144 6441,1994 3631,2046"/>
                <Baseline points="3651,2129 3675,2129 3764,2129 3853,2123 3943,2123 4032,2117 4122,2111 4182,2105 4205,2100 4295,2100 4384,2100 4474,2094 4563,2094 4653,2094 4742,2094 4832,2094 4921,2094 5011,2088 5100,2088 5190,2088 5279,2088 5369,2082 5458,2082 5548,2082 5637,2082 5727,2082 5816,2082 5906,2082 5995,2076 6085,2076 6174,2076 6264,2076 6353,2070 6443,2070"/>
                <TextEquiv>
                    <Unicode>Sich wäre üble Sache! So stundenlang allein spatteren gehen</Unicode>
                </TextEquiv>
            </TextLine>
        </TextRegion>
        <TextRegion id="tr_1" custom="readingOrder {index:1;}">
            <Coords points="3531,2169 6514,2169 6514,3637 3531,3637"/>
            <TextLine id="tr_1_tl_1" custom="readingOrder {index:0;}">
                <Coords points="4389,2311 6445,2283 6445,2144 6319,2112 4703,2199 4389,2144"/>
                <Baseline points="4408,2243 4480,2249 4569,2249 4659,2243 4748,2243 4838,2243 4927,2243 5017,2237 5106,2237 5196,2237 5285,2231 5375,2231 5464,2231 5554,2231 5643,2225 5733,2231 5822,2231 5912,2225 6001,2225 6091,2225 6180,2225 6270,2219 6359,2219 6449,2219"/>
                <TextEquiv>
                    <Unicode>am Meeress trand, schöne Bücher lesen un-dden</Unicode>
                </TextEquiv>
            </TextLine>
            <TextLine id="tr_1_tl_2" custom="readingOrder {index:1;}">
                <Coords points="4389,2482 5788,2465 6176,2371 6431,2430 6504,2301 4392,2315"/>
                <Baseline points="4408,2410 4456,2404 4546,2398 4635,2398 4725,2398 4814,2398 4903,2392 4993,2392 5082,2392 5172,2392 5261,2392 5351,2386 5440,2392 5530,2386 5619,2386 5709,2386 5798,2380 5888,2380 5977,2374 6067,2374 6156,2368 6246,2374 6335,2374 6425,2368 6514,2362"/>
                <TextEquiv>
                    <Unicode>ganzen Tag keine einzige Lüge anhören müssen</Unicode>
                </TextEquiv>
            </TextLine>
            <TextLine id="tr_1_tl_3" custom="readingOrder {index:2;}">
                <Coords points="5987,2444 6012,2444 6043,2465 6064,2461 6082,2479 6103,2479 6131,2461 6169,2475 6207,2461 6225,2468 6242,2451 6263,2451 6263,2385 6207,2385 6176,2367 6134,2398 6117,2385 6082,2398 6057,2374 6040,2388 6022,2378 5987,2388"/>
                <Baseline points="6007,2434 6097,2434 6186,2434 6270,2434"/>
                <TextEquiv>
                    <Unicode>Herbrt</Unicode>
                </TextEquiv>
            </TextLine>
            <TextLine id="tr_1_tl_4" custom="readingOrder {index:3;}">
                <Coords points="4158,2622 5356,2538 6351,2573 6330,2433 4162,2468"/>
                <Baseline points="4182,2559 4211,2559 4301,2559 4390,2553 4480,2553 4569,2547 4659,2547 4748,2547 4838,2547 4927,2547 5017,2547 5106,2541 5196,2541 5285,2535 5375,2535 5464,2535 5554,2535 5643,2535 5733,2535 5822,2535 5912,2529 6001,2529 6091,2529 6180,2523 6270,2523 6359,2523"/>
                <TextEquiv>
                    <Unicode>Brehnle: Na übertretben Sie nur nicht.Er redet</Unicode>
                </TextEquiv>
            </TextLine>
            <TextLine id="tr_1_tl_5" custom="readingOrder {index:4;}">
                <Coords points="5185,2632 5282,2611 5373,2632 5523,2608 5886,2622 5886,2545 5743,2538 5652,2566 5624,2542 5576,2563 5464,2538 5418,2573 5359,2538 5261,2591 5185,2559"/>
                <Baseline points="5202,2613 5267,2613 5357,2601 5446,2601 5536,2601 5625,2601 5715,2601 5804,2601 5894,2601"/>
                <TextEquiv>
                    <Unicode>in der letzten der</Unicode>
                </TextEquiv>
            </TextLine>
            <TextLine id="tr_1_tl_6" custom="readingOrder {index:5;}">
                <Coords points="4389,2779 5363,2734 6330,2796 6427,2769 6431,2538 5953,2646 5129,2580 4389,2650"/>
                <Baseline points="4408,2708 4462,2702 4551,2702 4641,2702 4730,2702 4820,2702 4909,2696 4999,2696 5088,2696 5178,2702 5267,2696 5357,2696 5446,2690 5536,2690 5625,2690 5715,2690 5804,2690 5894,2684 5983,2684 6073,2678 6162,2678 6252,2678 6341,2678 6431,2678"/>
                <TextEquiv>
                    <Unicode>überraschend oft die Wahrheit!Es wird über¬</Unicode>
                </TextEquiv>
            </TextLine>
            <TextLine id="tr_1_tl_7" custom="readingOrder {index:6;}">
                <Coords points="3512,2803 3575,2814 3680,2776 3771,2821 3830,2790 3942,2824 4022,2824 4053,2793 4120,2821 4259,2769 4263,2643 4029,2622 3823,2667 3673,2643 3512,2671"/>
                <Baseline points="3531,2780 3549,2780 3639,2768 3728,2768 3818,2768 3907,2762 3997,2762 4086,2768 4176,2762 4265,2762"/>
                <TextEquiv>
                    <Unicode>&amp; Csillken</Unicode>
                </TextEquiv>
            </TextLine>
            <TextLine id="tr_1_tl_8" custom="readingOrder {index:7;}">
                <Coords points="4402,2950 5185,2859 5666,2943 6260,2922 6263,2765 4406,2772"/>
                <Baseline points="4420,2857 4480,2851 4569,2857 4659,2851 4748,2851 4838,2851 4927,2851 5017,2845 5106,2845 5196,2845 5285,2845 5375,2845 5464,2845 5554,2845 5643,2845 5733,2839 5822,2839 5912,2839 6001,2833 6091,2833 6180,2827 6270,2827"/>
                <TextEquiv>
                    <Unicode>haupt viel weniger gelogen auf der Welt</Unicode>
                </TextEquiv>
            </TextLine>
            <TextLine id="tr_1_tl_9" custom="readingOrder {index:8;}">
                <Coords points="3645,2891 3791,2912 3903,2880 3990,2898 4050,2863 4134,2894 4207,2873 4231,2894 4291,2866 4294,2783 4235,2776 4116,2824 4053,2796 3977,2835 3833,2793 3771,2824 3676,2772 3648,2783"/>
                <Baseline points="3663,2875 3675,2875 3764,2881 3853,2869 3943,2869 4032,2863 4122,2857 4211,2863 4301,2857"/>
                <TextEquiv>
                    <Unicode>es sittore seule de</Unicode>
                </TextEquiv>
            </TextLine>
            <TextLine id="tr_1_tl_10" custom="readingOrder {index:9;}">
                <Coords points="3739,2964 4106,2947 4193,2978 4238,2954 4364,3009 4368,2898 4270,2866 4162,2898 4053,2870 3987,2901 3924,2880 3739,2919"/>
                <Baseline points="3758,2953 3842,2941 3931,2941 4021,2935 4110,2935 4200,2929 4289,2929 4378,2929"/>
                <TextEquiv>
                    <Unicode>in t anschweer trag</Unicode>
                </TextEquiv>
            </TextLine>
            <TextLine id="tr_1_tl_11" custom="readingOrder {index:10;}">
                <Coords points="4402,3069 5342,3079 5509,3006 5645,3072 6277,3083 6323,2933 4689,2887 4406,2950"/>
                <Baseline points="4420,3018 4444,3012 4534,3012 4623,3006 4713,3006 4802,3006 4892,3006 4981,3006 5071,3006 5160,3000 5250,3000 5339,2994 5428,3000 5518,2994 5607,2994 5697,2994 5786,2994 5876,2994 5965,2988 6055,2988 6144,2988 6234,2988 6323,2988"/>
                <TextEquiv>
                    <Unicode>als die dummen Leute glauben.Es wird nur</Unicode>
                </TextEquiv>
            </TextLine>
            <TextLine id="tr_1_tl_12" custom="readingOrder {index:11;}">
                <Coords points="3631,3086 3823,3044 3924,3062 4011,3023 4221,3041 4273,3027 4277,2964 4221,2961 4165,2995 4081,2943 3914,2957 3868,2989 3826,2950 3631,2968"/>
                <Baseline points="3651,3036 3740,3024 3830,3024 3919,3018 4009,3018 4098,3018 4188,3024 4277,3018"/>
                <TextEquiv>
                    <Unicode>Aud des-</Unicode>
                </TextEquiv>
            </TextLine>
            <TextLine id="tr_1_tl_13" custom="readingOrder {index:12;}">
                <Coords points="3662,3170 3844,3156 3865,3177 3952,3146 4025,3167 4057,3146 4169,3170 4270,3156 4273,3062 4186,3034 3959,3034 3924,3062 3823,3044 3798,3069 3774,3048 3736,3083 3666,3065"/>
                <Baseline points="3680,3155 3740,3138 3830,3132 3919,3126 4009,3126 4098,3126 4188,3132 4277,3132"/>
                <TextEquiv>
                    <Unicode>sibt den Neue</Unicode>
                </TextEquiv>
            </TextLine>
            <TextLine id="tr_1_tl_14" custom="readingOrder {index:13;}">
                <Coords points="4392,3222 6441,3194 6420,3051 5656,3083 5499,3002 5328,3079 4395,3062"/>
                <Baseline points="4414,3161 4480,3167 4569,3161 4659,3161 4748,3161 4838,3161 4927,3161 5017,3155 5106,3155 5196,3155 5285,3155 5375,3155 5464,3155 5554,3155 5643,3150 5733,3150 5822,3144 5912,3144 6001,3144 6091,3144 6180,3144 6270,3144 6359,3138 6449,3138"/>
                <TextEquiv>
                    <Unicode>zu viel falsch gehört. Wieder was zum Stroi¬</Unicode>
                </TextEquiv>
            </TextLine>
            <TextLine id="tr_1_tl_15" custom="readingOrder {index:14;}">
                <Coords points="3620,3268 3711,3243 3764,3282 3858,3282 3917,3254 3973,3292 4053,3268 4109,3296 4169,3257 4350,3264 4350,3181 4273,3212 4060,3142 4022,3167 3956,3146 3865,3194 3764,3160 3620,3208"/>
                <Baseline points="3639,3239 3728,3239 3818,3233 3907,3239 3997,3239 4086,3239 4176,3239 4265,3245 4355,3239"/>
                <TextEquiv>
                    <Unicode>bueux, die ugens</Unicode>
                </TextEquiv>
            </TextLine>
            <TextLine id="tr_1_tl_16" custom="readingOrder {index:15;}">
                <Coords points="3641,3435 4399,3348 6211,3383 6319,3205 3645,3299"/>
                <Baseline points="3663,3346 3752,3352 3842,3352 3931,3358 4021,3352 4110,3352 4200,3346 4289,3346 4378,3346 4432,3323 4444,3317 4534,3317 4623,3317 4713,3317 4802,3317 4892,3311 4981,3311 5071,3305 5160,3305 5250,3305 5339,3305 5428,3299 5518,3299 5607,3299 5697,3299 5786,3299 5876,3299 5965,3293 6055,3293 6144,3293 6234,3293 6323,3299"/>
                <TextEquiv>
                    <Unicode>auf Lück gestellt ohne Na und diese Tragödin zu ischen Tür</Unicode>
                </TextEquiv>
            </TextLine>
            <TextLine id="tr_1_tl_17" custom="readingOrder {index:16;}">
                <Coords points="4395,3502 6113,3544 6312,3491 6316,3334 6078,3393 5764,3331 5509,3407 5411,3352 4399,3397"/>
                <Baseline points="4414,3472 4444,3466 4534,3466 4623,3466 4713,3466 4802,3466 4892,3466 4981,3466 5071,3460 5160,3460 5250,3460 5339,3454 5428,3454 5518,3454 5607,3454 5697,3448 5786,3448 5876,3448 5965,3448 6055,3442 6144,3442 6234,3442 6323,3442"/>
                <TextEquiv>
                    <Unicode>und Angel sollten Sie sich nicht auch so</Unicode>
                </TextEquiv>
            </TextLine>
            <TextLine id="tr_1_tl_18" custom="readingOrder {index:17;}">
                <Coords points="3655,3589 3718,3582 3739,3561 3798,3547 3819,3547 3858,3582 3903,3589 3949,3561 4001,3568 4001,3421 3945,3435 3914,3421 3865,3449 3844,3432 3805,3446 3725,3400 3655,3414"/>
                <Baseline points="3675,3484 3764,3484 3853,3484 3943,3484 4009,3490"/>
                <TextEquiv>
                    <Unicode>meer</Unicode>
                </TextEquiv>
            </TextLine>
            <TextLine id="tr_1_tl_19" custom="readingOrder {index:18;}">
                <Coords points="4402,3659 5834,3725 6267,3645 6270,3484 6085,3547 5020,3491 4933,3565 4406,3512"/>
                <Baseline points="4420,3627 4486,3627 4575,3627 4665,3627 4754,3627 4844,3621 4933,3621 5023,3615 5112,3609 5202,3609 5291,3609 5381,3609 5470,3603 5560,3603 5649,3609 5739,3603 5828,3603 5918,3603 6007,3603 6097,3597 6186,3597 6276,3597"/>
                <TextEquiv>
                    <Unicode>nahe gehen lassen. Vor acht Tagen konnte</Unicode>
                </TextEquiv>
            </TextLine>
        </TextRegion>
    </Page>
</PcGts>
