6680 4312
6009 285 6172 541 73
4079 504 6251 703 Herbot von der Türe zurück, ein stolzes Lächeln
4076 730 6284 932 geht über sein Antlitz.Eintge Mal rasch auf und
4089 862 6221 1018 ab,sieht wieder auf die Uhr.Geste:Es ist noch
4072 1041 6301 1210 Zett. Plötzlich fällt ihm etwas ein.Er klingelt)
4082 1187 4868 1380 Bov (tritt ein).
4072 1317 6341 1542 Herbot: Ich lasse meine Frau bitten heraufaukom-
4301 1486 4523 1658 men.
4079 1612 4540 1814 Bay (ab).
4079 1751 5820 1930 Sophie(ist hereingetreten von links).
4072 1904 6271 2093 Herbot (wie er sich zufällig ummendet, erblicht
4311 2116 6172 2232 ste) Oh,Du warst da daneben - Du hast -
4072 2242 6158 2441 Sophie: Ich bin die ganze Zeit hier gewesen.
4082 2401 6477 2607 Herbot: Die ganze Zett - so. (Na,'s ist begrotflich.
4082 2557 5840 2729 Sophie: Meine Aufregung war zu gross.
3578 2540 3989 2736 Mevres
3611 2693 3996 2825 sont di.
4089 2696 6311 2908 Herbot: Kann mir's denken.) Na und bist Du jetzt
3558 2799 3950 2951 Sophie. Es
4364 2852 4842 3021 beruhigt?
3545 2882 4122 3041 Met der verlaubt.
3542 3018 3976 3177 H. D. A. Wirth
4089 3008 4964 3200 Sophie: Beruhigt -
3519 3124 4003 3263 at the retur...
4082 3097 6244 3363 Herbot: Was es ja t Du es war doch (einfach herr-
3505 3220 3940 3333 der wieder
3485 3293 3936 3432 restant til.
4298 3283 6304 3462 lich. Ich will Dir nicht verhehlen, ich habe
3492 3379 3989 3509 were kind in.
4918 3409 5515 3522 tawpenste
3495 3426 4135 3615 wie er hr. versich
4328 3439 6304 3625 eine gewisse Freude von mir gehabt. Das es
3485 3528 4178 3741 dep. it undeliet.
4311 3595 6211 3840 mir so gelingen würde. Und ich bin erot
3578 3704 3734 3800 bei
3595 3711 4245 3883 1. Öt-  ist verserte
3661 3820 4464 3966 Lever sie with
3661 3807 6324 4029 allein fäur-nicht ein:    4 a5 wesenbleibt vol. de komst sa
