6696 4232
5934 324 6106 478 20
4091 450 5642 701 Sophie: Das wäre noch die Frage.
4114 613 6376 810 Braenle: Gar keine Frage. Nach dieser Krise sotd
4353 777 6322 976 Ihr ja erst recht glückliche Eheleute ge¬
4342 962 6322 1126 worden, ein geradezu berühmtes glückliches
4339 1080 6393 1272 Ehepaar. bis zum heurigen Sommer wenigstens.
4358 1227 6280 1413 Und nun werden Sie wieder glücklich wer¬
4370 1387 4567 1550 den.
4446 1494 4769 1640 tiller)
4114 1542 5366 1767 Sophie: Berümmt glücklich.
4133 1702 5386 1891 Braenle: Warum denn nicht?
6261 1759 6486 1908 Sr
4133 1820 6216 2062 Sorhte: Diesmal - ich glaub nicht mehr dran.
6311 1849 6494 2043 6th
3700 1950 4207 2164 gleich-wär
4316 2003 6230 2212 (Wenn ich auch wieder zurückgekommen bin
3669 2107 4221 2245 en vint met
3661 2192 4271 2330 Dari isle n'est
4358 2161 6418 2333 und wenn es vielleicht sein letzter Beitrug
3720 2293 4176 2456 gelesen.
4373 2304 6199 2487 bleibt denn diese Sommergeschichte war
3697 2392 4235 2541 en vie schict
3706 2513 4218 2698 sile deux
4330 2535 6283 2665 doch was ganz anderes, die ging haarscharf
3723 2653 3948 2822 dra
4342 2690 5408 2811 an der Tragöd te vorbei
4097 2825 4842 3036 Braenle: Na na.
4097 2969 6283 3098 Sophie: Diesmal war es nicht nur eine Infamie,
4347 3165 6207 3256 die er an mir verübt hat, auch an andern
4322 3286 6207 3497 Menschen hat er sie begangen. Eigentlich
4330 3461 6238 3647 darf ich gar nicht dran denken, sonst be¬
4330 3596 6159 3832 greif ich kaum, dass ich wieder da bin.
