6728 4312
4102 521 4817 712 Herbot. Sophie
4086 665 6277 873 Herbot: Eine Seele von einem Menschen.Abermit
4324 842 6249 1036 dem letzten Vertrag bin ich ihm schön ho-
4330 1025 6257 1222 reinge fa 11 m/Na, er wird sohon noch mit vac
4330 1152 6310 1341 herausrücken müssen, oder ich geh doch noch
4310 1307 6241 1501 nach Amerika. Hier zahlen sie ja doch nur
4346 1465 6174 1690 Hungerlöhne. Na Sophie, (unvermittelt)
4307 1618 6244 1795 so ist man also richtig wieder betsammen.
5781 1776 6449 1933 in your nits than
4307 1762 5601 1933 me in Schatz. (er um rmt sie)
5803 1881 6282 2030 sine blonds.
4064 1911 4712 2119 Sophie: Aber:
4515 2047 4687 2166 jetzt
4083 2047 6210 2271 Herbot: Und sag einmal,Du hast mich ernstlich
3543 2180 4055 2413 S. Hieslinist
4307 2224 6191 2415 verlassen vollen? Sag einmal, wenn ich Dir
3571 2368 4066 2523 ge cte -adro
4288 2366 5493 2565 nicht geschrieben hätte —
3579 2468 4039 2640 lasser in.
4061 2501 5856 2740 Sorhie: Du hast mich ja schon gefragt.
4058 2665 6205 2859 Herbot: Also Du hättest es wirklich über Dich
4288 2828 6288 2992 gebracht, hättest mich mit ruhigem Gewissen
4274 3003 6227 3163 ellein gelassen, allein unter lauter sein-
4280 3116 5390 3324 don?. Neider... Leiven
4044 3252 6269 3460 Sophte: (Wenn Du mir nicht geschrieben hättest,
4216 3446 6155 3612 so wäre ich nicht zurückgekommen. Und wer
4263 3576 6188 3825 weiss, ob Deine Briefe genügt hätten, erst
