6712 4312
4378 484 6445 699 Grund für Deine plözliche Abreise, scherzend,
4649 602 5572 705 des terres Reises
3659 638 4021 799 auf de
4386 636 6315 868 von etnem Wasserrohrbruch. Oh, ich habe De¬
3615 743 3999 895 tippe en
3590 774 4262 1012 wammendwort
4397 801 6390 965 tails erfunden, ganze Briefstellen von Dir.
3734 857 4287 1141 Herrn der Tor
4535 884 6288 1012 his work of the " Verentingen" fast de ne Alvens
4367 965 6229 1122 Ja, liebe Sophie, leidht war es nicht und
4386 1122 6379 1304 weiter die Zeit verbringen, als wäre nichts
4383 1277 6100 1476 geschehen, baden, frühs tücken,segeln -
4157 1410 6379 1642 Sophie: Als wäre nichts gesehehen - Die Tage und
4408 1553 5500 1755 die Nächte. (wil kan)
1161 1578 1437 1849 F.
4162 1711 5693 1929 Herbot: Sophie, ich schwöre Dir -
1152 1813 1374 1993 .4.
4187 1879 6398 2073 Sophie: Nein, nichts mehr, keine Schönwe mehr. dte
4397 2029 6229 2192 sich auf Vergangenes beziehen.Das Ver¬
4403 2128 6274 2333 gangene ist begraben, für alle Zeit Aber
4419 2313 6357 2485 die Zukunft, Konrad, die gehört uns, wenn Du
4408 2479 6343 2639 willst, Konrad. (leidenschaftlich) Konrad,
4419 2603 6359 2791 sei mehr, ich beschoöre Dich, sei wahr, Kon-
4416 2753 6321 2977 rad. Es ist nichts leichter, es brauht nur
4433 2921 6467 3087 einen Entschluss. Ich versteh ja alles, aber
4430 3079 6288 3250 ich bitte Dich, spiele keine Lomödie vor
4419 3217 6428 3466 mir. Ich was a ja gar nicht vor Du bist und
4414 3386 6332 3601 Du muss t doch irgendwor sein.Auch jetzt,
4422 3562 6393 3737 alles, was Du geredet, das bist nicht Du, es
