6680 4280
3939 463 6056 678 Herbot: No, das — Geh,was fragst Du mich denn
4176 640 4843 831 solche Dinge.
3924 953 6247 1118 Braenle (tritt ein) Ja, sag mal, bist Du denn toll.
4150 1118 6236 1329 Dreiviertel sieben. Ich hab mir gedacht, ich
4153 1283 5876 1425 schau selber herüber was da los ist.
3924 1379 6053 1564 Herbot: Na Du glaubst ich brauch dreiviertel
4147 1549 6221 1749 Stunden, um mich in den Hamlet zu verkleiden!
3924 1700 6183 1862 Braenle: Schau, dass Du hinüberkomns t. Eine Stunde
4150 1851 6183 2027 vor Beyinn haben die beschäftigten Darctel-
4142 1972 6172 2143 ler - Im übrigen komit heute der Kronprinz.
3890 2103 5158 2337 Herbot: Wiel Mit Jemahlin?
3890 2279 4866 2497 Braenle: Und Suite.
3893 2453 6073 2656 Herbot: Na was sags t Du. Da bring ich Dir also
4124 2598 6076 2801 auch wieder die Gesellschaft in die Bude.
4107 2737 6152 2948 Hast Du nicht geschwind noch die Preise er¬
4107 2922 6192 3105 höht? Na wir wollen heute doch noch ein ern-
4104 3041 6105 3235 stes Wort wegen des neuen Vertrages reden.
4104 3203 6030 3392 Insbesondere wegen des Urlaubs. Im Feber
4211 3310 4515 3409 reisen
4101 3348 5717 3557 nollen wir nämlich an die Riviera.
3872 3493 5025 3664 Braenl: Willst Du wohl.
3858 3574 5952 3835 Herbot: Nd auf Wiedersehent Also Sophie, heut
4229 3736 5810 3962 meant dit geschreven
