6744 4232
4338 399 6070 600 Stadtwohnung versperrt liess, dass er
4351 534 6225 769 schwor sie nicht wiederzubetreten,es s###
4351 699 5654 897 denn, Arm in Arm mit Ihnen?
4123 854 6294 1069 Sophie: Ach Gott, hier im Hotel ist es für alle
3704 825 4011 1049 Esqr
3662 990 4054 1145 Eide du
4358 970 6340 1181 Fälle bequemer für einen Jungesellen, noch
3632 1085 4219 1270 en hâlt. wais
4348 1125 6076 1333 dazu gegenüber dem Theater. un
3599 1217 4140 1392 Anbequem.
5855 1138 6565 1369 Unterwärtigkeiten
4130 1356 6251 1550 Brehnle: (Sie haben immer ein Nisi.Also machen
4368 1435 6208 1656 wir Schluss und reden wir ernschaft vor
3741 1448 4189 1643 ne ses
3695 1583 4311 1758 aberjenig!-
4364 1603 6182 1791 allem vünsche ich ein Versprechen u on
3678 1696 4196 1831 Ist trüs acht
3678 1795 4262 1920 mois près jusqu'ici
4364 1765 6409 1946 Ihnen, darum bin ich eigentlich da, abgesehen
3708 1860 4226 2002 de - nd
4381 1923 6116 2085 von der Gratulation: Dass Sie mir nie
3790 2019 4278 2207 Ich - t was
4374 2055 6113 2263 wieder solche Geschichten machen, dass
3589 2167 4239 2411 für Geschichten
4407 2213 5925 2395 Sie ihm nie wieder davondaufen.
4137 2339 6268 2566 Sophie: So. Wollen wir nicht gleich einen Kon-
4387 2527 6218 2738 trakt aufsetzen mit Konvent tonals trage.
3619 2698 6274 2966 he-kon- (Bromle: Ach -te s ind imstande und zahlen mir
4387 2890 6373 3008 dann die halbe Millton, wenn Sie Lust haben
3599 2903 4156 3091 lubte. et tat
4394 3008 6146 3210 kontraktbrüchtig zu werden. Ich wünsche
3582 3022 4255 3206 et cœur Afahrs.
3619 3157 4153 3299 Et colle, et
4384 3121 6287 3358 einen Schwur aus Ueberzeugung, das können
3632 3276 3916 3434 reli
4427 3289 6340 3477 Sie mir doch nicht übel nehmen. Man möch-
4397 3467 6155 3629 te doch solchen Elementerereignissen
4387 3569 6386 3777 doch nicht mitten in der Saison ausgesetzt
