6680 4232
4361 473 6255 673 Person hundert Mal dieselbe Rolle spielt
4330 662 6379 805 an hundert Abenden ihr seine Liebe erklärt,
4413 826 6218 956 sie hunderte Mal glühend umarmt, es ist
4348 984 6283 1114 ja fast wie eine Schicksalsnotwendigkeit.
4348 1088 6296 1265 Schon bei der Fremtere,wie's so ein Ric¬
4366 1278 6250 1468 senerfolg wurde,hab ich's geadnt. Ich war
4361 1416 6250 1564 gewissermassen gefasst darauf.Es war nur
4361 1571 6296 1720 die Frage nach der nieuielten Vorstellung
4366 1699 5844 1907 die Katastrophe erfolgen würde.
4122 1847 6205 2052 Braenlei: Es war schon nach der neunten.Also
4348 2021 6125 2187 dem Riesenerfolg dürfen Sie nicht die
4348 2184 6328 2372 Schuld geben. Und nach der acht"ndwanzig¬
4366 2353 5130 2543 ston war es aus.
4127 2470 5878 2691 Sophie: Sie führen genau Buch,Doktor.
4122 2657 6179 2842 Braenle: Nun ja, man ist doch auch ein wenig
4348 2803 6338 2964 der Vater. Und ich will Ihnen sogar geste-
4348 2917 6304 3138 hen, vor's nicht bald ausgewesen zwischen
4348 3127 6224 3257 den Beiden, so hätt ich das Rautendelein
4348 3213 6208 3444 anders besetzt. und zwar dusschliesslich
4364 3405 6343 3574 Ihretwegen, Frau Sophie.Denn gar so gleich-
4356 3533 6263 3751 gültig,wie Sie heute glauben machen vol-
