6728 4136
4731 344 5212 506 où il a eut
5751 342 6519 554 Sollichs Wien sagen:
3593 324 4197 521 Schmesler Sir
3559 476 4239 623 recht aufwürst
4396 416 6307 663 wie er's manchmal im Leben liebt. Es wäre
3559 591 4187 738 es est une voir
4396 626 6224 798 kurz gesagt sein Ruin gewesen, wenn Sie
3536 671 4259 823 besser in this!-
4401 791 6394 945 unversöhnlich geblieben wären, Frau Sophie.
3549 813 4095 955 - Décitera-
5661 880 6232 995 sothane Weises
3591 905 4127 1060 Dr. C. F.C.
4396 960 6217 1077 Was, das freut/Ste doch? Und so verehrte
3603 1020 4120 1187 Eudihichere!
4384 1062 6172 1259 Frau, mögen Sie die zahlreichen Briefe
4439 1219 6247 1436 verzeihen mittelst deren der ergebenst
4382 1392 6202 1564 Unterzeichnete wieder in die Arme ihres
4391 1554 6379 1721 Gatten zu filhren vereucht-hat zu versuchen
4389 1693 6100 1878 so frei zu sein die Ehre gehabt hat.
4132 1853 6075 2025 Sophio: Sie sind ein guter Mensch, Doktor,
4581 1953 4935 2052 Nous 1z
4132 2017 6092 2199 Brehnle: Ein guter Direktorsagen - ie. Das
5237 2117 5529 2224 gensat
4369 2190 6357 2337 akzeptiere ich. Hab alles nur für's Schau¬
4377 2304 6327 2496 spielhaus getan.Dass nebstbei auch Herbot
4364 2431 6314 2613 seinen Vorteil davon hat, rein persönlich
6082 2581 6337 2676 schläger
4364 2601 6362 2791 das kümmert mich (verdammt) ven tgl. Sympathi-
4359 2788 6362 2968 soher ist mir sohon, dass auch Sie, verehrte
4349 2925 6244 3127 Frau, bei dieser Gestaltung der Dinge am
3716 3020 4192 3172 de Knt
4354 3050 6302 3229 allerbesten wegkommen. Ihr gehört nun ein-
3723 3140 4249 3289 The austelle
4359 3192 6289 3404 mal zusammen Sie müssen ihn nehmen wie er
3678 3247 4264 3394 was the collt.
3703 3374 4224 3559 Oto? Mr F.J
4372 3359 6122 3551 ist. Mit den Gentes hat man eben seine
4349 3509 6125 3736 Plage, die Direktoren geradeso wie die
