6584 4376
607 1760 959 1934 G.C.H.F.P.
375 1884 727 2112 G.C.H.F.P.
4274 560 6219 805 sagen? Wo wollen Sie denn heute noch hin?
4026 758 6279 989 Sophte: Wohin immer. Vielleicht nur in ein ande¬
5525 909 5853 1006 Nalieu
4261 915 5904 1133 res Hotel,vielleicht nach Salzburg.
4030 1076 5756 1301 Braenle: Und was soll ich ihm sagen?
4010 1264 6125 1418 Sophie: Dass ich von seiner heutigen grossen
4238 1405 6199 1606 Szene zu sehr erschüttert war, um noch den
4234 1525 5548 1737 Hamlet vertragen zu können.
4006 1686 5900 1898 Braenle: Nur keine Witze oder was sonst.
3446 1760 3936 1991 Sontré alors
4006 1871 6095 2085 Sophie: Also, da ich ja nicht wissen kann, wie
3409 1944 4057 2139 chie tratchert -
4241 1998 6034 2219 es weiter geht, für's reste was Mildes.
3433 2105 4050 2260 dapit it...
4234 2152 6179 2353 Versprechen Sie ihm oder ich schreibe ihm
3413 2209 3939 2374 Br. Liebe
4231 2307 6175 2508 moryen von Salzburg aus. Ja, sagen Sie ihm
3430 2360 4053 2585 loph' Hene.
4228 2441 6061 2628 das. Ich vertrage die Stadt noch nicht,
3426 2491 4090 2675 sir chei it lebe
4224 2605 6252 2776 vielleicht in vierzehn Tagen bin ich wieder
3413 2635 3989 2796 vie wieser -
3403 2739 4026 2880 Br. Wocoll
4231 2776 6179 2933 da, heute sagen Sie ihm das wenn ich denn
3409 2843 4063 3024 revi Buiten
3413 2907 6108 3118 heute und abbede. nicht w to dor komme, u trd er schon merken.
5099 3017 5371 3138 alle
3420 3054 4067 3218 men hat davr
4201 3021 6028 3249 Jeden falls muss ich das mit mir selber
3409 3125 4114 3316 men die lubep.
4207 3232 6162 3423 ausmachen. Ihre Briefe werden nichts hei-
3406 3279 3996 3443 licker - sie
4201 3342 5646 3554 fen, das sag ich Ihnen gleich.
3409 3389 3896 3564 an authoris)
3446 3517 3825 3654 adresse
3959 3477 6021 3731 Braenle: Briefe? Wozu? Ich bin ja auch nach
3416 3611 3882 3755 nto to me
4177 3678 6289 3906 Klein-Reifling geladen. Ich holte Sie percön-
3436 3721 3896 3886 the Am-n-
3436 3835 3825 4003 à rolle...
