6664 4232
5894 290 6058 483 23
4325 446 6145 647 Braut gehandelt hat, was freilich nicht
4350 630 6256 808 immer eine Steigerung bedeutet. Gewissens-
4328 776 6224 922 fragen hat er sich nie abgegeben.Er ist
4330 920 6130 1103 eine viel zu elementare, sagen wir rund
4330 1056 6261 1210 heraus, gesunde Natur.-—Und ehrlich gestan¬
4338 1234 6085 1393 den, ich hätte auch nicht gedacht, dass
4313 1358 6274 1532 Sie die Sache so kribblig auffassen. Wenig-
5406 1487 5684 1581 am ses
4338 1544 6306 1725 stens an Ort und Stelle erhielt man durch-
4330 1691 6041 1849 aus nicht den Eindruck, das will ich
3765 1800 4162 1973 Hale
4338 1797 6219 1981 Ihnen nicht verschieten (Sie liessen die
3753 1943 4125 2080 : 1 ebe
4308 1973 6137 2129 Dinge gehen wie sie gingen. Ja,wenn ich
3678 2033 4120 2201 selaient
4320 2147 6308 2310 ganz ehrlich sein soll, ich hab' mich sogar
4320 2246 6105 2442 ein wenig gewundert. Und wenn ich noch
4338 2444 6259 2613 ehrlicher sein soll, so will ich mich lie¬
4330 2613 6172 2779 ber dahin ausdrücken, ich hätte mich ge¬
3644 2662 4179 2828 Ziebaren N.
4320 2756 6224 2940 wundert, wenn ich Sie nicht selbst zu der
3594 2786 4263 2955 Sira sche erwiltet
4320 2885 6182 3066 krittischen Zeit ein wenig innerlich be-
3602 2913 4060 3106 of N.N.V.
4325 3009 6234 3232 schäftigt gefunden hätte, mit welcher Be¬
3532 3071 4169 3245 Herr.. t. mein
3520 3158 4162 3346 auzenebue scher¬
4320 3188 6142 3383 merkung ich als alter Moralthearetiker
3507 3277 4090 3438 partuer de
4320 3341 6227 3522 und Dranaturg auch auf Sie,verehrte Frau
3493 3396 4187 3579 Baram Cypriani
4325 3505 6318 3701 Sophie, zum mindesten einen Teth der tragt-
3532 3540 4033 3713 in Jacobus
