6728 4232
5945 297 6116 499 24
4366 414 6270 673 sehen Schuld zu überwälzen ich nicht um¬
4366 629 4855 817 hin kann.
4137 728 6174 981 Sophie: Damit scheinen Sie mir nicht einmal
4359 916 6181 1118 so Unrecht zu haben, sonst wär ich wohl
4362 1060 6345 1282 auch nicht wieder zurückgekommen. Ich glau¬
4379 1241 6219 1412 be ja nicht, dass ich die Sache zwischen
4352 1388 6236 1576 Herbot und Datsy hätte aufhaltn können.
4362 1549 6256 1699 aber es ist wahrivöllig schuldlos bin ich
4355 1689 6318 1850 niont. I don't.. nai ut nicht zurückgekommen..
4116 1860 6239 2020 Bramle: Und ob Ihnen nicht heute viel wohler
4352 2000 6492 2144 zu Mute wäre — rhetorische Frage des
3853 2109 6202 2362 brief — Theoretikars — wenn Sie töllig schuldig —
4355 2291 5104 2482 geworden wären.
4113 2400 6109 2612 Sophie: Vielleicht.Aehnliche Gedanken sind
4284 2615 6133 2762 auch mir in meiner Einsamkeit gekommen,
3737 2670 4171 2838 Und de
4345 2738 6147 2933 an der Sie übrigens früher zu weifeln
3860 2807 4147 2964 bliet et
3562 2885 6311 3121 Hier herein Si schmon. Je suis un consombeil ici.
3549 3022 3908 3162 Titabe
4113 3050 6284 3251 Braenle: Nein, liebe Frau Sophie, ich habe nicht
3525 3132 4020 3265 Newarends
4332 3220 6068 3381 ernstlich daran gezweifelt. Ich kenne
3593 3234 4068 3374 Vortees
3586 3344 3962 3545 ( V. 26)
4263 3347 6222 3556 Sie. Nämlich dann, wären Sie nicht zurück-
4325 3508 6154 3716 gekommen. Nur aus der Einsamkeit konn¬
