<?xml version="1.0" encoding="UTF-8" standalone="yes"?>
<PcGts xmlns="http://schema.primaresearch.org/PAGE/gts/pagecontent/2013-07-15" xmlns:xsi="http://www.w3.org/2001/XMLSchema-instance" xsi:schemaLocation="http://schema.primaresearch.org/PAGE/gts/pagecontent/2013-07-15 http://schema.primaresearch.org/PAGE/gts/pagecontent/2013-07-15/pagecontent.xsd">
    <Metadata>
        <Creator>prov=READ-COOP:name=TrHtr:version=2.1.0:model_id=51170:date=29_07_2023_15:07</Creator>
        <Created>2023-05-10T13:09:58.949+02:00</Created>
        <LastChange>2023-07-29T15:07:26.719+02:00</LastChange>
        <TranskribusMetadata docId="1428563" pageId="55409717" pageNr="198" tsid="131437344" status="IN_PROGRESS" userId="64420" imgUrl="https://files.transkribus.eu/Get?id=JNAHDZCMJOSJKQXIKQJOURRE&amp;fileType=view" xmlUrl="https://files.transkribus.eu/Get?id=DXTUYSQRJIZAHHZXGKXHMILA" imageId="44683862"/>
    </Metadata>
    <Page imageFilename="1428563_0198.jpg" imageWidth="6712" imageHeight="4312">
        <ReadingOrder>
            <OrderedGroup id="ro_1711794253800" caption="Regions reading order">
                <RegionRefIndexed index="0" regionRef="tr_1"/>
            </OrderedGroup>
        </ReadingOrder>
        <TextRegion id="tr_1" custom="readingOrder {index:0;}">
            <Coords points="4007,547 6485,547 6485,3957 4007,3957"/>
            <TextLine id="tr_1_tl_1" custom="readingOrder {index:0;}">
                <Coords points="4273,631 6096,665 6359,642 6362,450 6110,396 5734,541 4746,456 4273,509"/>
                <Baseline points="4288,609 4306,609 4395,609 4485,603 4574,603 4664,603 4753,603 4843,603 4933,603 5022,609 5112,609 5201,609 5291,603 5381,603 5470,603 5560,603 5649,603 5739,603 5828,603 5918,597 6008,597 6097,597 6187,603 6276,603 6366,603"/>
                <TextEquiv>
                    <Unicode>lichs te Beleidigung ins Gesicht schleudern.</Unicode>
                </TextEquiv>
            </TextLine>
            <TextLine id="tr_1_tl_2" custom="readingOrder {index:1;}">
                <Coords points="4021,857 4350,770 6212,807 6234,668 5776,614 4021,679"/>
                <Baseline points="4037,758 4091,764 4180,764 4270,764 4359,764 4449,764 4538,764 4628,764 4718,758 4807,764 4897,764 4986,758 5076,752 5166,758 5255,752 5345,752 5434,752 5524,752 5613,752 5703,758 5793,758 5882,752 5972,752 6061,752 6151,752 6241,752"/>
                <TextEquiv>
                    <Unicode>(die meiner Ansicht nach überhaupt denkbar ist.)</Unicode>
                </TextEquiv>
            </TextLine>
            <TextLine id="tr_1_tl_3" custom="readingOrder {index:2;}">
                <Coords points="5049,852 6382,849 6331,758 6209,807 6082,756 5785,801 5694,761 5485,798 5049,770"/>
                <Baseline points="5064,836 5136,830 5225,830 5315,830 5404,824 5494,818 5584,824 5673,824 5763,824 5852,824 5942,818 6032,824 6121,824 6211,830 6300,824 6390,824"/>
                <TextEquiv>
                    <Unicode>whereunter - and men on. that his</Unicode>
                </TextEquiv>
            </TextLine>
            <TextLine id="tr_1_tl_4" custom="readingOrder {index:3;}">
                <Coords points="4285,928 4836,920 5063,999 5193,928 6076,951 6209,894 5957,821 5383,869 4904,792 4285,826"/>
                <Baseline points="4300,913 4335,913 4425,907 4515,907 4604,907 4694,907 4783,907 4873,907 4962,907 5052,913 5142,907 5231,907 5321,907 5410,901 5500,901 5590,901 5679,901 5769,901 5858,901 5948,901 6037,895 6127,901 6217,889"/>
                <TextEquiv>
                    <Unicode>nachden Sie mir zumuten, dass ich, ein ver¬</Unicode>
                </TextEquiv>
            </TextLine>
            <TextLine id="tr_1_tl_5" custom="readingOrder {index:4;}">
                <Coords points="4279,1081 6203,1104 6223,957 5425,1016 4582,934 4279,1002"/>
                <Baseline points="4294,1063 4347,1063 4437,1063 4527,1057 4616,1057 4706,1057 4795,1057 4885,1057 4974,1057 5064,1057 5154,1057 5243,1051 5333,1051 5422,1051 5512,1051 5602,1051 5691,1057 5781,1051 5870,1051 5960,1051 6049,1051 6139,1051 6229,1057"/>
                <TextEquiv>
                    <Unicode>heirateter Mann, der seine Gattin anbotet,</Unicode>
                </TextEquiv>
            </TextLine>
            <TextLine id="tr_1_tl_6" custom="readingOrder {index:5;}">
                <Coords points="4290,1254 5369,1214 5960,1290 6175,1251 6178,1095 4293,1092"/>
                <Baseline points="4306,1212 4389,1212 4479,1212 4568,1212 4658,1206 4747,1206 4837,1206 4927,1206 5016,1206 5106,1206 5195,1206 5285,1206 5375,1200 5464,1200 5554,1206 5643,1206 5733,1200 5822,1200 5912,1200 6002,1200 6091,1200 6181,1206"/>
                <TextEquiv>
                    <Unicode>dass ich ein junges Mädchen, eine Braut,</Unicode>
                </TextEquiv>
            </TextLine>
            <TextLine id="tr_1_tl_7" custom="readingOrder {index:6;}">
                <Coords points="4290,1415 6192,1370 6138,1254 4933,1316 4644,1231 4290,1254"/>
                <Baseline points="4306,1367 4317,1361 4407,1367 4497,1361 4586,1361 4676,1367 4765,1361 4855,1361 4945,1361 5034,1361 5124,1355 5213,1355 5303,1355 5392,1355 5482,1355 5572,1349 5661,1355 5751,1355 5840,1349 5930,1349 6020,1349 6109,1349 6199,1355"/>
                <TextEquiv>
                    <Unicode>die Braut eines,verzeihen Sie, ich hatte</Unicode>
                </TextEquiv>
            </TextLine>
            <TextLine id="tr_1_tl_8" custom="readingOrder {index:7;}">
                <Coords points="5847,1443 5920,1429 5988,1452 6022,1423 6039,1443 6068,1443 6090,1423 6118,1435 6158,1432 6161,1373 6133,1364 5991,1378 5946,1358 5909,1381 5889,1373 5850,1387"/>
                <Baseline points="5864,1421 5900,1421 5990,1421 6079,1415 6169,1415"/>
                <TextEquiv>
                    <Unicode>out is the</Unicode>
                </TextEquiv>
            </TextLine>
            <TextLine id="tr_1_tl_9" custom="readingOrder {index:8;}">
                <Coords points="4290,1531 6215,1545 6218,1421 5949,1480 5581,1381 4293,1412"/>
                <Baseline points="4306,1522 4341,1522 4431,1516 4521,1516 4610,1516 4700,1516 4789,1516 4879,1516 4968,1516 5058,1510 5148,1510 5237,1510 5327,1510 5416,1510 5506,1505 5596,1505 5685,1505 5775,1505 5864,1505 5954,1505 6043,1505 6133,1505 6223,1505"/>
                <TextEquiv>
                    <Unicode>Gründe es zu glauben, eines "grundes".- Sie</Unicode>
                </TextEquiv>
            </TextLine>
            <TextLine id="tr_1_tl_10" custom="readingOrder {index:9;}">
                <Coords points="4290,1695 5518,1664 5892,1721 6135,1667 6138,1548 4293,1576"/>
                <Baseline points="4306,1684 4353,1672 4443,1672 4532,1672 4622,1672 4712,1672 4801,1672 4891,1666 4980,1660 5070,1660 5160,1660 5249,1654 5339,1660 5428,1654 5518,1654 5607,1654 5697,1654 5787,1654 5876,1654 5966,1654 6055,1642 6145,1636"/>
                <TextEquiv>
                    <Unicode>fragen mich, mich einen Kerl, den Sie für</Unicode>
                </TextEquiv>
            </TextLine>
            <TextLine id="tr_1_tl_11" custom="readingOrder {index:10;}">
                <Coords points="4290,1840 6150,1871 6418,1845 6418,1729 4964,1687 4290,1769"/>
                <Baseline points="4306,1827 4365,1833 4455,1827 4544,1827 4634,1821 4724,1821 4813,1821 4903,1821 4992,1821 5082,1821 5172,1821 5261,1815 5351,1815 5440,1815 5530,1821 5619,1821 5709,1821 5799,1821 5888,1815 5978,1815 6067,1815 6157,1809 6247,1809 6336,1809 6426,1803"/>
                <TextEquiv>
                    <Unicode>einen Schurken halten, der es vielleicht ist.</Unicode>
                </TextEquiv>
            </TextLine>
            <TextLine id="tr_1_tl_12" custom="readingOrder {index:11;}">
                <Coords points="4426,1933 4706,1885 4819,1933 5035,1882 5468,1927 5547,1905 5547,1845 4426,1854"/>
                <Baseline points="4443,1887 4532,1881 4622,1875 4712,1875 4801,1875 4891,1875 4980,1881 5070,1881 5160,1875 5249,1881 5339,1881 5428,1881 5518,1887 5554,1887"/>
                <TextEquiv>
                    <Unicode>und [illegible] eine Cuichion!</Unicode>
                </TextEquiv>
            </TextLine>
            <TextLine id="tr_1_tl_13" custom="readingOrder {index:12;}">
                <Coords points="4290,1987 5881,1973 6240,2032 6195,1851 5179,1939 4290,1907"/>
                <Baseline points="4306,1976 4365,1982 4455,1976 4544,1976 4634,1976 4724,1976 4813,1976 4903,1976 4992,1976 5082,1970 5172,1970 5261,1970 5351,1970 5440,1970 5530,1970 5619,1970 5709,1970 5799,1964 5888,1964 5978,1964 6067,1970 6157,1964 6247,1970"/>
                <TextEquiv>
                    <Unicode>Ich bedauere, Ihnen die Antwort verweigern</Unicode>
                </TextEquiv>
            </TextLine>
            <TextLine id="tr_1_tl_14" custom="readingOrder {index:13;}">
                <Coords points="4290,2156 6169,2171 6311,2151 6314,2015 4800,1984 4290,2057"/>
                <Baseline points="4306,2138 4347,2132 4437,2132 4527,2132 4616,2132 4706,2126 4795,2126 4885,2126 4974,2126 5064,2126 5154,2120 5243,2120 5333,2114 5422,2114 5512,2114 5602,2114 5691,2114 5781,2114 5870,2114 5960,2114 6049,2114 6139,2108 6229,2108 6318,2108"/>
                <TextEquiv>
                    <Unicode>zu müssen (Ich habe nicht Lust es zu richte¬</Unicode>
                </TextEquiv>
            </TextLine>
            <TextLine id="tr_1_tl_15" custom="readingOrder {index:14;}">
                <Coords points="4290,2326 6022,2323 6234,2272 6234,2179 4587,2139 4290,2219"/>
                <Baseline points="4306,2287 4359,2287 4449,2281 4538,2281 4628,2281 4718,2281 4807,2275 4897,2275 4986,2275 5076,2275 5166,2275 5255,2275 5345,2275 5434,2269 5524,2269 5613,2269 5703,2269 5793,2269 5882,2269 5972,2269 6061,2263 6151,2269 6241,2263"/>
                <TextEquiv>
                    <Unicode>ren, dass mir auf meine einfache Antwort:</Unicode>
                </TextEquiv>
            </TextLine>
            <TextLine id="tr_1_tl_16" custom="readingOrder {index:15;}">
                <Coords points="4273,2434 6240,2451 6311,2417 6311,2270 6096,2329 4726,2287 4273,2346"/>
                <Baseline points="4288,2430 4347,2430 4437,2430 4527,2430 4616,2430 4706,2430 4795,2430 4885,2430 4974,2430 5064,2424 5154,2424 5243,2424 5333,2424 5422,2424 5512,2424 5602,2418 5691,2418 5781,2412 5870,2418 5960,2418 6049,2418 6139,2418 6229,2412 6318,2418"/>
                <TextEquiv>
                    <Unicode>Herr, Sie sind eben daran einer Infamte zum</Unicode>
                </TextEquiv>
            </TextLine>
            <TextLine id="tr_1_tl_17" custom="readingOrder {index:16;}">
                <Coords points="5592,2490 5940,2479 5997,2513 6246,2490 6481,2527 6478,2394 6433,2377 6246,2448 5855,2442 5785,2414 5592,2437"/>
                <Baseline points="5607,2478 5697,2478 5787,2478 5876,2478 5966,2478 6055,2484 6145,2490 6235,2490 6324,2496 6414,2496 6485,2490"/>
                <TextEquiv>
                    <Unicode>it euver neveu dans les</Unicode>
                </TextEquiv>
            </TextLine>
            <TextLine id="tr_1_tl_18" custom="readingOrder {index:17;}">
                <Coords points="4296,2635 6458,2595 6424,2507 5479,2442 4296,2482"/>
                <Baseline points="4312,2574 4401,2580 4491,2580 4580,2580 4670,2580 4759,2580 4849,2580 4939,2580 5028,2580 5118,2580 5207,2574 5297,2574 5387,2574 5476,2574 5566,2574 5655,2574 5745,2574 5834,2574 5924,2580 6014,2574 6103,2574 6193,2574 6282,2574 6372,2568 6462,2574"/>
                <TextEquiv>
                    <Unicode>Opfer zu fallen, dass Sie mir darauf erwiedern:</Unicode>
                </TextEquiv>
            </TextLine>
            <TextLine id="tr_1_tl_19" custom="readingOrder {index:18;}">
                <Coords points="4279,2745 5360,2790 5932,2728 6045,2779 6243,2731 6246,2598 4282,2638"/>
                <Baseline points="4294,2735 4365,2735 4455,2735 4544,2735 4634,2735 4724,2729 4813,2735 4903,2735 4992,2729 5082,2729 5172,2729 5261,2729 5351,2729 5440,2723 5530,2723 5619,2717 5709,2717 5799,2717 5888,2717 5978,2717 6067,2717 6157,2717 6247,2717"/>
                <TextEquiv>
                    <Unicode>(Herr Herbot,Sie lügen.) Also da - te veder</Unicode>
                </TextEquiv>
            </TextLine>
            <TextLine id="tr_1_tl_20" custom="readingOrder {index:19;}">
                <Coords points="4273,2921 5572,2943 5844,2884 6034,2935 6237,2878 6240,2765 5391,2802 4752,2745 4276,2836"/>
                <Baseline points="4288,2884 4359,2884 4449,2884 4538,2884 4628,2884 4718,2884 4807,2884 4897,2884 4986,2884 5076,2884 5166,2884 5255,2878 5345,2878 5434,2878 5524,2878 5613,2878 5703,2872 5793,2872 5882,2872 5972,2872 6061,2872 6151,2872 6241,2872"/>
                <TextEquiv>
                    <Unicode>mir glauben noch Ihrem Fräulein - raut, die</Unicode>
                </TextEquiv>
            </TextLine>
            <TextLine id="tr_1_tl_21" custom="readingOrder {index:20;}">
                <Coords points="4279,3056 5162,3051 5292,3105 5436,3042 6133,3056 6087,2904 5272,2972 4856,2895 4279,2918"/>
                <Baseline points="4294,3039 4347,3039 4437,3039 4527,3039 4616,3039 4706,3033 4795,3033 4885,3033 4974,3033 5064,3033 5154,3033 5243,3033 5333,3027 5422,3033 5512,3033 5602,3033 5691,3033 5781,3027 5870,3027 5960,3027 6049,3027 6139,3027"/>
                <TextEquiv>
                    <Unicode>Sie wahrsche inlich schon gefragt haben.</Unicode>
                </TextEquiv>
            </TextLine>
            <TextLine id="tr_1_tl_22" custom="readingOrder {index:21;}">
                <Coords points="4273,3209 6118,3215 6237,3206 6237,3076 5824,3028 5315,3121 5128,3054 4273,3088"/>
                <Baseline points="4288,3195 4359,3195 4449,3189 4538,3189 4628,3189 4718,3189 4807,3189 4897,3189 4986,3189 5076,3183 5166,3183 5255,3183 5345,3183 5434,3183 5524,3183 5613,3183 5703,3183 5793,3183 5882,3183 5972,3177 6061,3177 6151,3177 6241,3183"/>
                <TextEquiv>
                    <Unicode>verziehten wir doch Beide auf eine uner-</Unicode>
                </TextEquiv>
            </TextLine>
            <TextLine id="tr_1_tl_23" custom="readingOrder {index:22;}">
                <Coords points="4290,3365 5937,3368 6234,3339 6237,3254 5957,3198 4293,3243"/>
                <Baseline points="4306,3344 4359,3338 4449,3332 4538,3332 4628,3332 4718,3332 4807,3332 4897,3332 4986,3332 5076,3332 5166,3326 5255,3326 5345,3326 5434,3326 5524,3326 5613,3326 5703,3320 5793,3320 5882,3320 5972,3320 6061,3320 6151,3320 6241,3314"/>
                <TextEquiv>
                    <Unicode>gnickliche, unserer haun ganz vürdige Aus-</Unicode>
                </TextEquiv>
            </TextLine>
            <TextLine id="tr_1_tl_24" custom="readingOrder {index:23;}">
                <Coords points="4302,3506 6336,3521 6382,3356 4302,3382"/>
                <Baseline points="4317,3493 4329,3493 4419,3493 4509,3487 4598,3487 4688,3487 4777,3493 4867,3487 4957,3487 5046,3487 5136,3487 5225,3487 5315,3481 5404,3481 5494,3487 5584,3481 5673,3481 5763,3481 5852,3475 5942,3475 6032,3475 6121,3481 6211,3475 6300,3481 6390,3475"/>
                <TextEquiv>
                    <Unicode>einandersetzung und auf Wiedersehen in einem</Unicode>
                </TextEquiv>
            </TextLine>
            <TextLine id="tr_1_tl_25" custom="readingOrder {index:24;}">
                <Coords points="4290,3671 4582,3639 4910,3673 5377,3639 5411,3671 5462,3648 5462,3509 5060,3552 4290,3515"/>
                <Baseline points="4306,3655 4395,3643 4485,3637 4574,3631 4664,3637 4753,3637 4843,3637 4933,3637 5022,3637 5112,3631 5201,3631 5291,3631 5381,3631 5470,3637"/>
                <TextEquiv>
                    <Unicode>Jener beliebten Wäldehen.</Unicode>
                </TextEquiv>
            </TextLine>
            <TextLine id="tr_1_tl_26" custom="readingOrder {index:25;}">
                <Coords points="4511,3727 4616,3707 4786,3753 4933,3716 5581,3716 5618,3707 5618,3600 5411,3668 4511,3639"/>
                <Baseline points="4527,3702 4550,3702 4640,3708 4730,3708 4819,3714 4909,3708 4998,3714 5088,3708 5177,3714 5267,3708 5357,3702 5446,3702 5536,3696 5625,3696"/>
                <TextEquiv>
                    <Unicode>nicht deren sie ist hy</Unicode>
                </TextEquiv>
            </TextLine>
            <TextLine id="tr_1_tl_27" custom="readingOrder {index:26;}">
                <Coords points="4053,3860 6000,3829 6251,3809 6325,3690 4780,3753 4378,3654 4222,3753 4053,3730"/>
                <Baseline points="4067,3810 4091,3810 4180,3804 4270,3804 4359,3804 4449,3798 4538,3798 4628,3798 4718,3798 4807,3792 4897,3792 4986,3792 5076,3792 5166,3792 5255,3786 5345,3786 5434,3786 5524,3786 5613,3786 5703,3786 5793,3786 5882,3786 5972,3780 6061,3780 6151,3780 6241,3774 6330,3780"/>
                <TextEquiv>
                    <Unicode>Edgar: Ich habe Fräulein Datey nicht gesprochen.</Unicode>
                </TextEquiv>
            </TextLine>
            <TextLine id="tr_1_tl_28" custom="readingOrder {index:27;}">
                <Coords points="3990,3999 4590,3939 5380,4013 5521,3962 5765,4036 5821,4019 5818,3829 5558,3883 5207,3829 3987,3857"/>
                <Baseline points="4007,3941 4096,3941 4186,3935 4276,3935 4365,3935 4455,3935 4544,3929 4634,3929 4724,3929 4813,3929 4903,3929 4992,3929 5082,3929 5172,3929 5261,3929 5351,3929 5440,3923 5530,3935 5619,3941 5709,3947 5799,3947 5828,3947"/>
                <TextEquiv>
                    <Unicode>(dich krüne im aber neh.. (erst jetzt das:) —</Unicode>
                </TextEquiv>
            </TextLine>
        </TextRegion>
    </Page>
</PcGts>
