6728 4232
5965 346 6155 536 30
4444 463 6227 634 brauchen Sie keine zu schiessen — Sie
4435 583 6266 787 wahrsehe inlich auch nicht, Frau Sophie?
4148 726 6356 985 Sophie: Ach hören Sie doch auf. Im übrigen er
4435 966 6445 1125 lädt mich wirklich ein.Aber für länger in-
4435 1066 6325 1209 als für ein paar Tage. Na hören Sie nur.
4818 1181 5409 1295 5 Toutes huit. d
4435 1237 6470 1435 (liest) "Ich bin derselbe der ich im Sommer
4419 1365 6428 1521 war.Wenn Sie eines Freundes bedürfen,rufen
4433 1544 6400 1678 Sie mich oder besser noch, kommen Sie.Mein
4419 1644 6512 1890 Leben gehört Ihnen. Ich bin frei und allein.
4430 1800 6222 1985 Wenn Sie es auch sind, Frau Sophie, nur
4416 2018 6392 2200 dann, so froi (innerlich und äusserlich, wie
4430 2107 5716 2308 ich es fast vermuten darf -
4134 2258 6372 2515 Braenle: (etwas brüsk unterbrechend) Seine Ver¬
4407 2487 5284 2596 mutung ist falsch.
4957 2504 6272 2652 Tils 4. ich bin werde etc.    in
4120 2627 6247 2800 Sophie: Gewiss. So wie die Ihrige falsch var.
4424 2724 6199 2922 Und wenn Sie die Absicht haben, lieber
4399 2931 6481 3101 Doktot in der nächsten Zeit seiner Einladung
4407 3056 6303 3221 Folge zu leisten,so grüssen Sie ihn von
4419 3196 6378 3411 mir, sagen Sie ihm, dass mir sein Brief cus
4407 3327 6428 3548 Brioni hieher nachgeschickt worden ist und
4413 3489 6261 3724 dass ich nie daran gedacht habe meinen
