6764 4344
6047 411 6214 571 56
4664 524 4855 649 over
4365 545 6261 754 gend ein anderer, der sich nicht die Milha
4415 712 4651 807 nabry
4358 736 6280 903 ntamt seinen Besucher etwas genauer anzu-
4365 911 6343 1050 schen und sich zu fragen, ob in diesem Fall
4347 1027 6185 1194 mit der behannten Schablone auszukommen.
4365 1173 6199 1414 ist. Ob schuldig oder nicht, Sie muss ten
4358 1328 6214 1569 sich in gleicher Weise benehmen. Und am
4352 1501 6204 1681 Ende könnte ich Sie totgeschossen haben
4347 1626 6157 1836 und wüsste so wenig als jetzt.Denn ich
4358 1794 6353 1954 veiss nicht, ich wolfle nur. Es gibt Leute,
4347 1930 6193 2121 die sich's bequemer machten als ich. Dass
4352 2079 6175 2250 das Gericht überhaupt entstehen konnte,
4352 2239 6199 2409 gäbe mir vielleicht Recht genug Sie zur
5581 2378 6361 2504 Ist nicht unter
4342 2391 5515 2582 Rechenschaft zu ziehen.
5596 2464 6185 2579 old paid to
4609 2532 4834 2619 ull
4109 2548 6217 2755 Herbot: So gehen Sie doch zu Ihrer Braut Herr
5612 2666 6049 2786 rei tenlich
4347 2676 6225 2886 Gloi.Fragen Sie stah doch, dayt sie je, es
5897 2823 6248 2920 alers.
4365 2836 6235 3009 Is t wahr, so tat dte Sache sofort gelöst,
4530 2967 5405 3080 ...    il s'est du vif
4365 2985 6146 3156 sagt sie nein, so können wir immer noch
4368 3137 4999 3226 wose uiterred.
4358 3122 6259 3328 die Szene fortsetzen, wo wir sie untorbr »
5526 3279 5832 3389 elstet
4926 3289 5083 3399 afe
4345 3292 6230 3522 chen haben. Und sie wird ja sagen, wenn es
4352 3438 6240 3658 wahr ist. Die Frauen sind solcher Tortur
4363 3582 6183 3850 nicht gewehsen. Gehen Sie Herr Glat,
