6830 4344
5889 292 6060 469 82
3997 505 6415 749 steht er unbemerkt für Edgar auf die Uhr. dann geht
3994 737 6174 929 er wieder im Zimmer hin und her, als könnte er
3994 890 4617 1092 nicht reden.)
3991 1023 6313 1200 Edgar: Machen Ste's kurz. Es ist wahr. Ja, ich will
4232 1122 6307 1332 nicht mehr wissen.Sagen Sie ja und ich, ich
4238 1302 6313 1507 retse auf ein paar Monate,auf ein Jahr fort,
4232 1462 6382 1648 nichts anderes und will sehen wie ich's trage.
4232 1612 6358 1783 Sagen Sie ja und ich will Wien verlassen ohne
4220 1753 6183 1946 Daisy zu sehen.Aber sprechen Sie endlich.
3997 1940 6244 2132 Herbot: Menschenkind,wie einfach sehen - te noch
4250 2054 6277 2241 die Welt. Ja und nein und Wahrheit und Lüge
4220 2220 6177 2424 And Treue und Intreue.Nein, so einfach ist
4244 2370 6229 2586 es nicht. Betm Himmel es gäbe nichts Billi-
5468 2472 6087 2571 he he wentre
4250 2544 6105 2722 geres als den Eid zu leisten, den man ja
4244 2671 6247 2878 leisten dürfte, ohneus ich gegen menschliche
4241 2833 6186 3041 und göttliche Gesetze zu vergehen. Ja, es
4244 2965 6159 3185 väre die bequemste Angelegenheit von der
4241 3152 6256 3320 Welt,wenn man einer von denen wäre, die ihr
4250 3293 6220 3462 Gewissen damit beruhigen könnten, dass sie
4238 3471 6292 3621 Ja am Ende nicht mehr zu sagen brauchen, als
4247 3582 6313 3832 ste gefragt wurden. Und es wäre die einfach-
