6680 4296
4250 243 6283 462 nicht wegen der Rehrenleits. Überserte
4829 354 5479 506 " A cebrt
5949 345 6145 497 68
4051 459 6403 679 Herbot: Sie war fort, ja. Ich hab ihr alles gestan¬
4285 641 6327 822 den. Ich habe keine Geheimnisse vor ihr. Sie
3712 652 4227 857 s tout de -
4285 772 6397 983 wollte erst wiederkommen, wenn ich ihr schret¬
3712 819 4113 956 aller to
3659 880 4206 1068 Neul amt diese
4291 974 6300 1120 ben konnte, dass der letzte Funken in mir er¬
3647 1044 3969 1246 Brief
4291 1071 6186 1269 loschen ist. Vor drei Tagen hab ich's ihr
4288 1269 6183 1430 geschrieben. Seit gestern ist sie wieder
4297 1389 6186 1562 da. Und morgen wird der alte Herbot sein
4285 1533 5180 1749 Heim wieder haben.
4051 1638 6379 1922 Edgar: Adieu, Herr Herbot, ich bitte Sie Ihrer Frau
3516 1720 3908 1872 x &c
3548 1787 3881 1925 ne &c
3551 1852 4048 2042 ceant celle.
4297 1854 5584 2024 von mir die Hand zu kilssen.
3566 1980 3852 2094 to my
4060 1983 6327 2176 Herbot: Das will ich tun. Ein Engel sag ich Ih-
1261 2115 1419 2282 G.C.F.P.
4338 2118 6239 2302 nen. Ich verdiene ihn nicht. Ueberhaupt,
3577 2220 4156 2366 Erp. Warihale
3530 2308 4124 2454 me w all der
4309 2267 6420 2477 ohne Ihnen nahe zu treten Herr Glet, die Frau-
3533 2398 4086 2542 nicht gesagt:
4309 2445 6458 2676 en sind besser als wir, sie leiden schöner. Und
3548 2507 4048 2685 H. Rihall
3513 2565 4224 2761 Recht... Fiscolles
4306 2606 6400 2814 lassen Sie auch mich eine Bitte nagen: Quälen
3510 2700 4186 2881 Siécen not claron
4314 2726 6204 2981 Sie Daisy nicht. Oh, Sie werden ihr alles
3545 2849 4154 2998 Cavei!— Weil
4309 2905 6178 3106 sagen, selbstvers tändlich, Sie werden ihr
3554 2960 4174 3103 cib c. deurs
3568 3048 4156 3232 quade which
4311 3039 6280 3282 auch erzählen, dass ich Ihnen diesen Brief
3539 3174 3911 3343 ertal
4075 3215 6338 3402 Edgar: (nimnt ihn und blickt ihn rasch durch) So
4314 3367 6295 3533 wahr er hier in den Flammen verglüht, notn,
4314 3519 6391 3732 niemals. Von diesem Briefe, nie. Sie haben mein
