6744 4232
6005 269 6172 482 12
4186 440 6172 667 Brehnle: No sagen wir wie ein Schlosskind.
4186 653 6194 814 Sophie: Da habt Ihr aber vorher jedenfalls
3638 709 4308 922 me Ville Sept
4422 789 5418 991 Champagner getrunken.
3616 886 4137 1027 me    u cher
4186 941 6332 1124 Brehnle: Das will ich nicht in Abrede stellen
3563 980 4076 1143 selit wieder
3569 1105 4087 1243 segt. in
4189 1096 6418 1271 Sophie: Ach er kann wetnen, wann es ihm beliebt.
5961 1182 6136 1276 al
3552 1199 4092 1379 en in Freiheit
4411 1240 6462 1418 Das gehört ja zu seinem Geschäft. Champagner
3588 1335 4092 1506 gelasse ist
4433 1409 6213 1573 trinkt er auch, wenn ich nicht da bin.
4186 1570 6235 1750 BrehnIe: Ja, das Leben geht seinen Lauf, sagt
4616 1670 5153 1797 a même dres
5233 1656 6332 1811 man so wolle in
4436 1730 5000 1894 ein Dichter.
5366 1747 6529 1897 alle in uns schicket erget
4186 1861 6266 2046 Sophie: Ich hätte nicht wiederkommen sollen.
4186 2010 6357 2182 Brehnle: Sie wären jedenfalls wiedergekommen
3638 2121 4161 2290 selbst an
4424 2171 6288 2329 auch ohne meine Briefe, vielleicht etwas
3680 2243 4339 2378 See den jegoherei.
4427 2298 6360 2500 spätor/oder auch früher, man kann ja nicht
4430 2472 6374 2661 wissen. Sie sind ja ein Widerspruchsgedst.
4444 2608 6310 2821 ielleicht hatten meine Briefe eine re-
4436 2769 5388 2965 tardierende Wirkung.
4862 2871 5072 2965 Fol. 4.
4189 2910 6219 3123 Sophie: Aber ich hätte nicht kommen sollen.
4186 3023 6401 3262 Brenlei Möglich. Aber nun da Sie da sind, ist es
4419 3209 6468 3428 Jeden falls gut.) Wir vollen uns Alle in unser
4405 3331 6476 3547 Sondchsal ergeben und heute nach dem Hemlet
5859 3483 6307 3574 Ende 11¾...
5028 3494 5238 3594 llen
4419 3547 6390 3727 einige Flaschen Champagner auf die glück-
