6712 4312
5900 291 6070 473 51
4284 417 6247 616 lich um etne Engelegenheit von ungeheurer
4284 571 6261 767 Wichtigkeit. Ich komme direkt von der Bahn
4301 750 5393 941 zu Ihnen. Aus Salzburg.
4054 924 5085 1078 Herbot: Aus Salzburg?
4077 1002 6322 1249 Edgar: Nun ja.Ieh bin dort be i der Bezirkshaupt-
3654 1120 3990 1344 friher:-
4301 1240 5547 1397 mannschaft wie Sie wissen.
4068 1341 6244 1532 Herbot: Ja,natürlich. Direkt von der Bahn? Ch.
4304 1523 6062 1677 das ist ja eine grosse Ehre.Also noch
4318 1655 6160 1876 bevor Sie Ihr Fräulein Braut besuchen -
4088 1823 6121 1991 Edgar: (Fräulein Datsy Winkler ist mit thren
3968 1935 6157 2195 ren (— Eltern in Salzburg) Sie weiss nichts von
4318 2120 6163 2313 dieser Reise. Sie glaubt, ich habe in der
3763 2150 4161 2293 Sie glaubt
3746 2234 4172 2422 melt in S.
4376 2243 6331 2492 tatthalterei hier zu tuh.) Es handelt sich
5382 2394 5698 2495 Ruis u jus
4329 2402 6356 2598 nämlich um meine Braut. Es geht ein Gerücht
4337 2551 6180 2764 um, Herr Herbot, dass Sie heuer im Sommer
4337 2699 6182 2890 der Geliebte des Fräulein Datsy Winkler
4329 2943 4976 3086 gewesen s ind.
4116 2990 6177 3234 Herbot: Oh, über die schurktsche Verleumdung.
4337 3192 6409 3352 Wer sagt das? Wer wagt es? Ich bin xxxungs-
4332 3388 5023 3520 los, Herr Glet.
4122 3461 6297 3713 Edgar: (Ihn unterbrechend) Pardon,es ist klar,
4348 3604 6202 3839 dass Sie dieses Gerücht als Verleumdung
