6728 4312
5968 441 6132 606 34
4298 586 6336 737 wieder vollkomene Blödsinn vorgekommen.
3717 586 4010 771 Esq
4521 667 4809 768 précis.
3644 704 4158 891 ratielholl...
4289 718 6060 896 Nur wenn's dann auf der Bühne steht —
4069 885 6275 1028 Braenle: Und Du selbst die Hauptrolle spielct -
4052 1044 6297 1231 Herbot: Das pflegt gewiss nicht von Nachteil zu
4289 1153 6305 1368 sein.Aber (soll ich Dir was sagen. Der Kluge,
4295 1352 6241 1494 der bin ich) Wenn Du ehrlich bist,musst Du
4331 1500 6275 1653 es doch selbst zugestehen, das ganze Thea-
4298 1636 6370 1832 terzeug ist ein absoluter Stiefel, Coulissen,
4284 1798 6216 1980 Hintergründe, Vorhang herauf und herunter,
4284 1974 6183 2133 der weisse Kasten vorn mit so einem Kor!
4295 2092 4549 2262 drin.
4041 2268 5792 2449 Braenle: Na den lass nur ungeschoren.
4756 2362 5719 2466 die sogenanter Heintell
4041 2416 6264 2575 Herbot: Und wir Komödianten, im Leben doch sonst
4275 2561 6252 2753 ganz vernünftige Leute,wir stellen uns da-
4278 2712 6113 2865 hin und deklamieren auswendig gelemtes
4482 2826 5546 2921 et obs vos jaix ernst was.
4264 2868 6155 3063 Zeug, manchmal versteh ich gar nicht, dass
3594 3013 4180 3189 dit glaub et drou
4267 3019 6082 3206 die Menschheit auf so was hineinfallen
3577 3102 4158 3267 [illegible]
4708 3147 5733 3262 Eur Asiadien in Licitores
3574 3164 4677 3435 de theaterhemer honnto.
5328 3220 5778 3382 Reniet
4046 3326 5373 3510 Braenlo: Ein tiefer Gedanke.
5077 3387 5780 3546 die Guldenken
4032 3477 6166 3692 Herbot: Natürlich, wenn so was unter die Leute
4923 3588 5644 3692 se ein Schändel
4270 3669 6224 3851 käme, das verdürbe Dir das Geschäft.Na, ich
