6728 4312
6033 437 6204 576 37
4366 508 6327 728 der Brief von Braenle hat es entschieden.
4121 708 6412 882 Herbot: Ach, das sagst Du nur so Uebrigens, es war
6178 793 6481 959 Reuest
4355 870 6330 1007 wirklich eine grässliche Zeit.Ich habe ge¬
4361 1013 6198 1164 spielt wie ein Schwein.Nicht immer, aber
4352 1164 4717 1333 öfters.
4107 1287 5919 1504 Sophie: Ja, das behauptet Braenle auch.
4109 1453 6207 1610 Herbot: Was? Eine Freyheit! Für ihn hab ich
4335 1601 6293 1766 noch lange gut genug gespielt. Ueberhaupt
4338 1755 6350 1943 für die ganze Bande. Zu gut sogar. Das hat
4326 1878 6384 2078 Dir Braenle nur geschrieben, um mich drücken
4372 2069 6227 2226 zu können, den Mann musst Du ers t kennen
4797 2163 6407 2269 in a hundled back, shew hausd er in it and.
4341 2229 6358 2397 lernen. Aber so sind sie alle. Soll teh wir
4352 2374 6330 2551 im Vertrauen was sagen. (Er kann mich nicht
4338 2520 6341 2677 ausstehen, er möchte alles tun, um mich beim
5785 2645 6355 2782 Geschäftzeit.
4318 2677 6158 2862 Publikum in Misskredit zu bringen. Und
4312 2831 6295 3028 jetzt verbreitet er sogar, dass ich zurück-
4318 3005 6273 3142 gehe.aber s te werdem ihm glücklicherweise
4312 3151 6273 3288 nicht glauben. Zum Glück haben sieja Augen
4318 3316 6401 3484 und Ohren. Das Publthum, das hab ich.Noch im¬
4301 3424 6173 3653 mer und noch auf lange. Na und gar erst
4306 3584 6087 3818 Jetzt, jetzt wo u wieder da bist. Ohne
