6648 4312
5862 345 6035 578 74
4301 489 6135 733 allmählich in Stimmung geraten. Anfangs
4310 702 6173 886 war ich siemlich schwach, das musst Du je
4341 845 6262 1049 „gemerkt haben.Aber dann - Du hast Dir des
4312 1006 6150 1176 wohl anders vorgestellt, wie Du hast Dir
4295 1150 6193 1308 gedacht, dass ich einfach alles ableugnen
4301 1297 6144 1512 werde. Aber ich sag es Dirunur Dummköpfe
4324 1484 5129 1656 leugnen. Männer -
4062 1633 4752 1817 Sophie: Lügen.
4074 1705 6322 1929 Herbot: Lilgen!— Aber Sophie! Es var doch allerlot
4301 1880 6357 2102 Wahres dabei, das var gerade das töstliche,
4312 2038 6095 2274 dass Wahres und Falsches durohe tnander
4301 2208 6385 2383 gemenyt var, so dass er es glauben muss te. Und
4312 2363 6158 2550 jetzt, me in Schatz, jetzt kannst Du ruhig
4307 2533 4597 2700 sein.
4065 2631 6319 2878 Sophie: Ruhtgr (Hast Du vergossen?)
4074 2815 4896 3013 Herbot: Was denn?
4062 2973 6305 3157 Sophie: Wenn er später einmal die Wahrheit er¬
4307 3114 6293 3309 führt, so will er, so wird or — —
4384 3252 5109 3370 das ist aufge¬
4062 3269 6302 3441 Herbot: Aber er wird sie ja nie erjahren, es tot
4295 3424 5451 3625 ja vollkommen unmöglich.
4068 3548 6380 3844 Sophie: Unmöglicht Er wird mit seiner Braut spre-
