6664 4344
5777 386 6419 616 Klein Ruflin
4376 521 6236 663 so einem kleinen Ausflug nach Stetermark
5052 605 6498 758 A midi et in.. B meilleers
4376 732 6392 851 bereit wären, von er nicht vielmehr vorzäge
4381 798 5745 928 aber er wurde an hattuen!. Weis
3602 758 4188 986 avitX
4389 817 6318 1049 es nicht zu bemerken. Aber Sie, liebe Frau
3660 922 4062 1128 reek.
4373 996 6474 1189 Sophie, Sie würden anfangen das Leben leichter
4381 1118 6355 1313 zu nehmen und da das Leben und Herbot doch
4424 1282 6091 1472 nahe zu ident###sch für Sie s ind, trotz
4381 1416 6429 1620 alles Ihres Schauderns,so sähe ich in allem,
4376 1572 6326 1784 was Ihnen heute, wie eine Engeheuerlichkeit
4394 1720 6244 1905 vorkommt, nur eine dezidierte Antwort auf
4389 1881 6379 2051 eine Frage, die Ihnen das Schicksal stellt.
4476 2024 4751 2125 aler.
4389 2032 6257 2196 Ich bin nicht für dte Einsamkeit, sondern
3692 2114 4223 2299 heure un
4357 2156 6345 2384 für die Reise nach Klein-Reifling Denn von
3660 2270 4188 2418 me
3660 2381 4173 2584 Enke of mal
4394 2317 6376 2526 dort kommen Sie zu Herbot wieder zurück. Und
4394 2479 6310 2679 darum halte ich es im Interesse der deut-
4394 2632 5660 2825 schen Kunst für notwendig -
4149 2790 6226 2962 Sophie: Lieber Doktor, verzethen Sie, ich muss
4389 2923 6189 3131 anfangen zu packen. Für mich steht nur
4394 3079 6284 3256 das Eine fest, dass ich hier nicht bloibe
4389 3237 6403 3433 und dass mich Herbot hier nicht mehr finden
4394 3435 6326 3596 wird. Dem gegenüber ist wohl alles andere
4389 3623 5037 3760 gleichgültig.
4149 3710 6271 3863 Braenlei Ja, zum Kuckuck, was soll ich ihm denn
