6728 4296
4195 496 4943 699 Fräulein Braut-
3959 614 5485 844 Edgar: Sie haben me in Ehrenwort.
3972 798 5974 978 Herbot: (nach glänzender Pause,n-### greift
4051 926 5931 1119 in seine Brieftasche und nimmt einen
4257 1073 6312 1293 Brief heraus) Dies ist ein Brief von Ihrer
4228 1198 6342 1415 Braut an mich. Nein, nein, lassen Sie, ich will
4231 1388 6296 1566 ihn Ihnen selbst vorlesen,er muss ###m richti-
5282 1454 6151 1579 die Knil die vervestete.
4231 1526 6201 1743 „gen Tone gehört werden, dann können“ te
4251 1638 6220 1891 nehmen und selbst lesen.(Er liest) "Konrad
4244 1841 6253 2022 Herbot, ich flehe Sie anfreisen Sie ab.Drin-
3686 1851 4090 2025 tout à cette
3627 1992 6270 2229 ### den Sie nicht Unglück über Menschen, die Ih¬
3627 1963 4090 2137 (votre ringt)
4264 2104 6178 2354 nen nichts Böses geton haben. Bedenke, Sie,
3647 2186 4159 2449 or his atierent
4277 2291 6319 2478 ich bin am Ende ein junges Mädchen.Bedenken,
5242 2409 6319 2610 fr schon bedeutet haben.
4267 2442 5255 2642 Sie, Herbot, was Sie mich
5242 2531 5521 2629 it was
4287 2514 6355 2777 che ich Sie kannte. Wenn Sie auf der Bühne“
4366 2705 5419 2810 an ein ihre unverglaubliche..
4280 2679 6342 2925 Ach, das können wir ja lassen - "Noch niemals
4284 2889 6230 3122 hat ein Mann Ihrer Art mir gesagt, dass er
5685 2987 5974 3079 vercurs
4294 3043 6181 3223 mich anbetet. Ich bin empört und doch und
4750 3138 5584 3276 Redenk to, kone his
4297 3200 6145 3404 doch — Aber Sie haben eine Frau, die Sie
5321 3299 5541 3401 wth
4294 3348 6361 3532 liebt, ich bin verlobt mit einem jungen Hann,
4326 3486 6204 3670 der mich anbetet und auch ich, ich Lieb o
4336 3584 6319 3834 ahn. Ich liebe nur ihn und verde auch nie¬
6096 3860 6316 4031 o
