6728 4312
4312 451 6322 684 Es war vielleicht ein Schurkenstreich.Aber
4331 631 6207 839 teh war ja bereit dafür zu bezahlen, ich
4331 791 6117 1019 was bereit. nun ich will mich da nicht
4354 958 6334 1143 brüsten)es hätte nicht so viel zu bedouten
4343 1110 6303 1318 gehabt. Du meisst, dass meine Fechtszene in
3858 1200 4146 1374 +??
4337 1256 6297 1459 Hamlet keine üble Nummer ist und auch mit
4357 1402 6438 1628 der Pistole die mir davon - Teihlver¬
4115 1577 5540 1786 Sophie: Was spriehst Du denn?
4123 1712 6384 1915 Herbot: Oh, wie hab ich es ersehnt.An dem morgen,
4362 1887 6213 2090 da ich nach Hause kam aus thren Armen —
4374 2019 6193 2225 Pardon — und fand Dich nicht, nur Deine
4368 2160 6306 2385 paar furchtbaren Worte,meine erste Regung
4376 2312 6280 2529 war. zu ihm, vor ihn hintreten, ich bin ein
4371 2461 6277 2664 Elender ich habe meine Frau verra ten, ich
4382 2616 6345 2836 habe Ihr Braut verführt — Aber so was kann
4391 2805 6469 2971 man ja nicht tun.Es waren bittere Tage diese
4396 2920 6207 3160 fünf letzten auf Land,eh ich nach Wien
4402 3104 6297 3275 zurückfuhr ins Joch und dabei immer noch
4405 3256 5092 3453 lügen müssen —
4162 3396 5173 3616 Sophie: Du meinst -
4168 3526 6351 3751 Herboti Nun ja, ich muss to ja von einem Wasser-
4376 3678 6306 3855 rohrbruch in unserer Wohnung erzählen ale
