6696 4232
5990 364 6156 530 17
4348 460 6272 671 Sie, der Sie das Ganze sozusagen mitange-
4379 677 4968 863 sehen haben.
4144 801 6320 976 Braenle! Mitangesehen. In diesem Sinne habe ich
4136 954 4607 1114 que au soir
4384 959 6286 1145 die Geschichte vor mei oder drei Jahren
4364 1131 6238 1309 auch mitangesehen. Schltesslich Untreue
4376 1264 6393 1453 ist Untreue. Ich weiss wirklich nicht, varum
4396 1428 5146 1611 gerade d te smal —
4144 1540 6148 1794 Sophie: Es gibt Unterschiede, Doktor Damals
4379 1744 6303 1921 hingen nicht noch andre Schicksale dran.
3896 1803 4181 1964 Es we
4246 1873 6232 2074 1) Da hatten wirs nur ujnter einander aus¬
3772 1944 4173 2107 benevble
4379 2110 4816 2212 zumachen.
4144 2144 6229 2398 Braenje: Wieso? Sie waren am Ende auch schon
4379 2347 6181 2542 damals Herbots Frau und hebte ihn und
4384 2491 6320 2658 immerhin war die Andere eine schöne Frau.
4085 2629 6232 2838 (Sophie:) Es war eine Schauptelerin, mit der er
4379 2796 5152 2965 mich hinterging.
4139 2880 6272 3160 Braenle: Hinterging! Ste haben's ja gewusst.
4520 3098 4757 3188 am
4144 3103 6413 3278 Sophie: So ein Fhtlinchen, eine, die schon aller.-
4379 3236 6322 3419 let erlebt hatte und keinerlei Verpflich-
4384 3408 6074 3594 tungen nach anderer Seite hatte. Und
4370 3546 6238 3758 schliesslich, wenn ein Mann mit so einer
