6664 4296
3725 285 6301 509 Nacht ich bei die treue mit dem Justizentbekehr¬
5184 387 5488 573 an
5747 477 6285 672 will do it.
4314 429 5658 688 erklären. Edgar Glet war da.
5846 582 6304 758 Hauld
4003 637 5267 877 (Braenle: Glet? Weiss was?
5926 704 6429 947 sater menait.
4022 794 5254 1027 Sophie: Er hat was gehört;
4022 979 4755 1123 Braenle: Duell?
5014 925 6266 1130 Es hat ein Büßler ernicht..
5645 1059 6381 1197 La nécessité de
4022 1120 6198 1299 Sophie: Was fällt Ihnen etc. Ich war die ganze
4243 1238 6240 1440 Zeit hier daneben. Nein, dass ein Mensch so
4291 1398 4854 1606 1ügen kann.
4022 1546 5494 1750 Braenle: Na sein Sie doch froh.
4013 1718 6077 1907 Sophie: Eine vollkommen aus und einstudierte
4237 1859 6154 2067 Sache. (Gl sich abgekartet ###rischen ihm und
4240 2042 6074 2195 dem Mädel. Und der arme Bursch in einer
4218 2163 6186 2381 Weise beschwindelt. Schamlos, sag ich Ihnen.
4243 2320 6138 2515 Und er, me in Herr Gemahl, hat wirklich ge-
4237 2445 6240 2698 meint). ihm eine Geschichte von unglücklicher
4230 2637 6067 2829 Liebe erzählt. als wenn er un Datsy toll
4266 2752 6189 2941 gevorden wäre und sie hätte ihn nicht er¬
4576 2893 4973 2992 either
4237 2944 6096 3110 hört. Dabei ist er Nacht für Nacht zu ihr
4237 3088 4957 3261 durchs Fenster.
3997 3187 6154 3443 Braenle. Aber das ist doch nun alles erledtyt.
4214 3357 6086 3606 Seien Sie doch froh, dass der brave Edgar
4227 3507 6067 3693 glaubt,was man ihm einredet. Es ist doch
4237 3645 6160 3843 besser, dass Herbot geschicht log als unge¬
