6616 4120
4060 469 5172 635 Bay(bringt eine Karte).
4057 673 6058 874 Sophie: (die Karte lesend) Kenn ich nicht..
4062 845 5922 1006 Bay: Die Dame sagt, sie ist herbestellt.
4057 995 6233 1167 Sophie: Herbestellt? Ach wohl von meinem Mann.
3740 1118 6017 1288 (Desiuten) Die Dame möchte in der Halle warten.
4307 1276 4939 1435 (Es klopft).
4051 1446 4798 1587 Sophie: Herein.
4062 1561 6374 1782 Vilma Flarm (tritt ein.Modern,aber nicht sehr ele¬
4284 1754 6227 1918 gant gekleidet. Praeraffaelitische Frisur,
5460 1889 6167 2073 [illegible]
4278 1900 5267 2084 Riesonhut, Flühaugen.
4042 2053 4948 2188 Boy (entfernt sich).
4045 2150 6081 2404 Sophie: (die Karte in der Hand) (wie fragend)
4284 2352 5028 2524 Fräule in Flamm?
4051 2490 6213 2671 Vilma(verzogen) Oh, ich bitte um Entschuldigung.
4278 2665 6106 2829 es ist vielleicht ein Irrtum, ich suche
3766 2656 4071 2832 (in der
3792 2800 4103 2984 miner
4284 2789 6210 2973 nämlich den Herrn Hofschauspieler Herbot.
4025 2958 6101 3154 Sophte: Er ist nicht zuhause. Ich wollte Sie
4290 3108 6141 3300 eben bitten lassen sich in der Halle zu
4252 3278 4738 3424 gedulden.
4039 3384 5940 3640 Vilma: Geduld, das ist leider nicht meine
4269 3591 6017 3812 starke Seite.Ich bin etwas nervös. Oh,
3602 3634 4146 3830 „ immerkeit
