6664 4344
5886 323 6044 506 82
4286 514 6215 732 hätten Sie all das heute mitgemacht, wenn
4306 700 6235 843 Sie nicht ein so fürchterlich anständiges
4323 806 6235 1026 Geschöpf wären. Wie wenig gespenstisch, ja
5481 946 5752 1052 nipart
4303 969 6252 1166 wie lächerlich oder wie heiter vielleicht
4303 1114 6186 1332 küme Ihnen dieser ganze Kerl vor. (Ja wie
4303 1263 6275 1480 Famos hönnten Sie sich mit ihm vertragen.
4066 1417 5786 1606 Sophie: Wenn ich seiner würdig wäre.
4078 1569 6375 1760 Braenle: Das wird natürlich nie der Fall sein, das
4303 1729 6372 1895 hann natürlich nie der Fall sein. Sie blieben
5206 1860 5726 1972 ne sévendall.
3640 1826 4158 2040 & has bleibt
4303 1886 6387 2057 schon vor Sie sind. Sie sähen auch ihn, wie
3618 1986 4158 2169 is i uner
4309 2035 6198 2240 er ist, nur nähmen Sie's eben leichter.
4978 2166 5309 2272 hilut
4298 2169 6467 2357 Was immer Sie begingen bei Ihnen vär natürlich
4303 2332 6246 2503 dogh immer so ein ganz klein bischen Reue
4309 2506 6341 2649 dabet. Selbstvorwürfe, aber am Ende macht die
4298 2629 6255 2849 Reue die sogenannte Schuld doch nur etwas
4298 2757 6286 3000 sohnachhafter schon muss dte Reue sozusagen
4481 2909 6455 3098 Dessert gantossen.... als Sillerie mitren.
4481 3032 6186 3152 wie aber man verdend die hände besse
4078 3112 6275 3300 Sophie: (Hören Sie, lieber Doktor, Sie spüren wohl
4309 3235 6255 3443 gar nicht was für eine höchs t verdächtige
5498 3358 6387 3535 troties woll so euch
4286 3392 5764 3592 Rollo Sie da spielen.) heilte
4052 3520 6249 3740 Braenle: Sie missverstehen mich. Ich rede über-
4323 3680 5738 3835 haupt nur als Theaterdirektor.
