6696 4296
6053 248 6212 460 38
4334 427 6427 631 Dich bin ich ja verloren. Ich wäre abgegangen
4351 603 6155 796 vom Theater. Oder zum Variété, da zahlen
5664 708 6427 867 Croy un tien encore
4365 741 6083 950 ste übrigens viel besser Aber sag, wo
4343 895 6234 1049 warst Du denn eigentlich? Die ganze zeit
3558 1046 3985 1214 bellited
4340 1055 5271 1242 da unten in Brione?
3566 1198 3927 1325 mit ein
4120 1203 6287 1437 Sophie: Du weisst's ja. Ja, vorgestern um diese
3569 1272 4037 1426 the trinhes
4345 1355 6339 1550 Zeit bin ich noch am 'fer des Meers horum-
3588 1415 4026 1572 Von Hanlet
4351 1542 6323 1718 gegangen und war noch gar nicht entschlos¬
4348 1702 4563 1853 sen.
4117 1831 5246 2010 Herbot: Ein gutes Hotel.
4106 1994 4668 2195 Söphte: Ja.
4114 2068 6325 2286 Herbot: Da müssen wir auch einmal zusammen hin-
4345 2302 6248 2454 unter. Uebrigens,Du weisst noch nicht, im
4345 2426 6243 2611 Feber nehm ich Urlaub und wir fahren zu-
4365 2594 6317 2770 sammen an die Rivtera.Das steht fes t.Horr-
4351 2745 6320 2897 gott noch einmal, das hab ich mir doch ver-
4356 2864 6160 3059 dient. Meine Seinsucht, seit ich ein Bub
4345 3013 6292 3164 war und noch nicht erreicht. Heut bin ich
4345 3227 6312 3332 zustunduterzig. Fünfundzwanzig Jahre beim
4351 3354 6325 3517 Theater.Als sechsehnjähroger Jüngling ent¬
4351 3495 5538 3643 lief er - Du weisst doch.
