6728 4232
5922 322 6100 454 29
4466 432 6410 674 dass er in seinem ganzen Leben kein Stück
4455 604 5245 796 geschrieben hat.
4153 762 6410 971 Sophte: Jc, sie haben sehon etwas für steh, dtose
4438 914 6466 1114 Menschen, die gar keine Genies sind, sondern
4455 1052 5473 1227 nur anständige Leute.
4170 1193 6277 1368 Braenle: Na,Anständigkeit, das ist so'n Wort.
4460 1357 6410 1540 Die wundervolle Stunde am Seeufer — u ter
5174 1433 6387 1569 Sie nette ihn nicht litt zu
4680 1484 5047 1580 sitt und
4175 1532 6348 1684 Sophie: Oh, Sie kennen ihn schlecht. Auch damals
4455 1667 6260 1823 hatte er,wie soll ich nur sagen,höchst
4455 1797 6303 2012 ehrbare „bsichten,wie übrigens auch aus
4460 1975 6297 2178 diesem Brief hervorgeht. Nun, Sie sollen
4466 2113 5341 2313 den Schluss hören.
4170 2274 6432 2474 Braenle: Ich ahne ihn.Er lädt Sie auf sein Jagd-
4477 2429 5815 2615 gut nach Klein-Reilling ein.
4184 2590 4932 2799 Sophie: Woher -
4192 2745 6438 2895 Braenle: Mich hat er auch eingeladen,sehon heuer
4477 2906 6325 3089 im Sommer in einer wundervollen Stunde.
4455 3064 6416 3236 Er sagte mir, wenn Sie einmal für ein paar
4486 3196 6495 3357 Tage gründlich aus dem Theaterrummel heraus
4472 3315 6503 3504 wollen, so kommen Sie zu mir nach Klein-Reif
4466 3470 6289 3662 ling.Herrliche Gegend,wir können jeden
4466 3631 6283 3857 Abend mite inander Schach spielen. Hasen
