6744 4232
5772 322 5927 450 25
4239 439 4972 636 ten Sie zurück.
4006 605 6235 805 Sophie: Ah, wie ist man dumm. Warum ist unsereins
4250 802 6163 969 so geschaffen, dass er so völlig an etnem
4239 947 5961 1119 Menschen hängt,so rettungslos, der es
4234 1063 6191 1263 nicht einmall verdient, der es nicht xxx
4250 1249 4686 1427 vers teht.
3995 1391 6216 1574 Braenle: Er versteht es schon auf seine Weise.
5672 1471 5872 1574 Avril
4234 1544 6385 1732 Er liebt Sie auf seine Weise. Sie müssen doch
4250 1716 6380 1868 bedenken für ihn existiert ja die Lüge in Ihr
4245 1832 6061 2027 Ihrem Sinn gar nicht.Er hat ja all das
4234 2004 6330 2174 Schlimme nicht getan, das Sie ihm zumuten. Was
4259 2096 6227 2307 kürmern ihn denn die Schicksal###er Andern###
4245 2288 6185 2465 Was sind denn überhaupt Andere für ihn? Er
4250 2454 6197 2643 spielt immer die Hauptrolle, die Partnerin
4484 2529 4886 2640 nicht eine
4264 2610 6183 2768 ist ihm vielleicht noch gleichberechtigt,
4245 2746 6219 2946 alles andere ist Episedenfigur,Nebenrolle,
4239 2901 6197 3109 Leute, die keinen Abgangsamplaus haben, die
4234 3073 6052 3270 sich gelegentlich hinter dor Same or¬
4239 3218 6072 3393 schiessen und deren Leichname dann von
4239 3348 6235 3540 Holzpeppen gespielt werden oder wenigstons
4234 3506 6111 3687 werden könnten.An solchen Leuten begent
