6696 4312
4244 543 6210 721 erzählt zu haben, ein Wasserrohrbruch.Aber
4280 665 6243 876 morgen oder übernorgen ist sie wieder im¬
4300 820 6318 1024 stande. Sie war vollkommen übeschwemmt. Eine
4293 945 6318 1169 Wirtschaft sag ich Ihnen und ein Sachaden
3780 1103 4191 1264 L.O. C.C.
3618 1133 6266 1333 den wederjärtner von mindestens sehntausend Mark. Ich muss
4293 1268 6173 1475 auch den Verlust mancher unersetzlicher
4293 1445 6345 1617 Dinge bedauern.Alte Handschriften, ich carin¬
4300 1577 6131 1748 le nämlich alte Handschriften!“ber ich
4310 1729 6358 1896 rede da immer von mir!Wie geht's dem Ihnen
4300 1883 6187 2058 lieber Herr Glet? Und wie befindet sich
4310 1989 6358 2245 Ihr Fräulein Traut? Oder hat die Vermählung
4316 2186 5765 2390 vielleicht schon stattgefunden?
4616 2315 5123 2400 e haben wohl
4070 2325 6246 2542 Edhar: Sollten Sie die nzeige nicht erhalten
4372 2473 6371 2693 haben? Sie findet — sie soll in acht Tagen
4330 2650 4926 2851 statt finden.
4083 2756 6410 2980 Herbot“ Natürlich haben wir die Anzeige erhalten.
4475 2930 4692 3016 dite he
4307 2973 6338 3151 Aber denken Sie wieviel Brief und Anzeigen
4330 3098 6378 3289 ich manchmal so an einem Tage erhalte. Ganze
4323 3273 4738 3434 Stösse.
4096 3375 6223 3602 Edgar: Herr Herbotlich ersuche Sie um einige
4336 3526 6325 3750 minuten ruhiges Gehör (Es handelt sich näm-
