6728 4312
5980 240 6143 488 40
4318 423 6394 660 gramme, übrigens kann es auch eine Schwindle¬
4318 594 6326 775 rin gewesen sein. Hol mich der Deiwel, wenn
4318 784 6178 946 ich mich des Namens ilma Flamm zu ent¬
4312 920 4989 1103 sinnen vermag.
4064 1100 6436 1257 Sophie: Du hast überhaupteln schlehtes Gedächtnis.
4075 1230 6282 1411 Herbot: Für so was, na, das fehlte mir noch.Denh
4850 1313 5468 1428 gule se clastlen
4294 1366 6350 1567 Dir, was da drin alles sein muss.Die herrli-
4318 1523 6163 1695 chen Worte der Meis tergestalten unserer
4306 1704 6087 1843 grossen Dichter- und der Janze moderne
4297 1822 6258 2005 Dreek, da soll man sich dann noch an Domen
4300 1990 6205 2177 erinnern, (d te man nie gesehen hat) denen —
4300 2138 6308 2325 übrigens schwör ich Dir, es ist der einzige
4300 2265 6288 2487 Brief, den ich beantwortet habe. Und es soll
4300 2437 6193 2617 der letzte sein für alle Zeit. Ach Gott,
4300 2585 6220 2742 bin ich froh, Sophie, dass ich Pich wieder
4785 2674 6373 2848 Ich bin ja froh – schon ich nicht schreiben
4303 2756 4555 2901 hab.
4980 2771 6347 2913 aussi!.. Ist kam zu der schreiben
4064 2848 6211 3091 Sophie: Konrad, and wird es,wird es nun anders
4300 3040 6166 3206 werden Honrad,wird niemals pieder nio-
4288 3179 5918 3369 mals — ich würd es nicht ertragen.
5324 3218 6388 3372 un celle verssich. Cessere
4528 3289 4782 3401 nicin.
4058 3354 6320 3493 Herbot: (Wovon redest Du denn? Ich bitt Dich, von
4472 3445 4844 3567 gemnen.
4306 3487 6249 3670 der Sache red mir nichts mehr. Das ist für
4288 3602 6172 3771 mich s o weit. Wenn ich sie heute auf
