6696 4312
5107 279 6150 395 don't day it his present...
5107 340 6286 517 K. Verspreche hi witt in nil...
4250 511 4541 639 Wort.
4625 575 4889 712 dents
4038 671 6315 866 Herbot: Ich glaube ihnen, Und darf ich Ihnen noch
4273 842 6310 1031 etwas auf den Weg mitgeben. Wenn Sie's auch
4267 964 6304 1171 in diesem Augenblick ganz zu verstehen noch
4250 1095 6376 1310 nicht imstande sind (d te Sache (hat wahrsche in¬
4247 1232 6205 1458 lich ihr Gutes! Ich glaube, Sie dürfen mit
4247 1441 6318 1636 einem sichereren Gefühl in die Ehe gehen, als
4253 1537 6205 1714 mancher andere junge Mann.  Fräulein Datsy
4235 1711 6330 1882 hat ihr Abenteuer hinter sich. (Dass sie eine
3657 1749 4137 1932 Mr Cheutènes.
4230 1836 6336 2051 Wei le zu schpanken geglaubt hat, davon werden
4230 1981 6211 2199 Sie in Ihrem künftigen Leben den grössten
4244 2135 4979 2373 Vortetl haben.
4003 2266 6336 2478 Edgar: Leben Sie wohl,Herr Herbot. (er reicht ihm
4227 2423 5156 2626 die Hand und geht).
3527 2571 5429 2934 Hecbol. hi wohl pleblen... sind die die Lezeurte...
