6712 4328
5726 299 5896 500 65
4160 506 6042 717 erhalten? Man hat mich Nachts vor ihrem
4165 602 6300 854 Fens ter gesehen. Man hat mich wohl auch Nachts
4173 805 6023 981 im Kahn gegenüber dem Hause - ja - ja —
3940 904 6080 1181 Edgar: Und Daisy hat Sie ruhig angehört? Ihre
3500 967 3849 1143 be sehert
3498 1088 3896 1242 muthute
4179 1124 4926 1308 Briefe gelesen?
3487 1256 3712 1379 1 3d.
3962 1228 5838 1497 Herbot: Gelesen? Das wohl. Geon twortet -
3487 1349 3745 1467 mal
3456 1429 3800 1550 sibis. et
3956 1437 4937 1624 Edgar: Sprechen Sie.
3443 1517 3819 1681 auteil.
3976 1486 6176 1794 Herbot: Wollen Sie mir wenigstens das erlassen,
3429 1668 3901 1838 trer pied
3443 1772 3871 1959 allerie.
4195 1725 4709 1923 Herr Glet.
3470 1833 3934 2017 Red Lieuté.
3976 1846 5036 2107 Edgar: Ich kann nicht.
3440 1937 3893 2138 - tracolle,
3978 1926 6108 2225 Herbot: Nun — so geben Sie mir Ihr Ehrenwort,
3467 2074 3932 2258 he don't time
4234 2151 6220 2366 Herr Glei, dass Sie von dem, was Sie nun er-
4223 2269 6075 2497 fahren, - Nein, es wäre eine Schufterei.
3984 2357 6198 2643 Edgar: Sie sind zu weit gegangen, um jetzt noch
4264 2624 5239 2833 innehalten zu können.
3992 2668 6143 2937 Herbot: Ihr Ehrenport, dass es auch Ihre Braut
4239 2921 6091 3116 nicht erfahren wird. Ihr Ehrenwort,Herr
4256 3107 4520 3289 Glet.
4020 3239 5094 3429 Edgar: Ich kann nicht.
4028 3316 6215 3572 Herbot: So muss ich bedauern, so kann ich nicht
4278 3481 6094 3731 weiter reden.) Bitte gehen Sie zu Ihrem
4418 3723 6034 3885 Hier hören höroller... Ich statt xxx
