6744 4328
342 1551 764 1726 G.C.H.F.P.P
364 1696 603 1860 M. de
704 1967 943 2145 G.C.F.P.
5781 301 5960 589 63
4140 573 6329 745 ste Sache von der Welt,wenn ein Anderer gekomm
4137 723 6239 945 men wären als Sie, gerade Sie Edgar Clei., den
4151 918 6179 1085 ich erst heute kennen lerne,so oft ich ihm
4162 1044 6061 1217 auch die Hand gedrückt. Wenn ein Anderer
4162 1159 6357 1381 gekommen wäre, Einer von den All täglichen, deren
4209 1359 6075 1554 innores Schicksal mir gleichgültig sein
4170 1507 6234 1685 dürfte, den ich wieder in den Alltag entlies-
4168 1655 6121 1841 se,aus dem er gekommen ist. Dem könnt ich
4217 1776 6195 1954 sagen, es ist nichts geschehen.Denn für den
4198 1937 6217 2140 braven Bilrger und Ehrenmann ist ja wirklich
4162 2080 6173 2260 nichts geschehen. Ihnen aber,wenn ich
4176 2230 6209 2411 vielleicht auch grausam nennen werden, Ihnen
4184 2367 6080 2606 kann ich es nicht sagen, denn es wäre die
4181 2554 6203 2781 feigste aller Lilgen, es wäre eine von denen,
4228 2726 6288 2910 die man vor Gericht als Wahrheit beschwöre.
4178 2861 6275 3083 könnte. Oh und es gäbe noch etwas andres Auch
4176 3003 6170 3217 einfach,aber in anderer Art, teuflisch ein-
4184 3192 6297 3348 fach soausagen. Und das wäre Ihnen antworten:
4176 3304 6110 3518 Es ist geschehen, Edger Glet, und Sie beim
4181 3477 6384 3655 Wort nennen. Sie in die Welt hinausschicken und
4184 3628 6176 3792 jubeln, dass man den Weg frei hat, sich vor.
