6712 4312
4189 522 5093 740 Herbot.Edgar Glei.
4189 708 5110 875 Edgar: Gueen Abend.
4189 803 6308 1050 Herbot: Guten Abend,Herr Glei. Ich freu mich
5408 972 5732 1095 Bei ou
4404 986 6372 1193 Sie bei mir zu sehen. Das heisst im Hotel
4195 1147 6366 1368 Edgar: Ich will Sie nicht lange aufhalten. Herr
3708 1210 4063 1431 Das zur
4416 1296 5947 1500 Herbot, Sie spielen heute Abend —
3719 1414 4052 1523 out un
3754 1494 4072 1609 sa miele
4189 1457 6286 1666 Herbot: Ach es ist halb sechs, habe noch eine
4427 1620 6317 1784 gute halbe Stunde Zeit. Sie sehen, ich bin
4534 1738 5262 1838 noch jou anders m
4476 1738 6323 1950 da (eben beschäftigt. Ja, das muss unser¬
4433 1947 6360 2079 einer auch noch - Manuscripte durchsehen,
4462 2030 5620 2122 Woller hie in Blick hierumttann
4422 2047 6059 2260 junge Autoren fördern.Rauchen Sie?
4175 2245 4812 2426 Edgar: Danke.
4181 2337 6486 2601 Herbot: Aber wollen Sie nicht Platz nehmen? - eine
4422 2523 6334 2704 Frau wird sehr bedauern Uebrigens dürfte
4416 2684 5474 2856 sie in der Halle sein.
4181 2787 6286 3011 Edgar (etons erstaunt) Ihre Frau Gemhlin ist
4416 2985 4706 3151 hter?
4175 3117 6409 3318 Herbot: Ja. Natürlich. Wo sollte sie denn sein?
4992 3266 5382 3366 chiele daie
4404 3295 6308 3478 Ach so, Sie wissen, dass sie verreist war.
3860 3306 4270 3484 Einichts:
3771 3450 4184 3604 Gedtied.
4404 3424 6317 3616 Unsere Wohnung war in fürchterlichem Zu-
3659 3550 4158 3713 Es roller
4410 3604 6329 3831 stand. Ich glaube Ihnen ja noch im Sommer
3662 3673 4149 3860 priemt.
4419 3868 4823 4040 erzänt.
