6712 4312
5968 300 6141 436 45
4315 416 6215 663 den Sachen versteh ich noch nichts. Lasst
4315 572 6263 815 mich doch zufrieden mit Euern erwachsenen
4315 787 6280 974 Wetsheiten. Ich gehör ja gar nicht in Eure
4323 929 5702 1118 Gesellschaft. Ein Kind, ja, ja.
4069 997 6237 1280 Sophie: Und dieses 4 und lieb ich, mehr als den
4298 1195 6308 1384 Mann glaub ich manchmal.Konrad, nicht wahr,
4306 1379 6410 1523 jetzt spürst zu auch etwas davon. Und es soll
4326 1529 6181 1707 kein Geheimnis mehr zwischen uns geben.
4077 1676 4989 1886 Herbot' Nie wieder.
4085 1840 6362 2022 Sophie: Auch ich hab noch eines vor Dir, ein ganz
4318 1988 6317 2183 kleines. Das wollen wir auch noch geschwind
3709 1971 3975 2172 soit?
4337 2121 6322 2327 erledigen, (lächelnd) eh das neue Leben an-
4320 2288 6087 2531 geht. Sieh einmal. Das ist ein Brief.
4091 2435 4958 2639 Herbot: Ein Brief.
4085 2602 5059 2809 Sophie: Von Baron X.
4085 2758 6062 2953 Herbot: Et. et.mit dem korrespondierst Du?
4105 2882 6161 3092 Sophie: Nein, wir horrespondteren nicht.Seit
4335 3035 6268 3233 dem Sommer hab ich nichts von ihm gehört.
4318 3163 6294 3398 Nun ist auf irgend eine Wetse das Gerücht
4337 3298 6376 3553 zu ihm gedrungen, dass wir geschieden satan.
4326 3477 6240 3703 Hier Item.Er trägt mir Herz und Hand an.
