<?xml version="1.0" encoding="UTF-8" standalone="yes"?>
<PcGts xmlns="http://schema.primaresearch.org/PAGE/gts/pagecontent/2013-07-15" xmlns:xsi="http://www.w3.org/2001/XMLSchema-instance" xsi:schemaLocation="http://schema.primaresearch.org/PAGE/gts/pagecontent/2013-07-15 http://schema.primaresearch.org/PAGE/gts/pagecontent/2013-07-15/pagecontent.xsd">
    <Metadata>
        <Creator>prov=READ-COOP:name=TrHtr:version=2.1.0:model_id=51170:date=29_07_2023_15:07</Creator>
        <Created>2023-05-10T13:09:51.616+02:00</Created>
        <LastChange>2023-07-29T15:07:12.366+02:00</LastChange>
        <TranskribusMetadata docId="1428563" pageId="55409479" pageNr="148" tsid="131437269" status="IN_PROGRESS" userId="64420" imgUrl="https://files.transkribus.eu/Get?id=DNVOWSLBWYJLQVTNNYQANPWN&amp;fileType=view" xmlUrl="https://files.transkribus.eu/Get?id=KRQHXPORGEFPVJRFOEWTLXLB" imageId="44683624"/>
    </Metadata>
    <Page imageFilename="1428563_0148.jpg" imageWidth="6648" imageHeight="4120">
        <ReadingOrder>
            <OrderedGroup id="ro_1711794168698" caption="Regions reading order">
                <RegionRefIndexed index="0" regionRef="tr_1"/>
            </OrderedGroup>
        </ReadingOrder>
        <TextRegion id="tr_1" custom="readingOrder {index:0;}">
            <Coords points="3522,523 6317,523 6317,3514 3522,3514"/>
            <TextLine id="tr_1_tl_1" custom="readingOrder {index:0;}">
                <Coords points="4310,629 4392,600 4510,639 4677,600 4805,633 4920,593 5110,593 5110,501 5060,524 4946,475 4808,531 4638,531 4474,456 4395,498 4310,472"/>
                <Baseline points="4328,573 4418,573 4508,573 4597,573 4687,579 4776,579 4866,579 4955,579 5045,579 5117,579"/>
                <TextEquiv>
                    <Unicode>Namen vergessen.</Unicode>
                </TextEquiv>
            </TextLine>
            <TextLine id="tr_1_tl_2" custom="readingOrder {index:1;}">
                <Coords points="4107,865 4398,760 6237,787 6237,688 5886,597 5365,678 5011,626 4870,698 4107,646"/>
                <Baseline points="4125,734 4215,734 4305,734 4394,734 4484,734 4573,734 4663,740 4752,740 4842,740 4932,740 5021,740 5111,740 5200,740 5290,740 5379,740 5469,746 5559,746 5648,746 5738,746 5827,746 5917,752 6006,746 6096,752 6185,752 6245,758"/>
                <TextEquiv>
                    <Unicode>Vilma: Ich heisse Vilma Flamm. Ich-hin-nämlich.</Unicode>
                </TextEquiv>
            </TextLine>
            <TextLine id="tr_1_tl_3" custom="readingOrder {index:2;}">
                <Coords points="4343,970 4556,914 5605,908 6076,973 6073,842 5804,793 5523,846 5024,773 4805,832 4339,764"/>
                <Baseline points="4358,883 4448,883 4537,883 4627,889 4717,889 4806,889 4896,889 4985,889 5075,889 5164,889 5254,895 5344,895 5433,895 5523,895 5612,895 5702,901 5791,901 5881,901 5971,901 6060,907 6078,901"/>
                <TextEquiv>
                    <Unicode>Ich ha be nämlich die Absicht mich zur</Unicode>
                </TextEquiv>
            </TextLine>
            <TextLine id="tr_1_tl_4" custom="readingOrder {index:3;}">
                <Coords points="3720,1000 3867,1009 3913,970 3995,987 4130,964 4274,1013 4274,914 4251,921 4179,875 4149,888 4084,839 4035,875 3959,872 3933,898 3894,882 3864,898 3792,846 3720,869"/>
                <Baseline points="3737,967 3743,967 3833,961 3922,961 4012,961 4102,961 4191,961 4281,955"/>
                <TextEquiv>
                    <Unicode>the als. Carrier</Unicode>
                </TextEquiv>
            </TextLine>
            <TextLine id="tr_1_tl_5" custom="readingOrder {index:4;}">
                <Coords points="3661,1085 6290,1124 6286,928 3661,1003"/>
                <Baseline points="3678,1056 3761,1050 3851,1044 3940,1044 4030,1044 4120,1044 4209,1044 4299,1044 4352,1032 4442,1038 4532,1038 4621,1038 4711,1044 4800,1044 4890,1044 4979,1044 5069,1044 5158,1044 5248,1044 5338,1044 5427,1044 5517,1050 5606,1050 5696,1050 5785,1050 5875,1050 5965,1056 6054,1056 6144,1056 6233,1056 6299,1062"/>
                <TextEquiv>
                    <Unicode>Tragödin auszubilden und benütze die Gele¬</Unicode>
                </TextEquiv>
            </TextLine>
            <TextLine id="tr_1_tl_6" custom="readingOrder {index:5;}">
                <Coords points="4316,1226 4356,1219 4392,1236 4441,1213 4497,1232 4513,1219 4602,1255 4644,1242 4684,1275 4759,1255 4762,1150 4723,1157 4592,1101 4546,1127 4457,1085 4320,1085"/>
                <Baseline points="4334,1200 4412,1194 4502,1194 4591,1194 4681,1194 4770,1182"/>
                <TextEquiv>
                    <Unicode>genheit —</Unicode>
                </TextEquiv>
            </TextLine>
            <TextLine id="tr_1_tl_7" custom="readingOrder {index:6;}">
                <Coords points="5542,1223 5559,1223 5595,1245 5611,1229 5637,1226 5664,1200 5680,1213 5716,1200 5752,1213 5752,1108 5723,1105 5696,1118 5670,1095 5624,1108 5598,1091 5542,1105"/>
                <Baseline points="5559,1182 5648,1182 5738,1182 5756,1182"/>
                <TextEquiv>
                    <Unicode>Aber</Unicode>
                </TextEquiv>
            </TextLine>
            <TextLine id="tr_1_tl_8" custom="readingOrder {index:7;}">
                <Coords points="4087,1429 5018,1360 6221,1403 6158,1262 5667,1200 5470,1291 4084,1275"/>
                <Baseline points="4102,1337 4191,1343 4281,1343 4370,1343 4460,1343 4549,1349 4639,1349 4729,1349 4818,1349 4908,1349 4997,1349 5087,1349 5176,1349 5266,1349 5356,1355 5445,1355 5535,1355 5624,1361 5714,1361 5803,1361 5893,1361 5982,1361 6072,1361 6162,1361 6227,1355"/>
                <TextEquiv>
                    <Unicode>Brehnle: Ich nicht, mein Fräulein. In Theater¬</Unicode>
                </TextEquiv>
            </TextLine>
            <TextLine id="tr_1_tl_9" custom="readingOrder {index:8;}">
                <Coords points="4326,1537 5015,1580 5113,1504 6050,1527 6008,1396 5877,1452 5047,1449 4847,1390 4323,1426"/>
                <Baseline points="4340,1492 4430,1492 4520,1492 4609,1492 4699,1492 4788,1492 4878,1492 4967,1498 5057,1498 5147,1498 5236,1498 5326,1498 5415,1498 5505,1498 5594,1498 5684,1504 5773,1504 5863,1498 5953,1504 6042,1504 6060,1504"/>
                <TextEquiv>
                    <Unicode>angelegenheiten bin ich lediglich in</Unicode>
                </TextEquiv>
            </TextLine>
            <TextLine id="tr_1_tl_10" custom="readingOrder {index:9;}">
                <Coords points="4320,1724 4533,1668 4923,1731 5024,1678 5490,1734 5788,1665 6299,1694 6296,1580 6116,1550 5460,1616 4316,1544"/>
                <Baseline points="4334,1642 4424,1642 4514,1642 4603,1648 4693,1648 4782,1648 4872,1648 4961,1648 5051,1648 5141,1648 5230,1653 5320,1648 5409,1653 5499,1653 5588,1653 5678,1659 5768,1659 5857,1659 5947,1659 6036,1659 6126,1659 6215,1665 6305,1665"/>
                <TextEquiv>
                    <Unicode>der Kanzlei von eins bis zwei zu sprechen.</Unicode>
                </TextEquiv>
            </TextLine>
            <TextLine id="tr_1_tl_11" custom="readingOrder {index:10;}">
                <Coords points="4090,1885 4815,1809 5657,1845 5857,1921 6113,1852 6113,1747 6031,1737 4090,1717"/>
                <Baseline points="4108,1803 4197,1797 4287,1797 4376,1797 4466,1797 4555,1797 4645,1797 4735,1797 4824,1803 4914,1803 5003,1803 5093,1803 5182,1809 5272,1809 5361,1809 5451,1809 5541,1809 5630,1809 5720,1809 5809,1815 5899,1815 5988,1815 6078,1815 6120,1815"/>
                <TextEquiv>
                    <Unicode>Vilma: So werd ich mir erlauben morgen oder</Unicode>
                </TextEquiv>
            </TextLine>
            <TextLine id="tr_1_tl_12" custom="readingOrder {index:11;}">
                <Coords points="4330,2042 4480,1996 4520,2006 4543,1983 4647,1970 4710,1986 4752,1966 4824,1993 4916,1966 4916,1908 4749,1852 4703,1888 4618,1862 4530,1904 4484,1904 4448,1875 4330,1878"/>
                <Baseline points="4346,1946 4436,1946 4526,1952 4615,1952 4705,1952 4794,1952 4884,1946 4926,1946"/>
                <TextEquiv>
                    <Unicode>übermorgen —</Unicode>
                </TextEquiv>
            </TextLine>
            <TextLine id="tr_1_tl_13" custom="readingOrder {index:12;}">
                <Coords points="4615,2048 5460,2048 5565,2012 5568,1930 5195,1888 5074,1924 5031,1898 4874,1989 4618,1976"/>
                <Baseline points="4633,2030 4675,2030 4764,2030 4854,2030 4944,2024 5033,2024 5123,2024 5212,2018 5302,2012 5391,2006 5481,2006 5570,2000"/>
                <TextEquiv>
                    <Unicode>Übereiten die sich nicht</Unicode>
                </TextEquiv>
            </TextLine>
            <TextLine id="tr_1_tl_14" custom="readingOrder {index:13;}">
                <Coords points="4071,2196 5024,2117 5985,2166 5955,1957 5598,2058 4071,2019"/>
                <Baseline points="4090,2107 4179,2107 4269,2107 4358,2107 4448,2107 4537,2107 4627,2113 4717,2113 4806,2107 4896,2107 4985,2113 5075,2113 5164,2113 5254,2113 5344,2113 5433,2113 5523,2113 5612,2113 5702,2113 5791,2113 5881,2113 5971,2113 5988,2113"/>
                <TextEquiv>
                    <Unicode>Brehnle: Es eilt nicht, mein Früulein.Wir</Unicode>
                </TextEquiv>
            </TextLine>
            <TextLine id="tr_1_tl_15" custom="readingOrder {index:14;}">
                <Coords points="4300,2320 6312,2327 6312,2186 6142,2150 5677,2222 4300,2170"/>
                <Baseline points="4317,2263 4406,2263 4496,2263 4585,2263 4675,2263 4764,2268 4854,2268 4944,2263 5033,2268 5123,2268 5212,2268 5302,2268 5391,2268 5481,2268 5570,2268 5660,2268 5750,2268 5839,2268 5929,2268 6018,2274 6108,2274 6197,2274 6287,2274 6317,2274"/>
                <TextEquiv>
                    <Unicode>haben keine Vahanz, Gehen Sie zuerst in die</Unicode>
                </TextEquiv>
            </TextLine>
            <TextLine id="tr_1_tl_16" custom="readingOrder {index:15;}">
                <Coords points="3612,2412 3697,2406 3779,2452 3884,2406 4012,2412 4094,2389 4100,2288 4051,2275 4021,2291 3995,2271 3956,2301 3887,2294 3864,2314 3845,2301 3792,2337 3749,2307 3710,2311 3694,2291 3664,2304 3618,2275"/>
                <Baseline points="3630,2394 3654,2394 3743,2394 3833,2388 3922,2382 4012,2382 4102,2376"/>
                <TextEquiv>
                    <Unicode>Au Ritner.</Unicode>
                </TextEquiv>
            </TextLine>
            <TextLine id="tr_1_tl_17" custom="readingOrder {index:16;}">
                <Coords points="4297,2494 6122,2458 6119,2357 6004,2334 5431,2304 4969,2373 4556,2298 4294,2347"/>
                <Baseline points="4311,2418 4400,2418 4490,2418 4579,2418 4669,2424 4758,2424 4848,2424 4938,2424 5027,2424 5117,2424 5206,2424 5296,2424 5385,2430 5475,2430 5564,2430 5654,2430 5744,2430 5833,2436 5923,2436 6012,2436 6102,2442 6132,2442"/>
                <TextEquiv>
                    <Unicode>Provinz.Deutschland ist reich / an guten</Unicode>
                </TextEquiv>
            </TextLine>
            <TextLine id="tr_1_tl_18" custom="readingOrder {index:17;}">
                <Coords points="3658,2527 3717,2550 3779,2534 3802,2550 3897,2504 3923,2524 3989,2497 4025,2524 4107,2504 4123,2379 3995,2416 3956,2399 3887,2406 3769,2458 3713,2429 3671,2438"/>
                <Baseline points="3678,2507 3767,2501 3857,2472 3946,2466 4036,2460 4125,2454"/>
                <TextEquiv>
                    <Unicode>2 - i rp.</Unicode>
                </TextEquiv>
            </TextLine>
            <TextLine id="tr_1_tl_19" custom="readingOrder {index:18;}">
                <Coords points="4300,2593 4490,2612 4533,2583 4736,2606 4870,2583 5041,2612 5116,2599 5116,2524 5051,2497 4939,2530 4854,2494 4788,2524 4611,2488 4497,2517 4343,2478 4297,2494"/>
                <Baseline points="4317,2573 4406,2567 4496,2567 4585,2567 4675,2573 4764,2573 4854,2573 4944,2579 5033,2579 5123,2579"/>
                <TextEquiv>
                    <Unicode>Bahnverbindungen.</Unicode>
                </TextEquiv>
            </TextLine>
            <TextLine id="tr_1_tl_20" custom="readingOrder {index:19;}">
                <Coords points="3500,2671 3556,2661 3631,2694 3772,2638 3871,2684 3910,2674 3920,2547 3874,2570 3838,2540 3704,2547 3612,2501 3510,2527"/>
                <Baseline points="3522,2633 3564,2633 3654,2633 3743,2627 3833,2615 3922,2609"/>
                <TextEquiv>
                    <Unicode>min. on.</Unicode>
                </TextEquiv>
            </TextLine>
            <TextLine id="tr_1_tl_21" custom="readingOrder {index:20;}">
                <Coords points="4074,2789 5437,2737 6201,2806 6198,2671 5824,2632 5231,2691 4071,2622"/>
                <Baseline points="4090,2728 4179,2722 4269,2722 4358,2722 4448,2728 4537,2722 4627,2728 4717,2728 4806,2728 4896,2728 4985,2728 5075,2728 5164,2728 5254,2734 5344,2734 5433,2734 5523,2734 5612,2734 5702,2734 5791,2740 5881,2740 5971,2734 6060,2740 6150,2740 6203,2740"/>
                <TextEquiv>
                    <Unicode>Vilma: So will ich denn - Jedenfalls wird mir</Unicode>
                </TextEquiv>
            </TextLine>
            <TextLine id="tr_1_tl_22" custom="readingOrder {index:21;}">
                <Coords points="4294,2963 4887,2891 5929,2956 5955,2806 5624,2825 5506,2760 5205,2832 4294,2815"/>
                <Baseline points="4311,2872 4400,2878 4490,2878 4579,2878 4669,2878 4758,2878 4848,2878 4938,2878 5027,2878 5117,2884 5206,2884 5296,2884 5385,2884 5475,2884 5564,2889 5654,2889 5744,2884 5833,2889 5923,2889 5965,2889"/>
                <TextEquiv>
                    <Unicode>diese Stunde unvergesslich bleiben.</Unicode>
                </TextEquiv>
            </TextLine>
            <TextLine id="tr_1_tl_23" custom="readingOrder {index:22;}">
                <Coords points="4061,3133 4592,3048 6050,3117 6221,3058 6221,2963 5316,2979 4890,2887 4061,2969"/>
                <Baseline points="4078,3027 4167,3027 4257,3027 4346,3027 4436,3027 4526,3027 4615,3033 4705,3033 4794,3033 4884,3033 4973,3033 5063,3033 5152,3033 5242,3039 5332,3033 5421,3039 5511,3039 5600,3039 5690,3039 5779,3039 5869,3045 5959,3045 6048,3045 6138,3045 6227,3051"/>
                <TextEquiv>
                    <Unicode>Brehnie: Da tun Sie recht daran, mein Fräulein.</Unicode>
                </TextEquiv>
            </TextLine>
            <TextLine id="tr_1_tl_24" custom="readingOrder {index:23;}">
                <Coords points="4303,3241 4392,3228 4500,3261 4530,3238 4638,3235 4677,3199 4713,3219 4733,3199 4762,3215 4802,3205 4795,3091 4661,3117 4634,3104 4585,3130 4493,3114 4431,3071 4375,3110 4300,3110"/>
                <Baseline points="4317,3176 4406,3176 4496,3176 4585,3182 4675,3182 4764,3188 4806,3194"/>
                <TextEquiv>
                    <Unicode>Guten Tag.</Unicode>
                </TextEquiv>
            </TextLine>
            <TextLine id="tr_1_tl_25" custom="readingOrder {index:24;}">
                <Coords points="4077,3402 4625,3428 4864,3353 6050,3441 6047,3228 5985,3219 5726,3300 5306,3199 5057,3271 4077,3235"/>
                <Baseline points="4096,3337 4185,3331 4275,3331 4364,3331 4454,3337 4543,3337 4633,3337 4723,3337 4812,3343 4902,3343 4991,3337 5081,3343 5170,3343 5260,3343 5350,3343 5439,3343 5529,3349 5618,3349 5708,3355 5797,3349 5887,3349 5976,3349 6054,3355"/>
                <TextEquiv>
                    <Unicode>Ilma: Guten Tag, gnädige Frau. (ste geht).</Unicode>
                </TextEquiv>
            </TextLine>
            <TextLine id="tr_1_tl_26" custom="readingOrder {index:25;}">
                <Coords points="4061,3513 5723,3520 5723,3409 5460,3376 4887,3441 4736,3392 4061,3402"/>
                <Baseline points="4078,3487 4167,3487 4257,3487 4346,3487 4436,3487 4526,3487 4615,3487 4705,3493 4794,3493 4884,3493 4973,3493 5063,3493 5152,3493 5242,3493 5332,3493 5421,3493 5511,3499 5600,3504 5690,3504 5732,3504"/>
                <TextEquiv>
                    <Unicode>BrehnIe(hat sich schon abgewendet).</Unicode>
                </TextEquiv>
            </TextLine>
        </TextRegion>
    </Page>
</PcGts>
