6754 4280
5770 309 5927 498 80
4259 457 6282 678 schickt, wenn doch einmal gelogen sein muss¬
5709 600 6486 870 et tout ceu du
4259 646 4440 786 to.
4029 716 6221 999 Sophie: Sie müssten es gehört haben. Sie würden
3592 795 3831 1077 107
4253 935 6349 1106 beyreifen, dass ich bei diesem Menschen nicht
3610 1028 3895 1223 Mr
4259 1068 6224 1293 einen Tag, nicht eine Sekunde länger - Ich
4253 1240 4996 1432 packe undreise.
4035 1392 5659 1584 Braenle: Ja,wohin wollen Sie denn?
4029 1537 6367 1758 Sophie: Ich weise nicht. Oh, Sie irren sich. Denken
4265 1677 6265 1872 Sie, ich brauchte dazu eine Ausrede vor mir
4265 1846 6166 2032 selbst? Allein will ich sein, nur allein,
4280 1974 5648 2166 für mein ganzes Leben allein.
4020 2128 6204 2314 Braenle: Na,wie Sie glauben, Allein oder nicht.
4265 2297 6364 2463 Aber Sie verden gefälligst in vterzehn Tagen
4268 2443 6253 2638 wieder zurück sein.Das ist unser Kontrakt.
4023 2574 6143 2812 Sorhie: Sie können scherzen, Sie vers tehen es
4280 2728 6099 2935 nicht.Auch Sie nicht. Es ist aus, es ist
4288 2900 6277 3077 völlig, völtig aus. Nichts mehr ist da,gar
4277 3048 6323 3240 nichts, nur ein Ekel, ein ungeheurer Ehel.Wie
4294 3170 6256 3368 kann ich zurück zu ihm? Man kann zu einem
4277 3339 6341 3528 Menschen zurück, kan kann mit einem Menschen
4294 3441 6248 3680 leben, (auch wenn er gefehlt hat, auch wenn
4341 3590 6119 3828 er einen bis ins Tiefste verletzt und
