6552 4168
851 419 2844 864 Sophie (damals - theimee)
1058 806 2873 1103 irmel eine Rolle - u. es w.
835 1045 2902 1290 unt nel dreu - n'estiare het
935 1248 2880 1554 Aude Sibichele verbeint
945 1461 2777 1783 a le dicun l'hérare
942 1664 3093 2029 dal..  li quis hier en Rant
1754 1954 2377 2164 that he is
984 1980 2973 2438 No 1 he was here; if
987 2309 2990 2651 he will with rerondise!
1048 2551 2574 2851 a - u heren : -!-
903 2657 3119 3154 her - deul he - is beke en Bref!
951 2961 2925 3283 ele - a best - is l p & cucke
922 3228 2338 3515 e ter ce ker. Heu a
6015 242 6205 410 3 11
3386 248 5650 661 Se. der sie das ganze weisagen
3364 561 4905 868 Mit abzuseten haben.
3406 755 5786 1096 Br. Mit angesetz. In diesen
3531 1003 5592 1458 Sine habe ick die gedichte
3515 1335 5402 1625 von 2 rd I Jahren mit
3460 1609 5586 2006 Angeseben.. I shliessly
3428 1890 5792 2241 Soptie. Aussi
3470 2161 5473 2596 in Unreue.. Ich resp.
3389 2406 5766 2902 wittlich nicht, wärmer
3470 2838 5189 3302 gerade diesmal
3506 3102 6102 3531 Sopbre. Es gibt Unterschied
4550 3460 5740 3806 N. Laval
3586 3560 4331 3864 Wits¬
