6712 4232
5848 327 6006 502 26
5552 350 5744 525 R.
4321 440 6241 700 man doch kein Unrecht. M-r ih Ihn
6173 553 6495 700 hen ist.
4079 677 6159 844 Sophie: Alles zu streichen,es ändert nichts.
6246 686 6517 850 verhalten
3534 745 3909 912 (daure...)
4335 765 6116 1008 gar nichts Im übrigen,mir ist doch, als
3613 847 4031 988 trouver :
3819 912 4172 1050 das sept
4318 954 6015 1146 wenn Sie von der Geschichte, auf die
3700 1033 4191 1231 vis part.
4304 1095 6142 1281 Sie früher angespielt haben, keine ganz
4330 1259 6193 1420 richtige Vorstellung hätten. Dass Sie es
4313 1400 6122 1592 überhaupt für möglich hielten, ich wäre
4324 1572 6241 1758 am Heeresstrand nicht allein gewesen. Nun,
4313 1716 6111 1919 Sie sind so sehr mein Freund, dass Sie
4372 1902 6297 2077 über alles Klarhett haben sollen.Hter ist
3793 1914 4073 2176 frater
4318 2038 6229 2210 ein Brief, den ich vor einer Stunde erhal¬
5278 2139 6003 2238 dein juge na
4324 2176 6193 2379 ten habe. Er ist von Edgar & leys Freund,
3777 2241 4220 2441 Von E. W.
4313 2320 6193 2506 mit dem ich Ihnen innerlich und äus ser-
3785 2425 4191 2557 freund
4318 2478 6159 2681 lich so beschäftigt sohten, dass ich die
4299 2625 6303 2825 Dinge zwischen meinem Mann und Daisy gehon
4304 2780 6283 2986 liess wie sie gingen. Wollen Sie ihn lesen:
4067 2918 6331 3102 Braenle: Schreibmaschine? Noe, Manuscript. Da mits-
4304 3082 6125 3294 sen Sie mich gefälligst entschuldigen.
4299 3260 6286 3449 Lesen Sie ihn mir doch vor mit Ihrer dunk-
4313 3398 5975 3604 len klangvollen Stimme, Frau Sophie.
