6736 4360
5896 354 6054 492 86
4283 445 4710 691 lich ab.
4058 621 5372 849 Sophie: Sie sind wirklich -
5647 714 6206 867 nebuen to?
4058 779 6405 1019 Braenlei Aber liebe Frau Sophie, es tot eben eines
4517 916 5483 1016 Es veröfl ihr zu nach mich
4098 975 6282 1159 a### Kur es gibt schwerere, gefährlichere. Jetzt
3463 1048 3946 1230 to the time
4260 1133 6233 1335 muss ich übrigens hinüber (den Kronprinzen
3539 1136 4251 1329 amt dort bleiben
4298 1235 6244 1473 empfangen). (Na wollen Sie sich nicht wenig¬
3519 1309 4058 1446 tue was....
3446 1405 4137 1607 Aber Lönerdes
4283 1423 5665 1593 stens den ersten Akt ansehen?
3443 1584 3949 1777 wilt.
4046 1578 6174 1783 Sophie: Danke. Sain Bestes hat er heute schon
4277 1713 6282 1903 gegeben. Die Letstung übertrifft er nicht.
4046 1862 6198 2055 Braenle: Also, gute Frau Sophie, glückliche Ret-
4283 2005 6145 2240 se. Jehen Sie übrigens mal da h inunter.
4277 2184 6215 2374 die Zufahrt. Ja, dem Mann muss manches
4283 2339 4778 2526 verzeihen.
4046 2456 5990 2690 Sophie: Tät toh auch als Theaterdtrektor.
4034 2670 6168 2851 Braenle: Und als Frau erst recht. Es ist doch
4277 2766 5100 2977 fast Euer Beruf —
4040 2951 4625 3141 Sophio: Oho!
4470 2986 5515 3150 Verreits in Rache returé
4034 3077 6256 3299 Braenl s: Und etwas Rache besonders die letztere
4280 3223 6291 3413 ts t süss. Auf Wiederschen! — in klein Rußte
4321 3349 6157 3536 Hasen scheepe muss hi wilt. Rid
3923 3501 5176 3677 einmal hochquellen.
5498 3490 5858 3730 1417
5949 3469 6253 3747 P.1
4034 3645 5545 3967 Sophie. he was  ..    "   1  Packe!
