6744 4232
4387 276 5680 520 H. Euch- ist als die betrage:
5927 276 6100 569 22
4371 463 6238 748 und ihm selber sagte — Uebrigens dürfte
4371 718 6266 900 das auch nicht in Ihren Intentionen lie¬
4379 859 5412 965 gen, kluge Frau Sophie.
4133 1005 6312 1154 Sophie: Da will ich Ihnen nicht widersprechen.
4371 1163 6368 1350 Ich möchte wahrhaftig nicht, dass mein Mann
4385 1306 5276 1439 totgeschossen wird.
4127 1385 6135 1631 Braenle: Mit welcher grundvernünftigen von
4360 1629 6165 1726 mir beifällig begrüssten Bemerkung wir
4908 1696 5436 1808 qu'il l'auge fait
4360 1780 6135 1930 uns wieder auf den Boden der Realität
4379 1938 6303 2084 gestellt haben.Herbot soll nichts weniger
4366 2087 6219 2184 als totgeschossen werden, sondern seinen
4360 2219 6350 2388 lebenslänglichen Kontrakt mit meiner Bühne
6043 2295 6282 2412 Spiel
5328 2309 5637 2415 Greuse.
4366 2393 6333 2556 bis an die fernste/Dauer irdtscher Dasins-
4341 2547 6295 2726 möglichkeit erfüllen. Und Ihnen, liebe Frau
4360 2699 6255 2892 Sophie,set hiemit wiederholt geraten die
4366 2835 6295 3011 ganze Angelegenheit zu vergessen,wie Her-
4366 3003 6211 3171 bot sie vergessen hat, der dieses kleine
4341 3144 6295 3336 Abenteuer absolut nicht anders aufgefasst
5753 3230 6111 3336 Hilod
4360 3309 6284 3477 ha t wie etwa jene Sache mit Rautendelein,
4341 3466 6195 3648 wenn es sich diesmal auhh um ein junge
4832 3534 5092 3667 werden.
4344 3604 6219 3748 Mädchen aus guter Familie ja sogar eine
