6648 4312
5920 351 6099 487 78
4289 467 6183 682 spiel ich wieder mal ausschliesslich für
4278 631 6195 852 Dich. Da könnte meine twegen S.M. selber
4287 798 5903 1022 drin sein oder der liebe Herrgott.
4043 951 6294 1169 Braenle: Du fändest es jedesfalls ganz begreif¬
4272 1110 6042 1336 Ihr h, wenn der liebe Herrgott sich in
4182 1302 5974 1461 Berlin vor allem Deinen Hamlet ansehe.
3955 1416 6181 1586 Horbot (ab). Ne entre bientlerjot de puis
4080 1566 6192 1744 dort vor allen in Reisheit, wie er in
4516 1636 6260 1772 nach Berlin kommt. B Iederbl.
5586 1738 6251 1852 nod i Holland,
5646 1815 6249 1931 du teil repuis
3961 1750 4723 1965 Braenle, Sophie.
3967 1911 6243 2047 Braenle: Was ist dem? Er ist ja so aufgepulvert.
4176 2075 6113 2208 Und - te, Frau Sophie, na hören Sie - Szene?
4224 2200 5411 2375 Fangt's schon wieder an?
3950 2356 5844 2537 Sophie: Nein, es hört auf. Endgültig auf,
3961 2534 6099 2673 Braenle: Na, ich will nicht stören. Sie werden
4193 2636 6121 2848 sich auch noch zurecht machen wollen für:
4190 2817 4587 2956 Theater.
3950 2916 6127 3165 Sophie: Bleiben Sie nur Doktor. Ich geh nichts
4176 3075 6268 3267 ins Theaterl. Heute nicht und langs nicht Acht
4176 3267 6229 3497 reise sogar wieder ch. Sofort.Ich bleibe gar
4173 3383 4632 3624 nicht da.
3967 3550 5212 3709 Braenle: Ja, was ist denn -
3955 3695 6048 3839 Sophie: Ich kann Ihnen das nicht so in Kürze
