6760 4216
6043 295 6197 515 15
5725 426 5895 544 26.
4361 472 6187 705 sein.Diesmal sind Sie ihm am 14.August
3639 639 6272 833 Danngebufe davongelaufen,da war er doch am 1. Sep¬
3649 826 4069 1000 Ahneest...
4374 846 6374 1007 tember so weit, dass er spielen konnte, aber
4551 948 5813 1066 as this, wch.. this emen so pluck
4371 964 6426 1144 wenn Sie ihm zum Beispiel heute durchgehen,
4364 1121 6030 1312 so ist er imstande und sagt mir ab
6210 1085 6607 1341 1.156
4108 1275 6157 1452 Sophie: Ich glaube in dieser Angelegenheit
4364 1387 6476 1623 müssen Sie sich vor allem an ihn wenden.
4685 1554 5292 1652 ihin nov gls ab.
4144 1580 6364 1823 Brehnle: An ihn? Wiese denn? Er ist ein alender
4371 1702 6344 1941 Komödxx, ein Halunko, e in Prachtherl, aber
5416 1846 5676 1954 auf die
4384 1875 6341 2079 was seine Schwüre anbelangt, na - Aber Äe,
4371 2016 6387 2233 Sie sind eine kluge Frau,Sophie,Sie können
4361 2187 6397 2410 (für sich) eine Garantie übernehmen. Sie wis¬
4377 2328 6426 2508 sen doch, dass er ohne Sie nicht leben kann,
4400 2472 6410 2659 dass Sie das Wichtigste in seiner Existenz
4938 2600 5974 2718 Also in the little littes
4400 2649 6171 2869 bedeuten, und selbst wenn wieder so ne
4394 2810 5466 2993 Kleinigkeit passiert.-
4967 2908 5610 3066 in foure he ab
4161 2957 6357 3131 Sophie: Doktor, Sie setzen mich aber wahrhaftig
4413 3079 6312 3351 in Erstaunen.Man steht doch, dass (in dto¬
3833 3108 4203 3308 He is in
5482 3236 5957 3338 Welfde &wa
3751 3249 4371 3449 de huw jespont
4413 3302 6269 3502 ser Umgebung, in dieser Lügemelt selbst
4413 3410 6233 3620 ein so anständiger Mensch wie Sie ganz
4416 3554 6207 3771 das Untersoheldungsvermögen verlieren
