6744 4328
4299 268 5441 556 " sannghf y abegl
5830 284 6016 527 59
3728 407 6259 675 mich auf ewig von ihr trennen müsste -Nein.
4258 682 6212 871 nicht einmal das. Wer weiss, ob ich's nicht
4289 770 4624 884 ... Gele
3800 827 4005 1026 e
4264 814 6363 1019 vergessen könnte. (Ich bin kein töriches Kind.)
4258 950 6306 1174 Es ist mir gegeben manches zu verstehen. Ich
4264 1079 6262 1326 weiss, was ein Rausch, was der Duft-aus Som¬
4264 1281 6284 1483 marnächten aus uns zu miehen vermag „vetss,
4801 1373 5542 1477 hinte uu seifen.
4258 1423 6303 1569 wieviel wir vergessen können, eigene Schick-
4255 1559 6069 1774 sa le und Träume, u te Träuma, dte uns ein
4245 1742 6170 1932 Anderer erzählt hat. Ich weiss, dass alles
4255 1862 6104 2083 zu ertragen ist nur der Zweifel nicht,-
6079 1887 6300 2080 from
4264 2067 6262 2219 alles zu verzeihen,nur die Lüge nicht,wenn
4264 2159 6259 2383 die Wahrheit einem so leicht gemacht wird.
4264 2329 6177 2534 Nun fangen Sie an mich zu begreifen, Herr
4258 2487 6259 2673 Herbot, nicht wahr? Sie wissen, voran Sie mit
4816 2582 5858 2705 Lap as here I alle it
4258 2635 6227 2765 mir sind. Oder könnte es nicht doch n och
5284 2740 5501 2831 vol
4258 2749 6230 2935 eine Falle sein. Oh,Herr Herbot,habe ich
4264 2897 6265 3137 mich nicht Ihnen völlig in die Hände gege-
4274 3080 6420 3298 ben? Ständ ich nicht da wie der erbärrlichste
4264 3238 6300 3434 aller Kömödianten,wenn ich nun nach einem
4274 3393 6268 3579 offenen Geständnis Ihrerseits, tücktschent-
4274 3526 6230 3712 lockt, plötzlich wieder als der erbitterte
4264 3674 6234 3888 Bräutigam dastünde und mit den Worten ab-
