6696 4344
4146 341 5856 534 Esse. Ich sagte, bin ich mich den 2
5899 456 6058 606 55
4305 540 6096 783 Mein erster Weg war zu Ihnen.Aber tch
4328 739 6237 953 hatte gehofft,wir würden rascher zu Ende
4323 907 4689 1071 kommen.
4077 1040 6399 1239 Herbot: Wir sind zu Ende so bald sie es wünschen,
4317 1204 4813 1406 Herr Glet.
4083 1357 6312 1565 Edgar: Wir sind es nicht,Herr Herbot. Auf diese
4317 1507 6306 1646 Weise niemals. Wir wollen hier keine Sacre
4323 1678 6312 1816 mit grossen Worten spielen,wir wollen,wenn
4317 1813 6269 2007 es möglich ist, und mir ist es möglich, mit
4323 1955 6139 2096 einander reden wie zwei Männer, für die
4256 2076 6162 2307 (vielleicht) mehr auf dem Spiel steht als
4883 2209 5446 2310 Ché. : Le Cébert
4392 2226 4655 2324 Ain
4305 2293 6301 2417 die übliche Ehren- und Eitelheitsfrage. Ihre
4299 2402 6202 2613 Aufwallung, Herr Herbot,von der ich nicht
4305 2581 6223 2769 veiss, ob sie echt oder gespielt war, oh,
4297 2708 6231 2922 das hat kaum etwas mit Ihrem Beruf zu tin.
4311 2870 6162 3035 beweist natürlich gleichfalls nicht des
4776 2986 5388 3084 nicht nicht gegen
4311 3043 6289 3205 Geringste. (Vorläufig glauben Sie noch im¬
4311 3199 6171 3381 mer dem Bräutigam gegenüberzus tehen, der
4305 3298 6182 3534 heraufkommt Rechensehaft fordern. Ob mit
4282 3453 6433 3676 Recht oder Unrecht lassen wir dahin gestellt.
4250 3612 6217 3832 Und Sie benehmen sich so korrekt wie ir¬
