6696 4344
5857 369 6015 496 58
5767 486 5981 578 sen.
4346 501 6327 695 dieser Wahrheit / sich die Welt aufzubauen.
3708 638 4042 826 all we
4336 671 6159 834 Und der sich dazu in jedem Falle stark
4961 795 5325 906 du seulx
4344 850 6069 1010 genug fühlt. Verstehen Sie mich, Herr
4341 989 6412 1139 Herbot? Nicht als Rächer, nicht als Geek. nicht
4346 1134 6381 1333 als Wüter ich komm ich her, zu einem Schuften
5534 1234 6459 1345 - Een neusch in einer heurte
4344 1281 6270 1454 oder unschuldig Verleumdeten. Wenn es ge-
4651 1407 5315 1513 cra de fevrier de bon
4349 1462 6275 1650 schah, war es vielleicht keine Schurherci.
4344 1568 6195 1782 wenn es nicht geschah, war es vielleicht
5444 1692 6133 1792 an même
4357 1715 6335 1927 nah genug davon; aber keineswegs tst os aus
4352 1914 6252 2079 der Welt geschafft,wenn wir zwei uns mit
6035 1989 6234 2092 G. H.
4359 2025 6288 2224 der Pistole gegenüberstehen. Und wir kön¬
4364 2177 6237 2358 nen beide weiter existieren, beide inner-
4362 2350 6211 2508 lich befreit, auch ich,Herr Herbot,viel-
4377 2464 6268 2712 leicht auch wieder glücklich werden, auch
5434 2601 5886 2691 de Himmel
5165 2655 6136 2823 endlich klar gevorden.
4395 2668 4969 2823 ich, wenn es
4664 2743 6056 2877 Oh-as wiht - ut sesti vont une salle
4393 2794 6356 2975 ist. Wieder verschmäh ich was Ihnen billig
4395 2939 6268 3145 erscheinen könnte, sage nicht:Wenn es ge-
4956 3089 5170 3187 it is
4393 3089 6358 3295 schah, so reiss ich diese „iebe aus meinem
4377 3267 6278 3442 Herzen. Nein, ich weiss es ich werde nicht
4395 3399 6164 3572 so bald aufhören Saisy au lieben, auch
4388 3543 6304 3768 wenn das, was ich erfah ren sollte, das was
