6744 4328
4279 336 5823 503 - Gereis. Genug. -
6006 303 6181 541 61
4304 456 6077 664 Ich stehe zu Ihrer Verfügung. Zu ihrer
4306 664 6167 842 Verflügung. Dies ist die einzige Rettung
4304 814 6331 981 für Sie, für Ihre Braut, vielleicht für mich.
4541 896 5091 997 also &c.
4249 954 6378 1161 [Sie haben mich zu tief erschiltert.Ich ver¬
4298 1142 6419 1306 diene nichts besseres und wie es auch ende, —
5233 1205 5520 1325 mit it.
4295 1273 6298 1462 dann können Sie doch an ihrer Seite leben.
4274 1350 6260 1593 Ja, glauben Sie mir. Wir sind alle keine En¬
4265 1503 6173 1779 gel Reden Sie sich nichts ein. Sie hassen
4274 1653 5028 1836 mich. Mit Recht.
4017 1793 5462 1967 Edgar: Herr Herbot,Sie waren —
4017 1946 6058 2186 Herbot: Schweigunglückliches Lind. Was sind
4257 2101 6323 2347 Worte. Es war schlimmer als "u ahnen kannet.
5009 2257 5623 2372 was he percht
4249 2301 6315 2522 Wür es geschehn(diese Gegenwärt wäre retner.
4233 2413 6216 2670 Oh,wenn mir einer vor einer Stunde voraue-
4238 2549 6184 2817 gesagt hätte - Wo nahmen Sie solche Worte
4227 2700 6178 2948 her,Edgar? Verzethen Sie - ich kann nicht
4227 2847 6069 3104 mehr. (er sch luchst wirklich, wenigsetns
4263 3082 5629 3189 mit vollkommener Naturtreue).
3989 3230 6006 3402 Edgar: Was haben Sie? Reden Sie. Reden Sie!
3970 3388 6167 3580 Herbot: (deutet ihm an er soll schweigen) (dann
4216 3492 6181 3735 steht er auf, geht hin und her, beim Fenster
