6648 4136
4294 451 6223 668 nicht hysterisch, nur nervös. Herr Herbot
4311 671 6117 856 hat mich nämlich für 1/2 5 Uhr herbe-
5435 785 5680 875 in the
4322 793 6006 1000 stellt. Und es tat schon 1/2 5. Ich
4289 972 6204 1119 fürchtete sogar mich verspütet zu haben.
4308 1135 5723 1326 Sie sind wohl die Sekretärin?
4066 1236 6217 1456 Sophie: Nein, ich bin Frau Herbot. Warum sehen
4316 1467 6136 1597 Sie mich denn so erstaunt an,Fräulein?
4077 1575 6253 1725 Vilma: Oh, durchaus nicht, es hiess nämlich, ver¬
4316 1717 6185 1923 ze ihm Sie, gnädige Frau, Herr Herbot sei
4311 1882 4859 2075 geschieden.
5582 1896 6372 2178 fals de Jufornche
4085 2034 5430 2219 Sophie: Offenbar ein Irrtum.
4083 2222 5661 2423 Vilma: (Offenbar.) glückl ich###e is###
4080 2358 5337 2534 Sophie:Sehr liebenswürdig.
4104 2477 6283 2651 Vilma: Aber das wird den Herrn Hofschauspieler
4330 2618 6291 2836 doch nicht abhalten, ich meine nämlich, ich
3689 2686 4243 2879 Es tragt sich —
4365 2809 6332 2966 wollte mich nämlich prüfen lassen,gnädi-
3738 2841 4148 3007 wom.
4335 2963 4707 3154 9o Frau.
4096 3116 4843 3303 Sophie: Prüfen?
4096 3268 6188 3439 Vilma: Es ist nämlich meine Absicht mich zur
4335 3403 6196 3626 Tragödin auszubtlden. Ich habe das alles
4335 3604 6141 3800 in einem Briefe an Herrn Herbot darge-
4474 3757 4737 3922 m 5
