6776 4344
5812 293 5992 461 64
4189 450 6390 704 Neuem etwas einbilden, von Neuem hoffen dürfen,
4211 641 6268 826 sich von neuem mit dem Gedanken schmeicheln
4222 740 6224 991 als alter Narr, der man ist, dass vielleicht
4211 881 6271 1165 jetzt,wenn er, der Jüngling, der Geliebte, der
4225 1077 6149 1331 Bräutigam, fort ist, dass am Ende dann-den
4236 1198 6149 1475 wahns innigen Wünschen Erhörung winkt. Und
3684 1256 4106 1372 das gewust
3697 1367 3888 1532 ne
4208 1342 6205 1577 wer weiss, ob man nicht ### dieser Teufelst
4263 1530 6285 1731 fähig wäre, wenn man nicht zu viel Alughott
4272 1635 6414 1900 besässe,###em man nicht fühlte (dass es ja doch
5721 1787 6025 1872 enloin
4272 1811 6497 2076 nichts hülfe oder ein Unglück bedeuten müsste.)
4498 1977 4865 2101 Reve Le
4272 1972 6224 2228 Denn so war die Sache) Edjar gleich ich habe
3584 1958 4183 2195 in meine notre
3609 2132 4158 2284 slebt hein hat.
3678 2198 4153 2372 v. Brech
4283 2079 6249 2372 Ihre Braut geliebt,wie ein Schuljunge hab
5023 2242 5782 2364 nd haben ihr versagt: 6„17
3913 2253 4125 2364 1 wllt
4308 2253 6334 2499 ich sie geliebt. Ja, haben Sie es dem nicht
3692 2328 4164 2466 in man than
3670 2388 4203 2554 fort... ich wolle
4308 2388 6511 2645 gemerkt? Ich habe ihr Briefe geschrieben, Verse,
3659 2485 4181 2665 ne avis 4. Hers
4310 2565 6274 2841 der alte Herbot hat Verse geschrieben, ist
3684 2612 3987 2742 misse.
3650 2714 4161 2844 Cevr uscht nie
4327 2723 6296 2941 in später Nachtsunde vor dem Hause,be-die-
3634 2800 3954 2971 qui est...
4338 2880 6459 3117 der Angeboteten auf und ab gegangen,hat seine
4327 3015 6332 3250 Briefchen durchs (offene Fenster (als ftele
4360 3203 6254 3416 ihm plötzlich etwas ein) Ah, nun wird mir
4341 3363 6362 3556 ja alles klar. Jetzt begreif ich auch das
4346 3499 6439 3794 Gerücht. Sie haben wohl einen anonymen Brief
