6680 4312
5751 402 5942 578 75
4188 471 6003 722 chen, es werde sich selbstverständlich
4176 659 6185 899 Widersprüche ergeben. Der Brief vor allen,
4193 809 5202 1006 der gefälschte Brief.
3939 913 6266 1202 Herbot: Gefälschter Brief? Der Brief ist ja echt.
3942 1110 5248 1358 Sophie: Der Brief ist acht?
3942 1263 6193 1509 Herbot: Natürlich ist er echt.Den hat mir Daisy
4193 1442 6063 1636 doch wirklich geschrieben/Nur natürlich
4182 1601 6263 1740 nicht am 27. Augus t’sondem etwa drei Wochen
4624 1711 6124 1798 Es aan eine kleemskert so ist dann sich
4231 1734 6268 1948 frühert. Das Datum, das habenton nachtrüglich
199 1824 358 1971 G.C.F.P.
4199 1902 4913 2061 dazu gedichtet.
3942 2011 5766 2257 Sophie: Wir - ich verste nicht ganz -
4818 2144 5346 2266 berucht die
3956 2173 6274 2390 Herbot: Aber Kind/wie kann man denn so — Na — Wir
4170 2335 6378 2511 haben doch selbstverständlich die Eventualität
4182 2474 6352 2705 so eines Alatsches in Ermögung ziehen müssen.
4182 2636 6133 2826 Nicht wahr? Dass so was kommen konnte,das
5471 2751 6176 2858 cit recit Lain
4182 2800 6234 3008 lag nahe genug. Und da haben wir ganz genau
4211 2939 6179 3078 besprochen, wie wir uns zu benehmen hätten.
4188 3075 6260 3300 Dass da ein albernes Leugnene nicht helfen
4205 3228 6190 3399 würde, das war ja evident,da hätten wir uns
4231 3384 6257 3604 schön hineinretten können. Na und da haben
4188 3537 6271 3728 wir miteinanderganz genau ausgemacht,wie wir
4193 3676 6156 3910 die Angel egenheit darstell xxx woll###,wenn
