6648 4104
4630 260 5263 449 - v. 8 Tagen
4356 432 6214 662 legt und er hatte die Liebenswürdigkeit
4338 584 6208 791 mich für heute herzubestellen (schon vor
4338 747 6208 963 acht Tagen) Es wäre wohl möglich, dass er
4356 922 5190 1088 es vergessen hat.
5628 907 6439 1120 es schon 8 tage her cot
4117 1094 6311 1246 Sophie: mag sein, besonders wenn er Ihnen schon
4344 1228 5829 1421 vor acht Tagen geschrieben hat.
4350 1389 4951 1555 (Es klopft).
4111 1517 5117 1727 Bay (mit einer Karte)
6057 1546 6369 1698 (5-8)
4111 1686 6456 1882 Sophie: Aber natürlich, ich lasse bitten.  Suculch
4642 1780 4814 1893 àm
3530 1832 4014 2069 / Genotnteil
4111 1818 6261 2013 Direktor Brehnle tritt gleich ein.Klein,bart
3606 1990 3959 2098 du nère
4350 2010 6287 2197 los): Und er Nässt sich gr nicht bitten,
3501 2057 4041 2191 vitelere tout
3545 2150 4090 2337 ru bestreite,
4356 2168 5135 2328 da tst er schon.
4105 2319 6278 2506 Sophie: Mein lieber Doktor, eten Sie mir herz-
4356 2448 5164 2632 lich wilikommen.
4093 2605 6176 2801 Vilma: Ich will nicht länger lüstig fallen,
4338 2740 6124 2950 aber wenn gnädige Frau mich wenigstens
4338 2900 6130 3090 dem Herrn Direktor vorstellen wollten.
4516 3017 5549 3122 Oder ist kann er & selbst ihr
3694 3014 4152 3154 mits des
4309 3081 6100 3241 (verzeihen Sie, es ist vielleicht eine
4423 3171 4910 3268 Urteale in there
3723 3145 4175 3346 Schichsel.
4324 3189 6074 3408 Frechheit-so mitschen Tür und Angel.
4087 3376 6418 3542 Brehnle: (sie ungnädig mus ternd): Vielleicht,
4093 3545 6083 3764 Sophie (kühl) Verze thon Sie, ich habe Ihren
