6728 4280
5917 339 6087 512 32
4155 495 6104 720 Braenle, Sophie, Herbot kommt.Etwa vierzig,
4167 676 6382 860 dunkler Krauskopf, schwar### Augen,etwas laut und
4167 863 4708 1015 aufgeräumt.
4164 878 6309 1147 Herbot: Guten Abend, Leutchen. Was, alter Knabe
4454 1100 6347 1290 (schlägt ihm auf die Schulter), was sagst
4629 1252 4995 1361 aile rue
4442 1258 6394 1428 Du Braenle da ist man wieder sozusagen zu
4027 1378 4808 1574 in traute Hotel
4442 1419 6490 1563 Hause,wenn's auch vorläufig noch das Hotel¬
4501 1528 6470 1785 zimmer ist. (streichebt die Wange Sophies)
4445 1747 6303 1964 Aber es ist doch recht nett,nicht wahr?
4460 1885 6283 2098 Und sofort ist man wieder dran gewöhnt.
4445 1996 6353 2247 Die wei Monate versunken und vergessen!
4442 2218 5048 2335 Dolle Sache.
4527 2262 5812 2397 s'il meche étoit. depuis fort n'a
4170 2312 6318 2493 Sophie: Nur dass er sich das verdammte Berli-
4454 2502 5873 2645 nerisch wieder angewöhnt hat.
4173 2584 6526 2865 Herbot: Ach ja.Ist sehon weg. (natürlich sprechend)
6204 2751 6441 2903 for
4471 2759 6183 2938 ) mit leicht östtereichem Akzent) Bin
4465 2923 6186 3099 sehon ein ganz vernünftiger mensch.
4185 3067 6192 3257 Braenle: Ich will (mich jetzt empfehlen und
4465 3216 6195 3476 das junge Ehepaar allein lassen. Also
4454 3348 6385 3544 Abends im Theater, Frau Sophie. Ha be Ihnen
4480 3506 6400 3778 den bekannten Logenplatz reservieren las¬
3801 3637 4386 3869 H. Kuarsten
4489 3705 6411 3860 sen.'s ist ausverhauft, Herbot.Auf Wieder-
