6680 4296
4230 449 6143 635 mals einen Andern lieben als ihn.Glauben
4332 608 6477 689 aber sie, sie nov. etc. haben Sie, die ich alle in de
4200 693 6460 821 Sie mir Aber ich bitte Sie, reisen Sie ab. Es
3632 666 4024 878 for us.
5713 770 6541 956 Sie im ihnenst
4234 784 5534 953 is t besser für uns Alle."
5700 892 6501 1031 Ich in es w. au Ton.
4497 902 5528 1071 Aus dies kürzlich ist nicht
5764 966 6551 1145 a été de huit et il
3987 892 5240 1139 Edgar: Sie hat geschwankt.
6126 1061 6464 1186 or here.
3987 1105 6487 1318 Herbot. Das würde ich auch glauben, wenn ich ein Namens
6261 1260 6487 1365 will
4223 1250 6190 1416 pingebildeter/Narr wäre. Nicht einen Augen¬
6244 1328 6531 1510 slaub...
4227 1406 6237 1608 blick lang hat sie wirklich geschoankt. Der
5433 1527 5950 1635 11 ull stve
3581 1527 4166 1672 décembre
4223 1551 6237 1743 Ruhm, mein junger Freünd. Wenn ich ein Guts-
3629 1629 4176 1767 Ihr hiemittirende
3561 1710 6278 1909 zweifel bei itzer gewesen wäre, irgend ein unbekannter
4207 1831 6234 2058 Herr Herbot aus Kleinretfling zum Betspiel,
4207 1987 6274 2210 wäre ich Ihrer Braut ausschliesslich lächer¬
4217 2159 6234 2358 lich erschienen. Aber dass es Konrad Herbot
4207 2314 6193 2477 war, der um sie beinah den Verstand verlor,
4190 2450 6308 2625 das hat sie ein venty gerührt.Dass sie Konrac
4186 2605 6268 2771 Herots letzte Liebe war hat sie nachsichtig
4180 2757 6244 2963 gestimmt und vielleicht gab es einen Moment,
4196 2896 6180 3078 in dem sie nahe daran war diese innere Eo-
3544 2929 4136 3119 Schule bient.
4828 3024 5261 3119 but he will
5619 3034 6089 3132 où ceste en est.
4193 3024 6092 3277 wegung für Liebe zu halten ### Und ich, vonn
3541 3075 4115 3233 14 halte mr cent
3548 3196 3889 3358 ubed
4186 3223 6261 3379 toh Edgar Glei wäre, ich würde es ihr verzei-
4169 3352 6038 3565 hen und keine Reise in die Welt machen.
5916 3497 6159 3581 tient
3929 3517 6156 3703 Edgar: (reicht ihm die Hand) Und Ihre “rau, Herr
4152 3656 5146 3835 Herbot. Sie war fort!
3521 3683 6159 3902 I am he in aforesd. August 9 wk. He wollte wieder in which
3747 3865 4903 3973 at ouil cemt viell tassa mente
4892 3879 6315 4027 Andern Cheur aa en clort...
3673 3926 4609 4027 Fürste verschlossen.
4612 3957 5345 4021 nen Brief.
