6712 4296
5966 380 6149 677 31
4435 640 5341 737 Mann zu verlassen.
4172 797 6229 949 Braenle: Und kontraktlich verpflichtet sind
4423 880 6307 1109 weiter bei ihm aus zuharren und wenn Sie
3738 989 4375 1260 jetzt für die
4446 1106 6389 1194 doch einmal den Kontrakt brechen sollten,
3629 1209 4215 1409 Mis est vien
4452 1237 6412 1377 nach Klein-Reilling sollten Sie doch nicht
3546 1377 3978 1589 dicem
4466 1386 6347 1540 gehen, denn jemand eine Frau dieses des
4469 1549 6418 1720 grossen Konrad Herbot Lebensgefährt in var
4461 1703 6301 1875 kann nicht als die Gattin eines kleinen.
4412 1852 6266 1949 Landedelmanns enden, das müssen Sie doch
4446 2006 5249 2132 selbst einsehen.
4178 2132 6478 2337 Sophie: Ja,wie ich schon sagte.Man ist verfallen.
4461 2255 6432 2500 Ich hör ihn kommen und das Herz klopft mir
4452 2452 5646 2586 wie einem jungen mädchen.
4306 2617 5184 2869 Br. Landvelt
