6744 4216
5924 327 6096 516 16
4347 433 6360 660 kann. Sie hielten es für möglich, Doktor, Sie
5592 596 5933 703 erei w'
4361 665 6308 852 glauben, ich würde ein zweites Mal wieder¬
4356 794 5368 978 Monsieur le
4135 963 6122 1167 Brehnlag (No. loh me ine. Sie sollten eben gar
4367 1067 6458 1310 nicht davon gehen, wenn Er bird's ne türlich
4382 1276 6177 1439 nicht wieder tun. Jetzt ist er ja wohl
4384 1396 6222 1649 gewitzigt. Aber ich bin verpflichtet als
4361 1537 6340 1766 Leiter eines grossen Vergnügungseteblisse
4665 1692 5291 1809 mit Rauchverbot
4379 1726 6286 1953 ments alle Eventualitäten in Betracht zu
4393 1870 6237 2056 ziehen.) Und dass es schliesslich im Be¬
4384 1984 6337 2191 reiche der Möglichkeit liegt solche Dinge
4425 2165 6395 2363 nicht so tragisch zu nehmen,veil wir doch
4396 2343 6349 2506 schon davon reden, das haben Sie ja selbst
4439 2483 6492 2652 sohon einmal bewiesen und ich weiss eigent-
4390 2652 6311 2830 lich selbst nicht recht, warum Sie gerade
4404 2790 6177 2954 diesmal die Sache so besonders schwer
4390 2951 4794 3128 nahmen?
4155 3045 6463 3329 Sophie: Das begreifen Sie wirklich nicht Doktor?
