6664 4312
4372 470 6329 701 beleidigt hat.Man kann zu einem zurück, der
4377 691 6354 865 bereut, auch zu einem, der nicht bereut. Aber
4358 832 6329 1009 er muss wenigsens wissen, was er getan hat.
4350 954 6240 1158 Herbot weiss es nicht.Er versteht nichts
4342 1131 6327 1313 von mir, nichts von sich, nicht von den An¬
4347 1256 6169 1474 dern. Liebe, Betrug, Mord, alles das sind
4336 1411 6362 1615 Worte für ihn, die nicht schwerer wiegen: als
4339 1563 6098 1756 wenn er sie auf der Bühne spricht.Das
4350 1740 6310 1892 ist ein tollgevordener Hanswurst, der einen
4306 1854 6294 2069 Menschen spielt (Er wird nie begreifen, dass
4328 2015 6223 2243 die Andern keine Bollen spielen.Er steht
4317 2208 6229 2357 nur wasken, er weiss nichts von Seelen, er
4320 2314 6278 2512 glaubt nicht an Seelen.) Und wenn ich mich
4326 2474 6378 2692 zum Fenster hinunterstürze aus Verweiflung,
4306 2624 6305 2822 es ist ein Aktschluss für ihn, nichts ande-
4306 2792 6365 2969 res. Wir sprechen verschiedene Sprachen, wt-
4315 2914 5998 3102 sohen uns gibt es keinen Dolmetsch.
4056 3048 5370 3284 Braenle: Wie schade, schade.
4065 3227 4929 3461 Sophie: Was denn?
4043 3330 6231 3600 Braenle: Wie ich schon einmal heute mir zu bo¬
4290 3529 6163 3809 merken erlaubte,mit nie andern Gefühlen
