6712 4344
5840 335 6016 523 60
4250 477 6317 782 träte: Sie werden von mir hören? Sie dürften
4257 669 6290 944 mir dann jede Genugtuung verweigern,mir ins
4270 818 6251 1096 Gesicht spucken, denn „was immer “ te getan,
4276 980 6241 1222 ich wäre dann der Elendere von uns Beiden.
5403 1103 5996 1219 Ausgleitung sein
3597 1120 6251 1471 Nie, ich füllen Sie können nicht länger
4286 1282 6171 1540 bot.Wahrheit, Wahrheit! Geben Sie mir
3617 1451 4094 1593 ist so ein
4260 1441 6158 1663 ste,ehe es zu spät is t.Ja, ehe es xu spët
4482 1550 6148 1699 Und sei ich die schulle verlasse - ists 1. -
3597 1534 4154 1689 leurs emens.
4306 1613 6211 1828 ist.Denn auch dies spreche ich ohne Rück-
3601 1643 4214 1789 andern gegen
3621 1706 4237 1901 übersestanden
4320 1746 6088 1997 halt aus,wie alles andere:Wenn ich von
4303 1885 6062 2133 hier fortgehen muss ohne Antwort oder
4329 2034 6254 2252 wenn Sie mich belügen und wenn ich später
4326 2190 6386 2425 erfahre, dass Sie es getan haben, später, dann,
4883 2329 5886 2451 öfft ihres elle Conseither i
3842 2296 4124 2445 tibt
4329 2352 6201 2577 Herr Herbot, dann schiess ich mich nicht
3650 2375 4081 2594 vitelle,
3624 2478 4230 2667 usibt. and
4326 2491 6327 2713 mit Ihnen. Nein, dann schlag ich Sie nieder
3637 2610 4276 2782 spôts testantes
3624 2710 4101 2902 in tren
4349 2759 4604 2908 wte —
4124 2802 6178 3021 Herbot: Still! Nicht weiter. Ich will keine
5413 2915 5843 3031 in direct
4353 2925 6347 3187 Gnade.Sie reden sich all das ein.All diese
4363 3071 6350 3349 Güte. Wenn Sie wüssten,wenn Sie die ganze
4369 3240 6410 3472 Wahrheit wilssten) - (Ach, all dieses Geschwätz
4382 3385 6410 3624 tst unserer gar nicht würdig./ An Verzethung
4389 3485 6516 3786 glaub ich nicht, an Vergessen glaub teh nicht.
