6696 4232
4376 463 6186 654 len,war es Ihnen ja damals doch nicht.
4152 634 6324 903 Sophie: Gleichgültig. Wahrhaftig, das nicht. Ich
3853 808 4159 995 andere
4382 828 6245 969 hab schon gelitten. Aber (Sie wiederholen
3568 949 3765 1117 vel
4392 946 6054 1160 mir’s ja immer selbst, dass ich eine
4385 1081 6324 1288 kluge Frau bin. ich hab's eben eingesehen.
4385 1248 6235 1439 Ich dachte mir,wie erginge es denn Dir,
4392 1436 6363 1613 wenn Du mit so einem Menschen wie Herbot -
5552 1531 5959 1642 in twerk
4405 1557 6251 1764 Es gibt nur leider keine – allabendlich
4402 1715 6343 1915 so eine Rolle spielen müsstest. Ich kann’s
4405 1869 6340 2056 mir schon vorstellen, das kommt über einen
4405 2024 6284 2224 wie ein Raush, ein Wahnsten und nachdem
3669 2010 4307 2237 Abe alen kann
3633 2178 4254 2342 erstallines.
4422 2171 6386 2355 ich mich eine Weilemit den Gedanken getra-
3659 2286 4244 2457 werd. woll
3663 2326 6304 2654 mit seit verhuze’sen Beide umsubringen, habe ich mich eben
4415 2513 6337 2704 drein ergeben. Damals blieb nur die Wahl.
4172 2667 6406 2881 Braenle: Umbringen? Und (gar Bestde? Da hätt ich
4402 2779 6406 2979 ja das Stück absetzen müssen. Da steht man
5424 2911 6084 3019 schincerscherter
4408 2976 6360 3101 erst was für Repertoirestürme/manchmal in
5180 3071 5936 3167 ohne des unah
4408 3121 6383 3272 der Luft schweben. No ich dank Ihnen jedon-
4422 3288 6205 3439 falls nachträglich, dass — te sich eines
5420 3367 5900 3466 Lines besser
4399 3423 6228 3600 Bessern besonnen haben, Sie sehen ja um
4376 3554 5486 3794 wie viel besser es war.
