6712 4328
5881 275 6055 452 41
4371 259 5668 518 we heiert u der uberhaupt
3689 452 6323 711 dass Thäulein der Strasse träfe, ich glaube, Ich würde sie
4321 655 6176 868 nicht mehr erkennen. Ich weiss überhaupt
4334 799 6218 1006 gar nicht mehr wie sie aussieht. Neulich
4895 911 5517 1025 met aller seu als
4325 963 6349 1173 hab ich mal versucht sie mir voraustellen. -
4082 1143 6284 1337 Sophie: Diese Bemühungen find ich ja allerdings
4315 1284 4918 1474 überflüsig.
4076 1448 6399 1622 Herbot : Es ist mir gar nicht gedungen. Ein Schat-
4328 1569 6330 1792 ten, ein Gaspenst, eine Ahnfrau.Ich begretf's
4321 1740 4810 1907 gar nicht.
4076 1894 5943 2061 Sophie Ich hab’s auch nicht begriffen.
4076 1989 6359 2218 Herbot: Und da wir doch hoffentlich zum letzten
4305 2189 6169 2359 Mal davon sprechen, ich möchte Dir nicht
4315 2326 6182 2529 verschweigen, dass Du mir gewisserrass en
3804 2444 4292 2637 Murcht - :
4380 2470 6172 2696 doch Unrecht getan hast. Dass ich ich
4318 2624 6205 2841 nicht mehr in unserer illa antraf, da für
4321 2798 6254 2998 konnte ich nichts Ich war fest entschlos-
4315 2952 5560 3132 sen, Dir alles zu gestehen.
4076 3090 6395 3283 Sophie: Da ich es ja schon wusste, da es die drit-
4331 3224 6330 3450 te Nacht war, in der Du Dich davongestohlen
4315 3411 4783 3617 hattest —
4076 3496 6343 3741 Herboti Nichts mehr davon, mein Und, nichts mahr.
