6728 4312
4284 543 6190 763 werd's vorläufig niemanden erzählen, aber
4296 721 6196 912 dass ich gelegentlich mal eine Broschüre
4290 906 6145 1078 in diesem Sinne schreibe oder in so 'ne
5078 1027 5230 1123 sié
4279 1022 6221 1213 Weihnachtsbeilage, wollen immer doch sowas
4332 1188 6176 1365 von einem, da für will ich keine Garantie
4279 1343 4825 1529 übernehmen.
4040 1484 6252 1695 Braenle: Na ja, aber wart noch ein Weilchen, bis
4273 1666 6227 1827 Du als Schauspieler nicht mehr ziehst und
4279 1788 5351 2018 so was notwendig hast.
4040 1931 6218 2137 Herbot: Na, so weit sind uir ja noch nicht.Gott
4270 2094 6269 2272 sei Dank. Na grüss Dieh Gott - Und was ich
4284 2322 6125 2449 noch sagen wollte, wenn heute wieder vor
4253 2460 6199 2604 meiner Garderobe wieder so ein Radau ist,
4268 2638 6168 2812 wie vorgestern während des Tasso,so mach
4282 2787 5253 2908 ich so einen Krach —
5064 2838 5439 2964 noitmet
4028 2846 6216 3043 Braenle: Und wenn Du Deine Garderobe mit Ziga-
5160 3009 5864 3125 ci er teversetest.
4268 3088 6041 3226 retten vollrauchst, entlasse ich Dich.
3491 3218 3823 3333 Aberco
4028 3184 6131 3347 Herbot: Darauf wart toh ja, da könnte man ja
3496 3308 3896 3437 hilfte in
3505 3386 3924 3516 all the d
4253 3375 5948 3488 doch ein vernünftiges Leben führen.
3513 3485 3966 3606 obliciren. -
4034 3471 6297 3730 Braenlet Na adteu.Auf Wiedersehen, verehrte Frau.
3471 3600 3983 3738 & Muitewe
4265 3629 4532 3823 (ab).
3533 3696 4020 3851 in bontier
3637 3803 4006 3972 Wider
4158 3727 5852 3975 Herts. No. es wäre nicht he
