6728 4232
4426 282 4793 468 Ma: ne
5929 230 6098 434 21
3874 422 6187 632 (Mintut) Denken Sie doch, Doktor, ein unschuldiges
4313 546 6302 753 Junges Mädel, eine Braut und der Bräutig am
4322 707 6248 931 ein vortrefflicher lieber Mensch,mit dem
4322 874 6319 1052 er fast freundschaftlich verkehrte. Hat man
4328 1023 6121 1195 das Recht so in die Schicksale anderor
4302 1172 6084 1397 Menschen einzugreifen? (wenn man nicht
4328 1328 6259 1494 zu gleicher Zeit der Mann ist alle Konse¬
5661 1457 6135 1563 denken Sie.
4354 1535 6110 1661 gunezen auf sich zu nehmen?) Wenn Edgar
4325 1678 5423 1813 Gley es erfahren hätte?
3696 1719 3969 1908 Er hat
4101 1747 6348 1986 Braenle: Aber er hat's ja nicht erfahren selbst-
3773 1871 4000 1969 wch
3609 1905 4112 2112 enspible.
4328 1997 5957 2106 verständlich In acht Tagen ist die
4897 2069 5684 2184 wo ist die freyne
3563 2083 3923 2216 Euut +
4316 2129 5894 2250 Hochzeit. Ich sehe keine Tragödie.
3578 2141 4084 2354 menaar i a
4072 2219 6242 2417 Sophie: Aber ich seh sie. Gerade, dass Edgar
4325 2448 6230 2584 nicht weiss, dass eine menschliche Bezie
4322 2538 6130 2713 hung, eine Ehe auf einer Lüge aufgebaut
4311 2710 6035 2877 wird durch die Schuld Herbots,me tnes
4316 2854 5897 3029 Mannes, das tst ja das Furchtbare.
4084 2971 6259 3219 Braenle: Frau Sophie,ste haben bei mir zu viel
4328 3153 6138 3339 Ibsen spielen gesehen Glücklicherweise
4342 3296 6167 3486 ist Ihr Mann gegen Ibsen und so besteht
5607 3408 6368 3561 Ehren Sir handel
4319 3466 6236 3670 nicht die Gefahr, dass er e twa vor diesen
4342 3592 6135 3839 vortrefflich Herrn Edgar Gley hinträte
