6712 4312
6004 380 6183 516 44
4526 414 5045 607 monobminal
4330 579 6200 755 ist trgend ein Schein von Dir, der durch
4330 726 6129 888 die Maske bricht.Aber Du, Du selbst,Du
4339 814 6396 1050 stockst so tief in Dir' ukd das, was Du bist-
4324 985 6274 1214 das ist irgend etwas Gutes, ich fühl osja.
4330 1180 6285 1356 Glaub doch selber dran. Ganz tief in Dei¬
4319 1319 6336 1512 ner Seele da bist Du ein Kind, wirklich ein
4313 1501 4580 1663 Kind.
4069 1612 6353 1810 Herbot' Daran mag etwas sein.Das spür ich selber
4319 1734 6260 1969 mane vnal. Ein Kind, ja, Du hast das Richtige
4319 1938 6311 2128 getroffen. Was Du da sagst, im Vertrauen, ich
4324 2086 6268 2264 hab nie recht dran geglaubt, dass ich ganz
4934 2168 5834 2279 Ich will diese es verweilen.
4316 2236 6223 2415 erwachsen bin.Wenn ich so selber an mich
4571 2327 5212 2435 was in this brain.
4319 2392 6217 2548 denke, da seh ich mich auch gar nicht als
4313 2503 6305 2670 einen ganz grossen beinah schon grauhaart-
4307 2687 6328 2855 gen Herrn vor mir, sondern immer wieder als
4319 2812 6489 3025 ein Kind, das von irgendwem an der Hand geführt
4296 2988 6197 3121 wird. Es wundert mich auch immer wieder,
4452 3073 5865 3172 da ich er aber nicht unter seren
4324 3135 6174 3255 dass die Leute so mit mir reden,wie mit
4324 3303 6217 3479 einem ganz vernünftigen erwachsenen Mon-
4307 3456 6186 3638 sehen. Und wenn man mir etwas Böses sagt
4319 3615 6251 3754 oder tut, so hab ich immer die Empfindung:
4296 3703 6211 3879 Ja,was vollt Ihr denn eigentlich. Von all
