6696 4312
5951 315 6103 413 52
5754 445 6039 611 eben.
4332 528 6183 758 bezeiehnen müssen, aber es ist klar, dass
4321 670 6207 907 damit nicht das Gertags te bewiesen wird.
4535 835 4802 923 Bewigin
4321 899 6071 1054 Auch Ihr Ehrenwort bewiese nichts das
5647 960 6413 1083 mêtés d'eux en leur tout
4327 1043 6258 1174 Gerings te. Was bliebe Ihnen/anderes übrig.
6023 1139 6335 1227 manke
4327 1174 6354 1360 als mir Ihr Ehrenvort zu jeben, dass es eine
4332 1344 5666 1507 schurkische Verleumdung ist.
4084 1470 6218 1673 Herbot: Man hat nun leider nichts anderes als
4337 1587 6367 1774 soin armes Ehrenwort... Es jêbe Meiner die in
4607 1737 6338 1811 kours as H. Chievenstrt in preden ja bei
4081 1766 6223 1966 Edga r: Pardon — Wenn ich Ihnen nun sagte, Herr
4319 1907 6325 2105 Herbot, dass ich keineswegs gewillt bin die
4332 2038 6237 2262 in solchen Fällen unter Männern üblichen
4313 2219 6335 2377 Konsequenzen zu ziehen,so bliebe natürlich
4332 2382 6229 2531 auch das wirkungslos. Ja,S te könnten auf
4321 2510 6338 2708 den Verdacht kommen, dass ich Sie für nicht
4321 2638 6245 2852 Manns genug hielte für das was Sie viel-
4327 2836 6314 2998 leicht getan, einzustehen, und ich verstehore
4337 2969 6282 3161 Sie, dass ich fern davon bin an Ihrem Mute
5428 3105 6543 3321 hierit auf ist abweigt
4324 3121 4924 3316 zu metseln.
4095 3246 6191 3465 Herbot’ Dieser Versteherung, Herr Glet, bedarf
4834 3404 5714 3494 Ah get wohl dort wiesen
3612 3356 4113 3553 t aber wth he
4332 3438 6365 3593 es kaum. Ich würde Ihnen daher vorschlagen.
3604 3516 4175 3638 nimmt sein...
3585 3590 4175 3724 des avril. Buit
4332 3612 6362 3756 Herr Glet, da Sie ja nicht gewillt scheinen,
3633 3697 3959 3817 seize...
3582 3764 4175 3913 Cristken Briel
3606 3855 4321 4012 darauf Kunst mit an.)
