6728 4120
4139 459 4888 648 Sophia, Brehnie.
4147 596 6102 801 Brehnle: Warum lassen Sie denn so was zur
4366 809 5503 970 Tür herein, Frau Sophie?
4139 894 6148 1143 Sophie: Herbot hatte sie herbestellt - zur
4729 1069 5186 1184 on 8 tagen
4366 1096 6238 1249 Prüfung, als er stch noch für geschieden
3633 1176 4128 1397 x Br. Hat et
4379 1268 6107 1413 hielt +Sehr tief scheint sein Schmerz
3573 1331 4076 1504 nie gethan
4360 1389 5437 1597 nicht gewesen zu sein.
4139 1528 6285 1722 Brehnle: Na vielleicht wollte er sie wirklich
4363 1720 6184 1864 prilfen. Er hat ja auch schon pädagogi¬
4363 1837 5334 2034 sche Anfälle gehabt.
4122 1987 6238 2217 Sophie: Ob man nicht seine Sachen packen und
4349 2135 6315 2346 sofort wieder auf und davongehen sollte.
4109 2305 6238 2480 Brehnle: Ng hören Sie, verehrte Frau und ich,
4623 2387 6446 2534 a ikt clort in ikke og, u wisnemie at.
4349 2499 6356 2638 der eben heraufkommt, Ihnen (zu) gratulieren,
4355 2624 5522 2818 dass Sie bieder da s ind?
4117 2772 5498 2985 Sophie: Mir zu gratulieren?!
4702 2901 5027 3004 Herbrt
4117 2903 6309 3144 Brehnle:“ Ihrem Herrn Gemahl habe ich natürlich
3644 3037 3920 3160 dieser
4355 3059 6285 3237 schon gratultert, heut Morgens im Theater.
3535 3116 4038 3278 hvifuhs be-
3592 3223 3934 3352 helt in
4344 3229 6244 3409 Und mir gratulier ich ununterbrochen-als
3609 3319 4068 3412 mum.
4344 3373 6162 3559 dem Direktor, der endlich seinen ersten
4325 3609 5511 3775 Schauspieler wieder hat.
