6712 4232
5947 260 6105 432 28
4194 421 6205 620 Braehnle: Aber das Wundervoll bezieht sich
4418 596 6371 773 sich doch jedesfalls nicht auf die Segel-
4468 726 6327 928 partie Ihres Gemahls, sondern auf irgend
5678 845 6321 950 dem Waldhider
4424 933 6338 1058 etwas, das wtschen Ihnen und ihn vorging.
4180 1039 6302 1216 Sophie: Nun ja, Sie können sichs denken.Es war
4413 1197 6205 1363 die Stunde, in der er mir das erste und
4418 1355 6205 1535 einzige Mal von seinen Gefühlen zu mir
4413 1476 6368 1662 sprach. Jedenfalls ersehen Sie aus diesem
5767 1604 5961 1695 dass
4399 1643 6352 1837 Brief, dass das alles war.Und ae wir vo n
4407 1806 6208 1992 einander geschieden sind wie Sommerbe-
4584 1900 4889 1992 trenir,
4407 1964 5097 2144 kanntschaften.
4036 2119 6249 2316 Braenle: Nun ja. Aber vorauf will dieser Brief
4407 2266 4767 2446 hinaus?
4072 2399 6299 2565 Sophie: Das gehört nicht mehr hieher.) Sie verder
4402 2573 6244 2731 mir jedesfalls zugestehen, dass das Mass
4396 2715 5598 2892 meiner Schuld gering war.
4066 2859 6224 3058 Braenle: Gewiss.Umso anerkennensworter als er
4402 3008 6296 3216 wirklich ein netter Junge war.Er hat mir
4396 3169 6327 3357 ja auch sehr gut gefallen,wie Sie wissen.
4371 3305 6313 3518 Wir haben uns sehr gut vertragen. So ganz
4396 3465 6263 3626 unliterarische Menschen sind eine wahre
4390 3643 6205 3823 Wohltat.Das ist einer, dem ich zutraue,
