6696 4344
332 1990 580 2197 G.H.P.
325 2142 625 2353 G.C.F.P.
4263 480 6309 750 fragen Sie Ihre Braut, ich kann Ihnen hetnen
4284 677 5138 912 bessern Rat geben.
6077 729 6323 895 Dein
4029 819 6243 1068 Edgar: Ja, das bleibt mir immer noch übrig. aber
4267 1016 6191 1233 wenn es nun nicht wahr ist, Herr Herbot.-
3583 1005 4053 1206 x aber in
3576 1147 4143 1299 hals mein
4288 1133 6195 1341 wenn Daisy schuldlos ist, das Opfer einer
3503 1244 4181 1458 hefte Sie
4291 1330 6285 1496 infamen Verleumdung,ute Sie behaupten, wäre
3545 1396 4122 1562 de la lisée
3545 1413 6326 1665 zu vermeinen! es nicht die nieders to Feighett von mir für
4440 1579 5120 1700 des ousseit tre
3593 1600 4205 1766 du kune frère.
4308 1565 6198 1769 die möglichkeit sofort eine schreckliche
3604 1717 4118 1859 I am in
4284 1738 6247 1952 Gewissheit zu haben eine junge schuldlose
3586 1817 4129 1956 yorre
3676 1911 3928 2052 besigt
4295 1900 6198 2114 Seele durch das Aussprechen eines chänd-
4301 2035 6153 2256 liehen Argwohns in schmerzlichster, nie
4312 2197 6171 2415 wieder gut zu machender Vetse verwundet
4308 2325 6129 2550 zu haben? Nein, Herr Herbot, diese Sache
4326 2519 6195 2695 kann und muss zwischen uns Zweten ausge¬
4308 2674 6233 2875 macht werden. Von Mann zu Mann, von Mensch
4322 2767 6319 2995 zu Mensch hoff ich sagen zu dürfen. Und ich
4333 2940 6205 3189 beschwöre Sie zum letzten Mal, geben Sie
4343 3096 6198 3268 Ihre zweifellos höchst korrekte Haltung
4339 3244 6191 3448 auf, begreifen Sie, dass hier ein Junger
4333 3407 6046 3597 Mensch vor Ihnen steht, der wirklich
4346 3531 6247 3749 nichts anderes wünscht als die Wahrheit
4353 3690 6402 3904 zu hören, wie inner sie laute. Und auf Grund
