6632 4104
6107 289 6352 480 911.
3914 755 6213 999 Hotelzimmer vornehm in der gewöhnlichen Art ein-
3926 943 4949 1105 gerichtet. Nachmittag.
3944 1102 6072 1279 Türe rechts auf den Gang, links mit einer Por-
3944 1223 6172 1382 tiere ins Nebenzimmer.Rückwand anet Fenster, die
3926 1409 6175 1600 auf einen Platz hinausgehen, der rückwärts durch
3938 1542 6034 1783 ein grosses Gebäude, anscheinend Theater be-
3926 1739 4530 1875 grenzt wird.
3926 1998 6219 2166 Sophie, allein im Fauteuil, einen Brief lesend, lä-
3944 2199 6154 2296 chelt, schüttelt den Kopf, als wunderte sie stch.
3926 2352 5989 2464 Steht auf, den Brief in der Hand, zum Fenster
3944 2497 5008 2673 rechtswieder zurück.
3938 2609 6308 2794 Sophte: Was fällt ihm denn nur ein? (Geste bedeut-
4177 2759 6143 2924 tend-Wozu darüber nachdenen? Fort damit.)
4153 2962 6104 3113 Dann greift sie nach einigen Briefen, dte
4183 3127 6116 3239 auf der Silbertasse liegen. Sie steht sie
4171 3248 6199 3446 flüchtig an ohne sie zu eröffnen. Es klopft.
4162 3419 4545 3581 Herein.
