6712 4312
4416 539 4745 766 sehen!
4140 801 6351 918 Herbot: Ich sag’s immer,Du zahlst mir eine zu
4422 973 6282 1078 kleine Gage! Na adieu. Wollen wir nicht
4400 1059 6183 1233 nachher miteinander eine Pulle Sekt -
4129 1191 4914 1393 Sophie: Konrad —
4118 1332 6274 1537 Herbot: Nein, netn, bitt um Entschuldigung.Alsc
4411 1501 6335 1672 gehn wir nachher miteinander nachtrahlen?
4488 1650 5754 1799 out a kleine July - Gepritite.
4397 1661 4591 1821 Ja?
4118 1774 6205 1982 Braenle: Das können wir dann noch im Theater
4416 1968 6282 2158 besprechen.Ja, was ich noch sagen wollte.
4118 2092 4358 2280 be
4397 2087 6370 2291 Das neue Stück (von Haurtmann) ist gekommen.
4386 2283 6335 2463 Ich schich Dir's morgen herüber. Du sollst
4444 2416 4875 2623 es lesen
4762 2523 5702 2653 toll in tramt clep tonk.
4107 2590 6332 2764 Herbot: No.Sophte wird's lesen. Ja,jetzt ist es
4392 2736 6246 2930 aus mit den Ferien,Sophie. Da ligen noch
5116 2855 5370 2988 in Br
4392 2888 6221 3082 sechs oder acht. Ich hab wieder mal ver¬
4392 3048 6221 3250 sucht in eins oder das andere hineinzu-
4386 3203 6185 3372 blicken, der reine Blödstnn, das heisst,
5442 3316 5754 3419 enebt.
4375 3325 6066 3518 mir kommt's so vor Ich will Dir was
4392 3471 6318 3687 verraon, Braenle.Mir ist noch jedes Stück,
4392 3640 6116 3869 das man mir zu lesen gegeben hat,wie
