6664 4312
4123 426 5239 697 es einmal so weit wäre.
3892 532 6137 829 Sophie: Köstlich. (mit einem starren Lächeln)
3912 786 6031 977 Herbot: No und der Brief, der in Wirklichkeit
4727 865 5332 990 sein klappe.
3912 928 6127 1119 die Sache natürlich ins Hollen brachte, der
4143 1073 5949 1274 war ja eben wie geschaffen als so eine
4143 1165 6121 1423 Art von Altbt zu dienen X Aber, was erzähle
3575 1350 6229 1595 Auszeichnet' ich Dir dann da alles, das ist ja nun vorbei.
4156 1472 6282 1710 Das ist wirklich vorbei,Du brauchst kein sol¬
4169 1684 5259 1892 ches Gesicht zu machen.
3919 1769 5830 2037 Sophie: Ja, jetzt ist es viel ich vorbei.
3942 1888 6091 2185 Herbot:) Soll ich Dir noch was sagen. Das wird
4173 2027 6160 2334 die glücklichste Ehe von der Welt. Niemals
4173 2232 6246 2473 wieder ui rd er an ihr zweifeln.Denn sie wird
4179 2443 6167 2654 die Sache sicher auch famos machen.darüber
5107 2535 5754 2654 dor when had
3717 2483 4024 2691 101
4186 2539 6236 2780 kann man ruhty sein Er kann doch nicht mehr
3608 2671 4057 2826 So get wie M
4193 2694 6223 2941 an ihr xxx ifeln. Nach einem so wundervollen
3608 2776 3952 2955 nicht! -
4193 2832 6117 3120 Bewets. Na, Du hast mich doch gehört, kann
3588 2892 4080 3093 Of in last.
5332 2971 5804 3090 will de
3579 3011 4084 3215 st treuen!
4196 2988 6220 3245 da ein Mensch xxx (feln.) Du, ich hab geweint.
4199 3146 6088 3374 Es hat mich so mitgerissen, ich versicher
3585 3156 4051 3338 Freilich.
3572 3278 4110 3456 nicht impfge
4183 3347 5797 3542 Dich, ich hab selber dran geglaubt.
5325 3328 6421 3595 Es het eure borner
3552 3407 4090 3565 Xr manl
6002 3486 6322 3641 wch
3575 3489 5091 3694 sein Theil soghte: Woran geglaubt?
5460 3539 6114 3707 en tous à
3532 3618 3843 3836 hat.
4255 3645 5236 3816 min. dess. de je
4018 3668 6395 3948 met arbet. leur-ma.. Es ist es unbe¬
