6728 4232
5852 392 6017 564 27.
4147 559 6046 709 Sophie (li###t): Der Anfang enthält nichts
4391 700 6113 896 Wichtiges. (ltest) "Ich höre gnädige
4386 855 6189 1049 Frau, Sie sind noch immer in Brioni und
4386 1001 6103 1187 noch immer allein.Da Sie einige Tage
4386 1159 6192 1333 vor mir Pörtschach verlassen haben und
4386 1323 6189 1486 meines Wissens Wien nicht berührten,so
4398 1445 6318 1648 folgt daraus, dass Sie Ihren Gatten länger
4383 1622 6194 1796 als xxx Monate nicht gesehen haben. In
4383 1763 6189 1923 Geheimnisse mich zu drängen, liebe Frau
4393 1904 6180 2093 Sophie, ist so wenig meine Art als Ein¬
4405 2071 5962 2257 samkeiten zu stören.Was geschehen
4398 2205 6182 2377 sein mag, was Sie vorhaben,all das geht
4386 2343 6273 2527 mich nichts an oder so viel als Sie eben
4405 2537 6285 2711 wollen. Nur erlauben Sie mir Ihnen heute
4405 2671 6220 2850 eine Stunde in die Erinnerung zurückzu-
4348 2790 6103 2993 rufen,eine wundervolle Stunde am Ufer
4398 2964 6082 3177 des Sees — (sie unterbricht sich) Ja,
4393 3127 6113 3311 eine wundervolle Stunde, vährend me in
4391 3280 6237 3502 Mann mit Datsy und dem Bräutigam draus¬
4395 3442 5231 3645 sen herumsegelte.
