6728 4296
4070 342 6340 657 Sophie: Ja, nur habe ich bis heute nicht eruteren
4299 556 6210 756 können, vom Du eigentlich entlaufen bist.
4290 756 6317 926 Deine Eltern waren doch ganz einverstanden!
4065 918 6392 1060 Herbot: Na und ob. Ich hab ja sehen mit vterzehn
4302 1010 6216 1210 Theater gespielt. Aber entlaufen bin ich
4319 1158 6294 1343 ihnen doch, das gehört nun einmal dazu. (die
4583 1288 6007 1375 vielleicht rechtsamt und in der festiges.
4296 1366 6152 1511 Karte entdeckend) Wer ist Vilma Flama?
4059 1508 5220 1668 Sophie: Eine junge Dame.
4050 1633 5587 1821 Herbot: Was für eine junge Damel
4073 1783 5587 1998 Sophie: Die Du herbestellt hast.
4073 1945 5058 2134 Herbot: Herbestellt?
4065 2026 5923 2264 Sophie: Ja. Vor acht Tagen.Zur Prilfung.
4070 2270 6056 2417 Herbot' Ach so. Dumme Gans Aber " u hast ste
4261 2368 5700 2550 doch zur Tür hinaus expediert?
4059 2559 6172 2698 Sophie: Gewissermassen.Aber immerhin hast Du
4308 2713 5087 2881 sie herbestellt.
4082 2805 6210 3017 Herbot: Möglich. Du beisst, man einmal antwortet
4302 2979 6155 3158 man,mane mal nicht. War sonst keine da?
4076 3156 5078 3344 Sophie: Hette nicht.
4088 3295 6216 3529 Herbot: Na also, schmeiss sie nur alle raus. Du
4322 3462 6245 3607 hast plein pouvoir. Ich unterrichte nicht,
4328 3584 6210 3784 Ich prüfe nicht, ich verteile keine Auto-
