4403 4439
2727 414 2853 591 „ „
2409 490 2526 624 P.
4027 496 4181 639 1:1:4:
854 498 940 646 1
3596 516 3808 669 1:10:
2017 507 2184 667 1,1
2610 992 3997 1174 treue und dankbare Stätte sein wird. So
2599 1144 4036 1261 beabsichtige ich beispielsweise nach dem
442 1105 2077 1254 gen herauszubringen. Wie sehr mir dadurch die
2606 1259 4079 1391 Eintritte Girardis in den Verband des Hof-
446 1250 2075 1367 wöchentliche Bildung eines abwechslungsreichen
2606 1386 3962 1516 burgtheaters eine Neueinstudierung der
453 1356 2108 1486 und dem mannigfaltigsten Bedürfnissen entgegen-
2625 1486 4062 1623 „Liebelei“ mit lauter bodenständigen, echt
438 1480 2006 1618 kommenden Spielplanes erschwert wurde, können
2621 1610 4040 1727 wienerischen Darstellern, Ganz besonders
438 1633 2034 1727 Sie sich denken und der Zufall oder ein böser
2619 1739 4105 1856 würde es mich freuen auch wieder ein neues
438 1720 2021 1854 Dämon brachte es wirklich zu Stande, dass je-
1692 1802 2069 1880 von Ihnen
2621 1833 4040 1967 Stück von Ihnen erwerben zu können. Hin¬
442 1848 1967 1950 desmal, wenn eines der genannten Stückel zur
2625 1943 4138 2073 sichtlich einiger älterer Stücke, deren Er-
438 1956 2034 2088 Aufführung bestimmt war, ein Urlaub, eine Un-
1655 2034 2032 2127 unbesiez
2628 2062 4146 2181 werbung oder Wiederaufführung mir recht er-
446 2067 2032 2190 pässlichkeit, oder sonst irgend ein
2259 2114 2383 2240 autre
2634 2162 4118 2294 wünscht wäre, behalte ich mir vor mit Ihnen
446 2177 2093 2292 liches Hindernis im letzten Augenblick vor Ver-
2630 2272 4183 2402 in Verhandlungen zu treten, sobald die große
451 2296 2002 2415 öffentlichung des Spielplanes eine Aenderung
2634 2411 4183 2517 Arbeitslast, die ich in der kommenden Spiel-
438 2418 1976 2554 nötig machte. Mein Aerger und mein Bedauern
2638 2524 4226 2675 zeit zu bewältigen habe, mir Zeit und Raum des
451 2524 2080 2680 darob sind umso grösser, als ich nun sehe, dass
444 2647 1976 2805 auch Ihnen dadurch eine Kränkung verursahht
2638 2675 3009 2790 für gönnt
2820 2777 4164 2879 Inzwischen bitte ich Sie nur um unver-
446 2790 2158 2879 wurde. Ich meine aber, dass durch meine Erklärung
2643 2903 4172 3022 minderte Fortdauer Ihrer bisherigen Achtung
446 2905 2179 3005 Ihre sehr begreiflichen Zweifel an meiner freund-
2654 3031 4170 3135 für mein Streben und um vertrauensvolle Un-
451 3022 2056 3143 lichen Gesinnung gegenstandslos geworden sind
2654 3132 4159 3228 befangenheit in der Beurteilung meines Wir¬
459 3150 2149 3260 und hoffe Sie im neuen Spieljahre davon überzeu-
435 3223 2116 3347 gen zu können, dass das Hofburgtheater auch un¬
2647 3275 4177 3390 kens und bin, einen guten Sommer wünschend,
420 3360 2158 3483 ter meiner Leitung Ihrem bedeutenden Wirken eine
