4395 4439
1863 486 2425 633 ..' : • •
403 486 599 653 V. M.
2407 1019 4051 1212 wertes Stück vom Spielplane absetzen, so lange
336 1162 2039 1290 boten wird. Aus diesem Grunde konnte es mir auch
2403 1182 4095 1327 es die bisherige Zugkraft ausübt. Ich bitte Sie
334 1323 2041 1425 nie beifallen, Ihnen persönlich eine beruhigende
2409 1312 4017 1481 meine ehrenwörtliche Versicherung entgegenzu¬
332 1436 2065 1533 Aufklärung zu geben. Sie kennen die Zetungen ver-
2407 1427 4064 1577 nehmen, dass ich seit dem Beginne meiner Amts-
327 1553 2071 1681 mutlich besser als ich und halten sich wohl stets
2414 1557 4095 1683 wirksamkeit von Woche zu Woche sowohl „Bas weite
343 1642 2071 1796 an die Menschen und Dinge, nicht an ihren papier-
2412 1646 3928 1826 Land" als auch den "Einsamen Weg" und "Die
2405 1800 4125 1941 Komödie der Worte" bei der Bildung des Spielpla-
340 1765 1945 1917 nen Abklatsch. Von mir aber dürfte Ihnen kaum
347 1900 1898 2026 fremd sein wie hoch ich Ihre Persönlichkeit
2414 1872 4090 2039 nes in Erwägung zog und dass meiner Absicht ge-
347 2002 2065 2123 schätze und Ihr Schaffen werte. Mein Wiener Brief
2414 2008 4101 2149 mäss und unter der Voraussetzung geordneter und
343 2119 2010 2262 über den "Medardus" in der Grazer Tagespost hat
2416 2147 4038 2266 gesunder Verhältnisse jedes dieser Werke, wie
343 2251 2013 2373 dies deutlich zum Ausdruck gebracht. Allerdings
2416 2234 4142 2375 Sie ganz richtig annehmen, seither zum Mindesten
2429 2364 4038 2518 einmal zur Aufführung kommen sollte. Die Ver-
340 2344 1917 2494 habe ich später in der Waage auch aus meinen
349 2494 1954 2616 grundsätzlichen Bedenken gegen die im "Weiten
2420 2483 4136 2635 hältnisse, mit denen ich zu rechnen hatte, waren
349 2566 2041 2728 Land" vorwaltende Stimmung oder geistige Athmos-
2429 2609 4036 2735 aber leider keine solchen, dass ich meine Ab-
347 2702 1952 2837 phäre kein Hehl gemacht.Solche Bedenken, oder
2436 2730 4110 2871 sicht hätte verwirklichen und die verschiedenen
349 2800 2084 2969 Ahneigungen, oder wie sie es nennen wollen, könnten
2429 2839 4047 2980 Autoren und Stücke gleichmässig hätte berück-
349 2952 1989 3075 aber für mich im äussersten Falle doch nur ein
2442 2967 4049 3119 sichtigen können. Denn in diese Zeit fiel das
349 3045 2008 3127 Grund sein, ein neues Stück dieser Art nicht für
2442 3067 4084 3218 Auftreten Wüllners und die vertragsmässige Nö-
351 3132 2015 3268 die Aufführung am Hofburgtheater in Betracht zu
2442 3179 4092 3323 tigung alle die Stücke, in denen er beschäftigt
332 3218 2073 3355 ziehen. Nie aber werde ich ein bereits mit Erfolg
2444 3320 4118 3474 war, in einer bestimmten Anzahl von Wiederholun-
340 3340 2013 3520 aufgeführtes, an und für sich gewiss beabhtens-
