2770 3639
719 836 1513 1018 Herzlafen denk zur
1477 1015 1574 1092 nor
683 996 1410 1159 diebeweis Maste,
705 1140 1456 1337 Sie hochschätzenden
1189 1277 1745 1427 Catharisebodel
666 1399 1309 1525 Salzburg N. 1. 58.
719 1768 1866 1950 Ich verehrte Herr, Ihn lieberwürdiges Worte
705 1889 1843 2083 haben mich ganz besonders gefreut, wie sie sich
693 2032 1826 2183 wohl decken können. Lassen Sie sich für
690 2149 1846 2329 dieselben aufs herzlichste Danken und gläu¬
680 2290 1793 2462 ben Sie, mein verehrlichen Herr Sch Ohinger
686 2417 1748 2588 dass mich die Erinnerung, welche sie mei¬
