6520 4136
622 301 2864 523 Wee jeenein an... Möge wie a Heuse
1927 411 2774 582 Sie mitt und
808 591 1750 816 kam un abzyl.
1010 664 2285 906 Gles - Capt Sophie
872 771 2777 1092 Heft derst d noit einige Tage.
681 990 2510 1317 H de Stid ermehrwend. etc.
855 1294 1078 1401 gleu
1171 1300 2093 1503 (kost. theil.)
881 1365 1103 1525 gln.
799 1472 1719 1671 tre du.. Gelicht.
765 1607 1829 1820 Unter.. Wile, steht.
900 1702 2690 1967 Es t. tilf um z. nein - Efuhr -
836 1913 2555 2093 wol - wiebe ich seine in Ihm
813 2074 1981 2268 H (buscher) (leh.-)
920 2302 2248 2513 Zuschreiben. Siehe darche.
943 2530 2783 2760 punkt... Da weg -. Vater... Ist hebt
805 2712 1849 2907 Nehitt von Edj.
1626 2805 2248 2980 had him
968 3129 2712 3331 H.    "   J... n tal kr gebutt.......
1142 3272 2333 3452 Abs ud bei reit utzul we¬
1078 3351 2923 3579 at - it weif - in chet und jezt
1089 3512 2046 3686 is in de tuerl.
898 3633 3163 3832 (Bild, wie a. inhifet, i ud teurt et led
5906 194 6075 394 8
4949 321 5602 560 (S. oban.)
3573 312 4865 521 Ende vert a de Rescrit
3720 515 4871 715 un si un abreur.
4890 521 5737 827 (duel kam)
3582 695 4170 841 as well to
3858 757 5270 976 Hollind Han.. Zelt.
3652 881 4933 1168 Hedol bort angangt:
3647 1171 5900 1429 In that Jan uohi erwartet vngeblich
3911 1373 4235 1539 erw.
3720 1441 5855 1702 Stosmet in de Hosel - enttens, en Et
3838 1609 5020 1851 Gley vergnagt verbei recht.
3787 1908 6030 2175 Heilot Capt. Son vifin. In him a doubt
3981 2105 5979 2437 notst gebrt - : In ald wohl beib
3931 2406 6013 2636 Wenburg - c an y merken - 4
4077 2589 4854 2802 gehat krof: -
4046 2749 6103 3016 Sie mich schal ich... Vater¬
4294 2974 4938 3157 (Sildm.)
4097 3092 5636 3391 Erdane Gerichl Sintrei
5231 3208 6193 3391 au feils avait Recte.
4105 3362 6232 3559 bifrys in that he had. we
4178 3478 5884 3723 Copiee ent of Mr. Caphel
4299 3666 6128 3810 d Sarguelem.) (E. v. de Tryn et
