3400 3976
311 428 1662 629 An einem teilen Sinne beant-
382 606 1066 713 das leere Haus
395 697 1999 807 The Mitnenarbeile Vice Winter.
369 794 1847 940 Hertst (nicht durch den Verhau
405 936 2385 1069 jetes de luite weill. The le je mêle
178 1024 295 1134 in
389 1021 1231 1153 De Lisseler Rück.
434 1189 2543 1341 Je le saivir ob de saisudre fait cet
424 1319 2540 1471 sion que le péchit du Crélier,
428 1406 2184 1588 steht miell an de la guerre Sibenian
243 1452 347 1529 —
467 1533 2744 1717 suche. Le want doit bel un alter le et chez et
483 1652 791 1740 1er
505 1730 2608 1889 I he have jn mit de Hecht in Vutulle fall
492 1853 2608 2022 Sincouzelles t hie Neu esittan... Sei
476 1983 2287 2171 im fort so längezulängen ist
505 2155 2670 2333 Hilof in Lucht. of Co. wohl de Soph a. c.
697 2310 1571 2401 in the of the
684 2414 2015 2579 Eso allermehrt.
577 2534 3182 2670 Paul Sophie Kolllet C.M. Trot f.d. d. Blum¬
551 2673 2884 2845 bel wie können.  Le Gerelt ist ist
619 2816 2657 3101 I am in theut vulobt or iess i pr tag
2339 2861 2822 2981 My Lord
616 2981 1396 3136 cht. Soeing
1416 3003 2582 3185 Bele, Smalereit Graf, -
667 3097 1264 3266 Schreiener
1319 3127 2650 3298 (Le pouvoir donc
687 3272 1850 3470 par je, Heing, etc...
2048 3379 3036 3535 Heut tracht zu Bahn
778 3441 1733 3577 Schlaf de Möglich
