3864 4248
3292 554 3388 660 2
878 673 1588 837 Auf einem Ball.
867 833 3476 1000 Das junge Mädchen, die den jungen Mann ein wenig geliebt
864 983 2633 1167 hat, una ein Freund des jungen Mannes.
867 1102 3588 1337 Das Mädchen: Ich weiss, dass Sie die Person gekannt haben,
874 1316 3565 1456 um derentwillen sich Stephan umgebracht hat. Ich will sie
874 1466 3235 1639 sehen. Sie müssen mir diesen Liebesdienst erweisen.
874 1599 3442 1755 Das Madchen muss auf den Ball gehen, weil Niemand ahnen
912 1745 2544 1894 darf, dass sie Stephan geliebt hat.
871 1871 3609 2075 Oder: das Mädchen geht zu dem Freund und sagt ihm: Ich muss
878 2082 3558 2207 diese Person sehen. ich muss sehen, wie diese Frauenzimmer
881 2197 2724 2371 aussehen, wegen deren man sich umbringt.
871 2333 3479 2531 Der Freund geht darauf ein; es kommt ihm gewissemaassen
881 2524 1395 2707 pikant vor.
2997 2605 3350 2718 Stephan
874 2680 3541 2864 Vielleicht ist der Freund gerade der, mit dem xxx betro-
874 2772 2690 2986 gen wurde, was das Mädchen nicht ahnt.
867 2925 3517 3126 Der Beginn: wie sie auf dem Ball an ihm vorübertanzt. Sie
867 3082 3061 3289 fragt sich: Warum ist der da? Er muss ja nicht.
874 3296 3092 3452 Vielleicht gehen sie vom Ball aus direkt zu ihr.
867 3425 2418 3619 Das Ganze vom Freund aus gesehen.
1966 3803 2565 3959 — een var —ux.
