3464 4168
286 819 2866 1156 Er macht mit ihr eine Seereise. Erinnig an
254 1063 2823 1431 der Wesen zu hause, davon liebt. Er macht
279 1338 2833 1681 seine Nachrichterie los sein. Sie erkwantet.
2626 1621 3077 1803 sie wird
315 1617 2551 1946 so lernicht die Erbenheit – lödtet sie,
301 1867 3095 2182 von leeren gesenkt. - Er verleicht sich zu hergang,
301 2161 2930 2490 daß an kein Vertrechen begangen. - Fahrsucht:
347 2393 3163 2715 seinkehr. Sie. die liebt ihn. - Ma ist... ein?
358 2687 3091 2955 Todt. (Gebreter) sie zulelt: du Heft sie umgebracht.
361 2894 3044 3173 u mir fehlt er sie) (Oder er fühlt den Rede für ich
404 3120 3277 3499 in erpaßen, daß jene um ihrerbrile gelodet.»
394 3445 2608 3749 Ort sie we ihr per nicht von einem ersten.
