3960 4152
2012 216 3348 473 Bertodle Gabriel
1784 420 3584 693 Molle nnach Arttien gebruchste
1977 714 3823 879 Ferdinand Neumann ist ein sympathischer
1943 868 3617 1001 junger Herr besonders seit er das Un
1979 1010 3660 1139 glück hatte einen jungen Menschen im
1972 1118 3614 1277 Duell totzuschiessen, der ihn in al
1986 1274 3743 1424 berner Welse provoziert hatte und vier
1933 1385 3513 1543 Monate Gefängnis dafür absass hat
1940 1545 3552 1653 sich über sein Wesen eine sanfte Me
1945 1658 3529 1786 lancholie gebreitet die ihm vorzüg
1975 1766 3571 1959 lich zu gesichte seht. Er erzählt
1979 1915 3584 2046 mir manchmal Geschichten aa seinem
1984 2037 3702 2200 Leben in einer angenehm gezierten Wei
1995 2181 3706 2317 se mit wohllautender Stimme und weiss
1954 2315 3580 2471 ganz genau, in welchem Augenblik er
1954 2450 3545 2604 sich die Eigarett anzuzünden, die
1956 2553 3803 2746 Asche abzustreifen und Ringe in die Luft
1966 2689 3679 2902 zu blasen hab, was für seine literari
2012 2845 3357 3015 sche Wohlerzogenheit spricht.
2014 2946 3603 3118 Hier schreib ich die Geschichte ne
2023 3088 3644 3284 der, die er mir heute Nacht erzählt
2037 3286 2255 3431 hat.
