3848 4104
2703 380 3416 603 Aufany 90th
836 651 3515 939 Ein junger Mensch verübt einen Selbstmord. Ein junges Mad¬
857 857 3536 1052 chen bildet sich ein, dass er um ihretwillen starb. Sie hat
846 1011 3512 1196 sich mit einem Andern verlobt und löst jetzt diese Verlob
843 1251 1038 1381 ung.
843 1333 3550 1514 Später erst erfährt sie, dass sich dieser junge Mann wegen
853 1490 3604 1655 einer ganz Andern getötet hat, wegen irgend eines Frauenzim-
833 1679 2381 1799 mers. Sie will diese Dirne sehen.
863 1843 3262 1974 "Also euretwegen tötet man sich und uns lügt man an!
836 1905 3508 2111 Ein Gespräch zwischen dem jungen Mädchen, das ihn geliebt
843 2131 3214 2275 hat, und der Person, um derenwillen er sich tötete.
