3368 4136
608 771 1804 935 Der Tod des Junggesellen.
545 907 2349 1102 An die Türe des Doktors wird geklopft.
605 1083 3001 1313 Es ist die alte Wirtschafterin seines Freundes, des
601 1253 2988 1389 Junggesellen. Sie teilt mit: Der Herr ist plötzlich
551 1379 2931 1568 zusammengestürzt, er will noch seine Freunde sehen,
586 1502 2793 1713 Sie, Herr Doktor, den Dichter und den Kaufmann.
579 1672 1508 1842 Nun, holen Sie sie!
535 1826 3064 2003 Er eilt hin. Der Junggeselle ist eben gestorben. Kurze
579 2003 3017 2154 Erinnerung des Doktors. Ein anderer Arzt ist da, der
573 2135 973 2277 weggent.
557 2286 2771 2481 Kurz darauf kommt der Dichter und der Kaufmann.
513 2437 1902 2629 Der Arzt: Nun, es ist vorbei.
504 2604 2846 2771 Der Kaufmann: Vielleicht ist ein letzter Wille da.
548 2765 2843 2976 Der Dichter: Er hat es mir gesagt: sein Testament
545 2900 1414 3067 ist im Pult links.
529 3070 2869 3237 Das Pult wird aufgemacht, ein offenes Blatt gefun-
532 3224 765 3372 den.
526 3379 2938 3542 Der Dichter liest: Ich schreibe dieses Testament im
513 3511 1625 3684 50. Jahre meines Lebens.
507 3649 1373 3835 Also vor 3 Jahren.
