3384 4152
686 489 1736 657 Hatt' ich nicht Recht?
680 576 2904 842 Sie hatten kein Recht zu töten, denn Sie wissen
1947 764 2187 853 war. -
686 775 2152 955 nicht, wozu sie aufbewahrt ist.
694 1053 2864 1281 Er erzählt die Geschichte seiner Frau, die ihn
703 1278 2892 1406 verlassen will, um ihr zu erklären, wie sehr er
703 1432 1186 1617 sie liebt.
914 1605 1721 1762 „ Aber die meistel zu nichts.
816 1692 2780 1903 Sie soll zu gehört. „ Man hilft der alte „ „ Je mit ersteher“ ich hatt am
868 1871 1406 2007 dif tödte können.
845 1981 1484 2195 (1/2 cst altei xxx)
824 2138 2869 2418 Et fusst thuese schon oulobt - une cisable
836 2323 2314 2543 Ihr, was ce jethan - sur ne -
827 2418 2806 2650 Sie haben Ihre geliebte erwundet – weil die ein
845 2548 3173 2774 amte Liebte - ich schicher hilaufach fort.  18 % 310
