4472 5560
595 300 1130 428 Monsieur M.M. M.
2363 283 3078 578 1/1   ƒ:1 ̃,   =
681 394 1109 548 1:   ̃   =
702 509 1062 672 (Kunst)
694 805 3177 972 um verstandesmässige Weiterführung von Situationen.
942 878 3768 1100 Noch nicht zeigen sich Gestalten, sondern nur eine höhre
698 1122 3994 1276 Form von Figuren, wie sie sich aus Typen zu entwickeln pflegen, wenn
694 1267 3947 1546 sich der durch den Einfall lebhafter angeregte Geist intensiver mit
702 1409 1627 1618 ihnen beschäftigt.
1036 1537 3973 1768 Das Stück wird nach dem neuen Plan bis zur Mitte des zweiten
711 1747 4071 1927 Aktes geführt, und hier ereignet sich Folgendes: die eine der Figuren
711 1901 4007 2046 scheint in geheimnisvoller Weise ihre Maske abzuwerfen, oder besser:
724 2029 4110 2243 die intuitive Gewalt des Autors (was hier keine künstlerische Wertung,
728 2205 4166 2389 sondern nur den psychologischen Vorgang bedeuten soll) macht, dass sich
741 2312 4059 2539 die betreffende Figur zur Gestalt emporspricht, emporhandelt, und von
736 2513 4080 2667 diese Augenblick an auch den Gesetzen menschlicher Wahrheit untertan
724 2650 4046 2868 sich als das zu erkennen gibt, was sie eigentlich ist, als einen Für-
728 2843 1957 3048 sten aus der Renaissance.
1057 2993 4106 3151 Das Stück wird neu entworfen, als fünfaktiges Drama, mit haupt-
741 3108 3279 3314 sächlich von Shakespeare Anleihen machender Technik.
1066 3297 3969 3442 Innere Tendenz zur Vereinfachung, äussere Rücksicht auf die
728 3412 4110 3639 Forderungen des heutigen Theaters, drängen zu einer knapperen Führung.
1075 3605 4080 3797 Auf die Verwandlungen wird Verzicht geleistet, die Handlung in
745 3793 1747 3982 eine Nacht gedrängt.
1075 3879 4059 4123 Andere Figuren gewinnen an Lebendigkeit. Gegensätzlich zu dem
732 4106 2457 4277 Herzog entwickelt sich der Dichter.
1087 4204 4067 4401 Die Hauptfigur bleibt am längsten schemenhaft, doch wohnt ihr
762 4320 4149 4564 von Urbeginn eine Neigung inne, sich als ein Unbewusstes, Elementares,
754 4538 3558 4735 höchst Weibchenhaftes in die Mitte des Kreies zu stellen.
1126 4662 4281 4855 Der aus der Handlung hervorgehende Gedanke: das Weibgenie schwankt
852 4851 4256 5039 zwischen dem Mann der Tat und dem Mann des Gedankens und müsste diesen
758 4983 4161 5240 beiden Prinzipien in einem Manne vereinigt begegnen, um sich eine Mög-
3695 5103 3930 5287 reur
