4456 5560
703 539 1069 719 (Kunst)
1027 762 4077 1014 Das Mädchen ist verliebt, unsicher, feig, mutig, geheimnisvoll,
1027 993 3177 1195 Eltern und Freundinnen gesellen sich zu ihr,
1043 1149 3337 1325 Der Bräutigam wird als Kontrastfigur entworfen.
1039 1275 3942 1510 Die Pantomine wird vollendet und bleibt liegen, weil sie der
703 1506 2996 1666 Eigenart, Lebendigkeit und Intensität entbehrt.
1043 1540 4039 1767 Eine Novelle, die später verfasst wird, "Die Toten schweigen",
724 1746 3942 1952 enthält eine Situation, die an das Schleier-Sujet gemahnt: der tote
715 1919 3425 2087 Liebhaber wird von der Geliebten feig im Stich gelassen.
1102 2053 3968 2238 Von dieser Novelle enthält der Schleier-Stoff offenbar neue
711 2205 1027 2445 Kraft.
1107 2302 3905 2600 Im Gespräch mit einem Freunde werden beide Stoffe durchge-
732 2567 1910 2752 sprochen, durchleuchtet.
1102 2642 3926 2870 Bemerkung des Freundes, dass es ihn auch gelüstete, diesen
724 2848 1721 3063 Stoff auszuarbeiten.
1094 2949 3921 3193 Der Entwurf wird neuerdings hervorgeholt, die Absicht ent-
732 3172 4035 3320 steht, ein Kostümstück daraus zu gestalten, und zwar wird als Umwelt
728 3337 4111 3505 das Wien vom Anfang des 19.Jahrhunderts gewählt, zu welchem Entschluss
745 3475 4123 3669 weniger eine innere Notwenigkeit und eine wirkliche Beziehung zwischen
745 3614 3980 3804 Figuren und Stoff einerseits und Zettund Ort andererseits, als eine
741 3783 4056 3997 gewisse Neigung leitet, dass sich die Gestalten gerade innerhalb die-
732 3947 2302 4132 ser Atmosphäre ausleben möchten.
1208 4098 3951 4287 Der Liebhaber wird zum verabschiedeten, etwas verlumpten
732 4250 2020 4430 österreichischen Offizier.
1271 4351 2983 4586 Die Geliebte ist eine Wirtstochter.
1258 4574 3177 4767 Der Bräutigam ein griechischer Bankier.
1254 4700 3942 4889 Die Episodenfiguren treten zum Teil deutlicher hervo.r.
1254 4839 4081 5045 Noch immer handelt es sich im Wesentlichen um den Einfall,
