4424 5576
2850 292 3081 405 I
3607 466 3768 605 1)
500 483 979 635 (Kunst)
1653 735 3129 875 Zur Physiologie des Schaffens.
1057 1027 3437 1162 Die Entstehung eines Kunsteerkres kann geschehen:
696 1210 1941 1323 1. von einem Einfallmaus,
696 1353 2019 1471 2. von einer Situation aus,
709 1519 1923 1632 3. von einer Ansicht aus,
705 1680 1941 1788 4. von einer Gestalt aus,
727 1832 2084 1945 5. von einer Empfindung aus.
1092 1971 2711 2076 rläutert an eigenen Produktionen:
709 2123 4173 2245 1. vom Einfall aus. In einer Schenke spielen Komödianten die Verbrecher,
740 2280 4081 2398 Wie wenn nun einer dieser Komödianten ein wirklicher Verbrecher wäre?
740 2437 1649 2576 (Der grüne Kakadu).
709 2611 3973 2724 2. von einer erlebten Situation aus. Ich begegne einem alten Schul-
709 2741 4108 2850 kollegen, der mich aus einem gewissen Neid heraus ärgerlich und schnöd
709 2907 3973 3037 behandelt und endlich sagt: „zei nur nicht so grossartig.“ (Letzte
718 3068 1127 3194 aecken).
735 3176 4199 3346 3. v n einer theoretischen Ansicht aus. Das Duell ist ein Nonsens. (Frei-
709 3372 1040 3503 wild).
709 3542 4042 3629 4. von einer Gestalt aus. Ein alter Mann, der einmal Dichter gewesen
718 3677 4090 3799 ist, es selbst beinah vergass und nun von der Jugend aufs Schild geho-
709 3860 2228 3955 ben wird. (Der greise Dichter).
705 4012 4203 4103 5. von einer Empfindung aus. Wie quälend ist die Eifersucht auf die Ver-
718 4147 3094 4264 gangenheit. (Chnmacht, Lyrik überhaupt. Märchen.)
1097 4316 3011 4417 Selten ist die Entstehung absolut rein.
1110 4469 3990 4573 Insofern nämlich, als sofort nach dem Einfall oder nach der
709 4612 3686 4786 Ansicht irgend ein Zweites hinzutritt, das den Plan fördert.
3803 4691 4055 4804 ....
1157 4778 2959 4943 Häufig auch ein Drittes oder Viertes.
3446 4856 3598 4947 G.H.F.P.
1153 4856 3977 5108 So auch, dass derjenige Einfall vorgezogen wird, der einer
718 5017 4029 5195 bereits vorgebildeten Ansicht angepasst ist oder der dem Wesen einer
1458 5200 1810 5317 G.C.H.F.P.
1884 5208 2554 5339 t’a été bien
