4536 5608
2304 272 2652 573 10 7
615 323 946 632 G.C.H.F.P.
3204 526 3387 717 5)
687 586 1091 887 (Kunst)
713 823 3781 1125 lichkeit der Treue aufzuschwingen,- dieser Gedanke wird nun mit
738 1002 3993 1256 Bewusstsein und Willkür zur inneren Durchleuchtung des Ganzen ausge-
726 1248 1069 1451 nützt.
980 1324 4070 1579 Diese Figur, bei aller Förderung durch Ueberlegung und Intuition
751 1494 4032 1757 entbehrt noch des wirklichen Lebens, bis durch einen Zufall - gerade
768 1604 4176 1884 im Sommer der betreffenden Arbeit - dem Autor ein weibliches Individuum
768 1799 4091 2054 in den Weg tritt, das in vieler Beziehung für die Figur lebendige Auf-
777 1914 4082 2228 schlüsse gibt. In Gehaben, Physiognomie, Geste und Blick nähert sich
777 2105 4159 2355 die Figur immer mehr dem lebendigen Individuum, wird dem Autor dadurch
789 2232 4210 2525 immer verständlicher und hat damit endlich ihre Entwicklung zur Gestalt
798 2508 1392 2712 beschlossen.
