4472 5576
2420 210 2583 438 n. a
3656 459 3819 652 2)
777 532 1141 682 (Kunst)
760 824 2292 1008 vorhandenen Gestalt entspricht.
966 996 4055 1163 Zuweilen wird das sekundäre Moment so stark, dass es in der Aus-
777 1163 2240 1309 führung zu überwiegen scheint:
961 1322 4072 1480 ein Einfall war da, die Gestalt tritt hinzu, die dazu dient, den
751 1433 4145 1626 Einfall zu illustrieren und der Einfall tritt im Laufe der Ueberlegung
760 1596 4150 1781 eventuell erst im Laufe der Arbeit hinter der Gestalt zurück. (Leutnant
755 1764 1129 1905 Gustl).
1468 2056 3686 2334 Als Beispiel einer komplizierten Schiffensart
996 2506 4090 2622 Der Einfall. Eine Braut will sich mit ihrem Liebhaber umbringen,
760 2661 4029 2841 er strirbt, sie verliert im letzten Augenblick den Mut, flieht, ver-
760 2832 4021 2974 gisst den Schleier und muss, da sie zuhause erwartet wird, nochmals
760 2957 4038 3098 die Stiege hinauf, um den Schleier aus dem Zimmer des Toten zu hden,
1056 3128 3725 3287 Noch ist alles unpersönlich, der Einfall ist vollkommen
760 3266 3909 3454 nüchtern. Ein Mann, ein Weib, Selbstmordversuch, Feigheit, Angst,
772 3437 1167 3579 Schauer.
1141 3459 4060 3776 Eine diesen Einfall behandelnde Novellette wird begonnen und
747 3690 4197 3948 nach kurzer Zeit weggelegt, weil der Einfall den Verfasser selbst nicht
764 3901 1403 4029 interessiert.
1189 3944 4047 4223 Der Entschluss, eine Pantomine zu schreiben, veranlasst zur
747 4163 3751 4351 Durchsicht und Untersuchung bereitliegender Pläne und Anfänge.
1176 4338 4120 4579 Der Schleierstoff scheint sich zu eignen, die Pantomine wird
1935 4463 2304 4579 ist ein¬
760 4536 1270 4682 entworfen.
1176 4557 4111 4866 Einteilung in drei Akte, mehr verstandesmässig als intuitiv,
1176 4789 4025 5034 Die Figuren streben danach, sich zu individualisieren. Der
747 4978 4197 5171 Liebhaber ist ein schwürmerischer Jüngling; heitere Freunde und Freun-
734 5150 2605 5360 dinnen, ein Diener gesellt sich hinzu,
