3384 4040
1665 162 2332 401 zu 167.
259 576 984 765 Leutnant Gustl.
253 708 657 920 Paredie.
273 849 2794 1065 „Wie spät ist’s denn?... Sehen viertel auf zehn... Ein
280 971 2871 1163 prachtvolles Konzert... wie schad', dass es so bald aus
276 1122 2922 1318 ist... In einem Oratorium könnt' ich doch die halbe Nacht
290 1281 2888 1456 sitzen! - Ewig dankbar werd' ich dem Kopetzky sein, dass
344 1429 2885 1658 er mir die Karte gesehenkt hat. - Seins Schwester singt
286 1597 2939 1803 da oben mit... Bravo-brave! brave!... Die junge Dame in
337 1739 2821 1951 der Lege ist sehr hübseh,- schad', dass sie mit einem
293 1911 2905 2076 Herrn da ist, da darf ich sie nicht so lang ansehaun...
310 2015 2989 2251 Uebrigens hör' ich lieber dem Singen zu. - Uebermorgen ge
317 2187 2979 2393 ich wieder einmal in die Oper, wenn ich noch am Leben bin.
310 2308 2952 2561 Es ist ja traurig, dass ich mich mit diesem Doktor schla-
320 2474 2881 2696 gen muss, aber es geht nicht anders: er hat mich preve-
361 2615 3067 2784 ziert... Was für ein glücklicher Zufall, dass mir Fräulein
324 2770 2891 2976 Stephanie für heute abgeschrieben hat und ich in dieses
367 2929 2979 3097 herrliche Konzert gehn durfte... Sie hat mir abgeschrie-
388 3053 3023 3282 ben, weil sie heute mit ihrem Bräutigam ausgeht... Ob sie
347 3141 2952 3434 sehen merkt, dass ich sie eigentlich X###X liebe und es ihr
357 3363 3006 3579 nur noch nicht zu sagen gewagt habe?... Neulich hab' ich
404 3444 3033 3714 sie mit ihrem Bräutigam gesehn, der überdies ein Israelit
361 3559 3013 3845 zu sein scheint... ich liebe die Israeliten sehr, wie mir
