<?xml version="1.0" encoding="UTF-8" standalone="yes"?>
<PcGts xmlns="http://schema.primaresearch.org/PAGE/gts/pagecontent/2013-07-15" xmlns:xsi="http://www.w3.org/2001/XMLSchema-instance" xsi:schemaLocation="http://schema.primaresearch.org/PAGE/gts/pagecontent/2013-07-15 http://schema.primaresearch.org/PAGE/gts/pagecontent/2013-07-15/pagecontent.xsd">
    <Metadata>
        <Creator>prov=READ-COOP:name=TrHtr:version=2.1.0:model_id=51170:date=14_08_2023_09:38</Creator>
        <Created>2023-05-10T14:45:38.078+02:00</Created>
        <LastChange>2023-08-14T09:38:28.137+02:00</LastChange>
        <TranskribusMetadata docId="1428667" pageId="55424625" pageNr="4" tsid="132787457" status="IN_PROGRESS" userId="64420" imgUrl="https://files.transkribus.eu/Get?id=QFWVIEZKVGUKNYTRXZNHTFSY&amp;fileType=view" xmlUrl="https://files.transkribus.eu/Get?id=DZECNRQOKPHGZBBSLGZZTKCY" imageId="44698702"/>
    </Metadata>
    <Page imageFilename="1428667_0004.jpg" imageWidth="3416" imageHeight="4056">
        <ReadingOrder>
            <OrderedGroup id="ro_1711814101313" caption="Regions reading order">
                <RegionRefIndexed index="0" regionRef="tr_1"/>
            </OrderedGroup>
        </ReadingOrder>
        <TextRegion id="tr_1" custom="readingOrder {index:0;}">
            <Coords points="361,549 3253,549 3253,3764 361,3764"/>
            <TextLine id="tr_1_tl_1" custom="readingOrder {index:0;}">
                <Coords points="335,848 1411,687 2910,664 2920,506 345,681"/>
                <Baseline points="361,770 370,770 414,770 459,767 504,764 549,761 593,758 638,755 683,752 728,749 772,746 817,743 862,740 907,737 952,734 996,731 1041,728 1086,722 1131,719 1175,716 1220,713 1265,710 1310,710 1354,707 1399,704 1444,701 1489,698 1534,695 1578,689 1623,689 1668,686 1713,683 1757,680 1802,677 1847,671 1892,668 1936,662 1981,659 2026,656 2071,656 2116,656 2160,656 2205,650 2250,650 2295,647 2339,644 2384,638 2429,635 2474,632 2518,629 2563,623 2608,617 2653,614 2698,611 2742,608 2787,605 2832,602 2877,599 2921,599"/>
                <TextEquiv>
                    <Unicode>Er musste sofort seine Charge niederlegen, den n solche</Unicode>
                </TextEquiv>
            </TextLine>
            <TextLine id="tr_1_tl_2" custom="readingOrder {index:1;}">
                <Coords points="392,979 3014,771 3024,634 402,835"/>
                <Baseline points="417,910 429,913 474,913 519,910 564,910 608,907 653,904 698,901 743,895 787,895 832,892 877,889 922,886 966,883 1011,880 1056,877 1101,874 1146,871 1190,865 1235,865 1280,862 1325,856 1369,853 1414,850 1459,847 1504,844 1548,841 1593,838 1638,838 1683,835 1728,832 1772,829 1817,826 1862,820 1907,817 1951,814 1996,808 2041,805 2086,802 2130,799 2175,796 2220,796 2265,793 2310,793 2354,790 2399,784 2444,784 2489,781 2533,775 2578,772 2623,767 2668,764 2712,761 2757,758 2802,755 2847,752 2892,749 2936,746 2981,743 3026,746"/>
                <TextEquiv>
                    <Unicode>Sachen werden in der Armee nicht geduldet.... Varum renn</Unicode>
                </TextEquiv>
            </TextLine>
            <TextLine id="tr_1_tl_3" custom="readingOrder {index:2;}">
                <Coords points="412,1133 2970,945 2980,801 426,976"/>
                <Baseline points="438,1071 474,1068 519,1065 564,1062 608,1059 653,1056 698,1050 743,1047 787,1044 832,1041 877,1038 922,1038 966,1035 1011,1035 1056,1029 1101,1029 1146,1023 1190,1023 1235,1020 1280,1014 1325,1008 1369,1005 1414,1002 1459,996 1504,996 1548,993 1593,990 1638,987 1683,984 1728,984 1772,981 1817,978 1862,972 1907,969 1951,966 1996,961 2041,958 2086,952 2130,949 2175,949 2220,946 2265,940 2310,937 2354,937 2399,931 2444,931 2489,928 2533,928 2578,922 2623,919 2668,919 2712,910 2757,907 2802,901 2847,895 2892,892 2936,889 2981,889"/>
                <TextEquiv>
                    <Unicode>ich denn so?... Es lauft mir ja niemand daven... Sollte</Unicode>
                </TextEquiv>
            </TextLine>
            <TextLine id="tr_1_tl_4" custom="readingOrder {index:3;}">
                <Coords points="429,1271 2129,1204 2987,1080 2997,952 436,1147"/>
                <Baseline points="450,1226 492,1223 537,1220 581,1217 626,1211 671,1211 716,1205 761,1205 805,1199 850,1196 895,1193 940,1187 984,1184 1029,1181 1074,1178 1119,1175 1163,1175 1208,1169 1253,1166 1298,1160 1343,1158 1387,1155 1432,1152 1477,1149 1522,1149 1566,1143 1611,1140 1656,1137 1701,1134 1745,1131 1790,1128 1835,1125 1880,1122 1925,1119 1969,1113 2014,1113 2059,1110 2104,1107 2148,1101 2193,1098 2238,1095 2283,1092 2327,1086 2372,1083 2417,1080 2462,1077 2507,1074 2551,1071 2596,1068 2641,1065 2686,1065 2730,1059 2775,1056 2820,1050 2865,1047 2909,1044 2954,1041 2999,1035"/>
                <TextEquiv>
                    <Unicode>ich nicht nachtmahlen? - Ich hab's gewusst: wenn's dazu</Unicode>
                </TextEquiv>
            </TextLine>
            <TextLine id="tr_1_tl_5" custom="readingOrder {index:4;}">
                <Coords points="386,1405 3074,1234 3084,1103 392,1301"/>
                <Baseline points="408,1375 447,1378 492,1375 537,1372 581,1369 626,1369 671,1366 716,1363 761,1357 805,1354 850,1352 895,1349 940,1346 984,1346 1029,1340 1074,1334 1119,1331 1163,1331 1208,1325 1253,1325 1298,1319 1343,1319 1387,1310 1432,1307 1477,1301 1522,1298 1566,1295 1611,1292 1656,1286 1701,1283 1745,1280 1790,1277 1835,1274 1880,1268 1925,1265 1969,1262 2014,1259 2059,1256 2104,1259 2148,1253 2193,1250 2238,1247 2283,1244 2327,1238 2372,1235 2417,1235 2462,1229 2507,1226 2551,1226 2596,1220 2641,1214 2686,1208 2730,1205 2775,1199 2820,1196 2865,1193 2909,1190 2954,1187 2999,1181 3044,1178 3089,1178"/>
                <TextEquiv>
                    <Unicode>kommt, werd' ich's ganz leicht nehmen... Ah, jetzt bin ich</Unicode>
                </TextEquiv>
            </TextLine>
            <TextLine id="tr_1_tl_6" custom="readingOrder {index:5;}">
                <Coords points="409,1569 3004,1375 3017,1200 2484,1328 422,1442"/>
                <Baseline points="432,1537 465,1534 510,1531 555,1525 599,1525 644,1522 689,1519 734,1519 778,1513 823,1510 868,1507 913,1504 958,1501 1002,1495 1047,1489 1092,1483 1137,1483 1181,1477 1226,1474 1271,1471 1316,1468 1360,1465 1405,1462 1450,1459 1495,1453 1540,1450 1584,1447 1629,1444 1674,1441 1719,1438 1763,1432 1808,1429 1853,1423 1898,1423 1942,1417 1987,1411 2032,1408 2077,1405 2122,1402 2166,1396 2211,1393 2256,1390 2301,1387 2345,1384 2390,1381 2435,1378 2480,1375 2524,1372 2569,1369 2614,1366 2659,1360 2704,1354 2748,1352 2793,1349 2838,1343 2883,1340 2927,1337 2972,1331 3017,1325"/>
                <TextEquiv>
                    <Unicode>im Prater... Ganz dunkel, man könnte beinah Angst krie-</Unicode>
                </TextEquiv>
            </TextLine>
            <TextLine id="tr_1_tl_7" custom="readingOrder {index:6;}">
                <Coords points="419,1716 3054,1546 3068,1391 429,1626"/>
                <Baseline points="441,1698 468,1695 513,1692 558,1689 602,1686 647,1680 692,1674 737,1671 781,1668 826,1665 871,1662 916,1653 961,1650 1005,1644 1050,1641 1095,1635 1140,1632 1184,1629 1229,1626 1274,1623 1319,1620 1363,1617 1408,1611 1453,1608 1498,1605 1543,1602 1587,1599 1632,1596 1677,1593 1722,1587 1766,1584 1811,1581 1856,1578 1901,1572 1945,1569 1990,1566 2035,1560 2080,1557 2124,1554 2169,1548 2214,1545 2259,1543 2304,1537 2348,1534 2393,1531 2438,1528 2483,1525 2527,1522 2572,1519 2617,1513 2662,1510 2706,1507 2751,1501 2796,1498 2841,1498 2886,1498 2930,1492 2975,1486 3020,1486 3065,1486"/>
                <TextEquiv>
                    <Unicode>gen, wenn das Wort überhaupt in der Armee bekannt wär'...</Unicode>
                </TextEquiv>
            </TextLine>
            <TextLine id="tr_1_tl_8" custom="readingOrder {index:7;}">
                <Coords points="426,1864 2595,1760 3021,1670 3031,1562 436,1770"/>
                <Baseline points="447,1844 480,1841 525,1841 570,1838 614,1835 659,1832 704,1826 749,1823 793,1820 838,1817 883,1811 928,1808 972,1805 1017,1805 1062,1799 1107,1793 1152,1787 1196,1784 1241,1781 1286,1775 1331,1772 1375,1769 1420,1763 1465,1760 1510,1760 1554,1757 1599,1751 1644,1748 1689,1745 1734,1739 1778,1734 1823,1731 1868,1728 1913,1725 1957,1722 2002,1716 2047,1713 2092,1710 2136,1707 2181,1704 2226,1698 2271,1695 2316,1692 2360,1689 2405,1686 2450,1680 2495,1674 2539,1671 2584,1665 2629,1665 2674,1659 2718,1656 2763,1650 2808,1644 2853,1641 2897,1641 2942,1635 2987,1635 3032,1629"/>
                <TextEquiv>
                    <Unicode>Ich hab' nur einmal im L eben Furcht gehabt, als kleiner</Unicode>
                </TextEquiv>
            </TextLine>
            <TextLine id="tr_1_tl_9" custom="readingOrder {index:8;}">
                <Coords points="493,2018 1757,1985 1968,1894 2602,1948 2796,1807 2930,1824 2937,1740 506,1887"/>
                <Baseline points="513,1990 525,1987 570,1987 614,1984 659,1981 704,1978 749,1975 793,1969 838,1963 883,1960 928,1954 972,1951 1017,1951 1062,1945 1107,1942 1152,1939 1196,1936 1241,1933 1286,1928 1331,1925 1375,1922 1420,1919 1465,1913 1510,1910 1554,1907 1599,1901 1644,1898 1689,1895 1734,1892 1778,1886 1823,1883 1868,1880 1913,1877 1957,1874 2002,1871 2047,1862 2092,1859 2136,1856 2181,1853 2226,1850 2271,1847 2316,1844 2360,1838 2405,1835 2450,1829 2495,1826 2539,1823 2584,1817 2629,1814 2674,1811 2718,1811 2763,1805 2808,1799 2853,1796 2897,1793 2942,1790"/>
                <TextEquiv>
                    <Unicode>Bub im Wald. Da war ich elf Jahre. Freilieh hab' ich</Unicode>
                </TextEquiv>
            </TextLine>
            <TextLine id="tr_1_tl_10" custom="readingOrder {index:9;}">
                <Coords points="459,2209 2387,2068 3068,1958 3078,1867 2813,1804 2605,1948 1944,1901 1613,2018 1284,1968 469,2072"/>
                <Baseline points="483,2148 525,2145 570,2142 614,2142 659,2136 704,2133 749,2130 793,2124 838,2122 883,2119 928,2113 972,2107 1017,2107 1062,2101 1107,2101 1152,2095 1196,2089 1241,2086 1286,2086 1331,2080 1375,2074 1420,2071 1465,2071 1510,2065 1554,2062 1599,2059 1644,2053 1689,2050 1734,2047 1778,2038 1823,2035 1868,2029 1913,2023 1957,2023 2002,2020 2047,2014 2092,2011 2136,2011 2181,2008 2226,2002 2271,1999 2316,1996 2360,1993 2405,1987 2450,1981 2495,1978 2539,1975 2584,1975 2629,1969 2674,1963 2718,1960 2763,1954 2808,1954 2853,1945 2897,1942 2942,1936 2987,1936 3032,1931 3077,1928"/>
                <TextEquiv>
                    <Unicode>sehen die Absicht gehabt, zum Militär zu gehen, weil ich</Unicode>
                </TextEquiv>
            </TextLine>
            <TextLine id="tr_1_tl_11" custom="readingOrder {index:10;}">
                <Coords points="513,2323 2038,2270 2293,2146 2984,2119 3041,2035 526,2186"/>
                <Baseline points="534,2298 579,2295 623,2289 668,2286 713,2283 758,2280 802,2277 847,2274 892,2268 937,2262 981,2259 1026,2253 1071,2250 1116,2247 1160,2241 1205,2235 1250,2232 1295,2229 1340,2223 1384,2220 1429,2214 1474,2211 1519,2208 1563,2205 1608,2202 1653,2199 1698,2193 1742,2190 1787,2184 1832,2181 1877,2175 1922,2175 1966,2169 2011,2163 2056,2160 2101,2157 2145,2154 2190,2154 2235,2145 2280,2145 2324,2145 2369,2142 2414,2133 2459,2130 2504,2127 2548,2122 2593,2119 2638,2116 2683,2110 2727,2110 2772,2107 2817,2104 2862,2098 2906,2092 2951,2086 2996,2083 3041,2083"/>
                <TextEquiv>
                    <Unicode>à tout prix das Vaterland hab' verteidigen vellen, das</Unicode>
                </TextEquiv>
            </TextLine>
            <TextLine id="tr_1_tl_12" custom="readingOrder {index:11;}">
                <Coords points="520,2488 3108,2283 3151,2082 2390,2243 1649,2236 1344,2337 1026,2273 526,2384"/>
                <Baseline points="543,2444 552,2444 596,2441 641,2441 686,2438 731,2432 775,2429 820,2426 865,2420 910,2417 955,2411 999,2408 1044,2405 1089,2399 1134,2396 1178,2390 1223,2387 1268,2384 1313,2381 1357,2375 1402,2375 1447,2369 1492,2363 1537,2360 1581,2357 1626,2351 1671,2348 1716,2345 1760,2339 1805,2333 1850,2330 1895,2327 1939,2324 1984,2321 2029,2318 2074,2316 2119,2310 2163,2310 2208,2307 2253,2301 2298,2295 2342,2289 2387,2286 2432,2286 2477,2280 2521,2277 2566,2271 2611,2268 2656,2265 2701,2259 2745,2256 2790,2250 2835,2247 2880,2244 2924,2238 2969,2235 3014,2229 3059,2226 3103,2220 3148,2217"/>
                <TextEquiv>
                    <Unicode>doch immerfort in solcher Gefahr ist. Die Uniferm ist mir</Unicode>
                </TextEquiv>
            </TextLine>
            <TextLine id="tr_1_tl_13" custom="readingOrder {index:12;}">
                <Coords points="506,2622 3041,2414 3091,2273 513,2528"/>
                <Baseline points="525,2611 540,2611 584,2599 629,2596 674,2590 719,2587 764,2584 808,2575 853,2572 898,2566 943,2563 987,2557 1032,2554 1077,2548 1122,2545 1166,2542 1211,2539 1256,2536 1301,2533 1346,2530 1390,2524 1435,2521 1480,2515 1525,2515 1569,2512 1614,2504 1659,2501 1704,2498 1748,2492 1793,2489 1838,2486 1883,2477 1928,2477 1972,2471 2017,2465 2062,2462 2107,2462 2151,2459 2196,2453 2241,2447 2286,2441 2330,2438 2375,2435 2420,2429 2465,2423 2510,2423 2554,2417 2599,2411 2644,2408 2689,2402 2733,2399 2778,2396 2823,2393 2868,2390 2912,2387 2957,2384 3002,2381 3047,2378 3091,2372"/>
                <TextEquiv>
                    <Unicode>ganz gleichgiltig; ich ging' ebensegern in Sackleinwand;</Unicode>
                </TextEquiv>
            </TextLine>
            <TextLine id="tr_1_tl_14" custom="readingOrder {index:13;}">
                <Coords points="546,2806 3108,2548 3118,2441 560,2655"/>
                <Baseline points="570,2742 608,2739 653,2733 698,2730 743,2727 787,2721 832,2715 877,2715 922,2709 966,2704 1011,2701 1056,2695 1101,2692 1146,2686 1190,2680 1235,2677 1280,2671 1325,2668 1369,2662 1414,2659 1459,2659 1504,2656 1548,2650 1593,2647 1638,2644 1683,2641 1728,2635 1772,2632 1817,2632 1862,2623 1907,2620 1951,2614 1996,2611 2041,2608 2086,2605 2130,2599 2175,2593 2220,2590 2265,2587 2310,2584 2354,2578 2399,2575 2444,2572 2489,2569 2533,2566 2578,2560 2623,2557 2668,2554 2712,2548 2757,2542 2802,2539 2847,2536 2892,2533 2936,2530 2981,2524 3026,2524 3071,2518 3115,2512"/>
                <TextEquiv>
                    <Unicode>wenn ich nur das Recht hab', mein Vaterland zu verteidi-</Unicode>
                </TextEquiv>
            </TextLine>
            <TextLine id="tr_1_tl_15" custom="readingOrder {index:14;}">
                <Coords points="567,2923 3138,2729 3151,2591 2776,2545 1468,2769 580,2796"/>
                <Baseline points="590,2895 596,2897 641,2892 686,2883 731,2880 775,2874 820,2871 865,2862 910,2859 955,2856 999,2853 1044,2847 1089,2844 1134,2838 1178,2835 1223,2832 1268,2829 1313,2826 1357,2823 1402,2817 1447,2814 1492,2808 1537,2805 1581,2799 1626,2796 1671,2793 1716,2790 1760,2784 1805,2778 1850,2775 1895,2772 1939,2766 1984,2763 2029,2757 2074,2754 2119,2751 2163,2748 2208,2745 2253,2739 2298,2736 2342,2730 2387,2727 2432,2724 2477,2721 2521,2721 2566,2715 2611,2712 2656,2709 2701,2706 2745,2701 2790,2698 2835,2695 2880,2689 2924,2686 2969,2680 3014,2677 3059,2674 3103,2668 3148,2671"/>
                <TextEquiv>
                    <Unicode>gen. Wir haben auch indder Kadettenschul' von nichts An-</Unicode>
                </TextEquiv>
            </TextLine>
            <TextLine id="tr_1_tl_16" custom="readingOrder {index:15;}">
                <Coords points="580,3084 3195,2876 3212,2689 590,2967"/>
                <Baseline points="602,3032 614,3035 659,3032 704,3029 749,3023 793,3020 838,3014 883,3011 928,3005 972,3002 1017,2996 1062,2993 1107,2990 1152,2987 1196,2981 1241,2978 1286,2978 1331,2972 1375,2966 1420,2963 1465,2957 1510,2957 1554,2951 1599,2948 1644,2942 1689,2939 1734,2933 1778,2930 1823,2924 1868,2921 1913,2918 1957,2915 2002,2909 2047,2906 2092,2903 2136,2897 2181,2895 2226,2892 2271,2886 2316,2883 2360,2883 2405,2877 2450,2874 2495,2868 2539,2868 2584,2865 2629,2859 2674,2859 2718,2856 2763,2850 2808,2844 2853,2841 2897,2838 2942,2835 2987,2826 3032,2823 3077,2817 3121,2811 3166,2805 3211,2802"/>
                <TextEquiv>
                    <Unicode>derm gesprochen als von Vaterlandsverteidigung. Einen Mit</Unicode>
                </TextEquiv>
            </TextLine>
            <TextLine id="tr_1_tl_17" custom="readingOrder {index:16;}">
                <Coords points="553,3245 2954,3031 3111,2997 3121,2870 563,3098"/>
                <Baseline points="576,3190 617,3187 662,3181 707,3178 752,3172 796,3169 841,3163 886,3160 931,3154 975,3148 1020,3145 1065,3142 1110,3136 1155,3133 1199,3130 1244,3127 1289,3124 1334,3121 1378,3115 1423,3109 1468,3106 1513,3100 1557,3097 1602,3094 1647,3094 1692,3091 1737,3089 1781,3083 1826,3077 1871,3074 1916,3068 1960,3065 2005,3062 2050,3059 2095,3056 2139,3053 2184,3047 2229,3041 2274,3038 2318,3038 2363,3032 2408,3026 2453,3023 2498,3020 2542,3014 2587,3014 2632,3005 2677,3002 2721,2999 2766,2996 2811,2993 2856,2990 2900,2984 2945,2978 2990,2975 3035,2969 3080,2963 3124,2963"/>
                <TextEquiv>
                    <Unicode>schüler haben wir gehabt, der hat gesagt: er freut sich</Unicode>
                </TextEquiv>
            </TextLine>
            <TextLine id="tr_1_tl_18" custom="readingOrder {index:17;}">
                <Coords points="607,3366 3024,3155 3084,3007 617,3265"/>
                <Baseline points="629,3327 665,3324 710,3324 755,3318 799,3312 844,3309 889,3306 934,3300 978,3294 1023,3291 1068,3288 1113,3285 1158,3280 1202,3277 1247,3271 1292,3268 1337,3265 1381,3262 1426,3256 1471,3253 1516,3247 1560,3241 1605,3238 1650,3235 1695,3232 1739,3226 1784,3226 1829,3220 1874,3214 1919,3211 1963,3208 2008,3205 2053,3202 2098,3199 2142,3196 2187,3193 2232,3187 2277,3184 2321,3181 2366,3181 2411,3178 2456,3175 2501,3172 2545,3163 2590,3157 2635,3157 2680,3151 2724,3148 2769,3145 2814,3142 2859,3136 2903,3133 2948,3127 2993,3121 3038,3118 3083,3115"/>
                <TextEquiv>
                    <Unicode>wegen der Uniform zum Militär zu kommen,- der hat die</Unicode>
                </TextEquiv>
            </TextLine>
            <TextLine id="tr_1_tl_19" custom="readingOrder {index:18;}">
                <Coords points="610,3503 1448,3503 2079,3349 3101,3306 3138,3101 2887,3235 2176,3195 1934,3306 620,3369"/>
                <Baseline points="632,3462 671,3462 716,3462 761,3459 805,3456 850,3450 895,3444 940,3441 984,3438 1029,3432 1074,3426 1119,3423 1163,3417 1208,3411 1253,3408 1298,3405 1343,3399 1387,3396 1432,3393 1477,3390 1522,3387 1566,3384 1611,3381 1656,3378 1701,3372 1745,3369 1790,3366 1835,3363 1880,3357 1925,3354 1969,3351 2014,3348 2059,3348 2104,3345 2148,3342 2193,3339 2238,3336 2283,3330 2327,3327 2372,3327 2417,3324 2462,3318 2507,3315 2551,3312 2596,3306 2641,3300 2686,3297 2730,3294 2775,3288 2820,3285 2865,3283 2909,3280 2954,3277 2999,3274 3044,3268 3089,3262 3133,3259"/>
                <TextEquiv>
                    <Unicode>Anstalt sofort verlassen müssen.... Ja, und noch einer</Unicode>
                </TextEquiv>
            </TextLine>
            <TextLine id="tr_1_tl_20" custom="readingOrder {index:19;}">
                <Coords points="620,3637 2581,3554 2799,3443 3188,3453 3242,3306 2840,3413 630,3513"/>
                <Baseline points="641,3602 647,3605 692,3602 737,3599 781,3596 826,3593 871,3587 916,3584 961,3581 1005,3578 1050,3575 1095,3572 1140,3566 1184,3563 1229,3560 1274,3557 1319,3551 1363,3551 1408,3548 1453,3545 1498,3545 1543,3542 1587,3536 1632,3530 1677,3527 1722,3524 1766,3524 1811,3521 1856,3518 1901,3512 1945,3506 1990,3503 2035,3500 2080,3497 2124,3497 2169,3491 2214,3485 2259,3479 2304,3479 2348,3474 2393,3471 2438,3468 2483,3468 2527,3465 2572,3459 2617,3459 2662,3453 2706,3447 2751,3444 2796,3441 2841,3438 2886,3435 2930,3432 2975,3432 3020,3426 3065,3420 3109,3417 3154,3411 3199,3408 3244,3411"/>
                <TextEquiv>
                    <Unicode>hat hinaus müssen - einer, der - ich weiss, was er getan</Unicode>
                </TextEquiv>
            </TextLine>
            <TextLine id="tr_1_tl_21" custom="readingOrder {index:20;}">
                <Coords points="590,3825 2216,3648 2729,3681 2883,3587 3239,3644 3252,3493 603,3641"/>
                <Baseline points="614,3754 656,3754 701,3751 746,3748 790,3748 835,3748 880,3742 925,3736 969,3730 1014,3727 1059,3721 1104,3718 1149,3718 1193,3709 1238,3706 1283,3703 1328,3697 1372,3694 1417,3691 1462,3691 1507,3685 1551,3682 1596,3679 1641,3676 1686,3673 1731,3670 1775,3665 1820,3659 1865,3656 1910,3653 1954,3650 1999,3650 2044,3650 2089,3647 2133,3644 2178,3641 2223,3635 2268,3632 2313,3629 2357,3626 2402,3623 2447,3617 2492,3614 2536,3611 2581,3608 2626,3602 2671,3599 2715,3596 2760,3590 2805,3587 2850,3581 2895,3581 2939,3578 2984,3575 3029,3575 3074,3569 3118,3563 3163,3560 3208,3557 3253,3551"/>
                <TextEquiv>
                    <Unicode>hat -, aber es war so unsittlich, dass ich das Wort nicht</Unicode>
                </TextEquiv>
            </TextLine>
        </TextRegion>
    </Page>
</PcGts>
