3368 4040
2751 244 2863 417 2
377 448 2982 614 überhaupt Christen und Israeliten vollkommen gleich lieb
387 556 2972 740 sind... Beim Militär wird eben nicht nach der Konfession
387 692 2890 889 gefragt: ob Jud oder Christ, wer tüchtig und anständig
383 872 3118 1079 ist, wird Offizier. Alles nur nach Verdienst... Neulich war
404 963 3002 1204 ich auch in einer jüdischen Familie, bei Mannheimers. Es
448 1130 3030 1367 war sehr hübsch, das Essen und die Zigarren famos... das
407 1286 3040 1489 ist mir übrigens ganz egal gewesen: ich geh' nur hin,weil
410 1455 3080 1642 es so gebildete Leute sind. - Aher aufpassen!... "Ihr gute
404 1642 2958 1795 Engel, lebet Gott den Herrn...“ O Gott, es ist ja schon
410 1744 3046 1957 aus! Alle Leute stehn auf... Was für ein hübsehes Mädchen
475 1944 3063 2100 da vor mir... Ich muss doch endlich ernstlich ans Heira-
424 2090 2975 2246 ten denken. Sehliesslich bin ich jetzt 23 Jahre alt, da
427 2236 3070 2426 ist es schen Zeit, ich hasse alle unsittlichen Verhältnis-
441 2354 3026 2558 se. Jeder Andre - ich mein natürlich nur einen Zivilis-
448 2527 3091 2717 ten - hätte sicher mit dem Fräulein Stepahnie angebandelt,
478 2697 3067 2877 die mir solche Avancen macht. Aber ich nicht, e nein!...
448 2843 3070 2996 So was tu' ich nicht!... Entweder giebt sie ihrem Fräuti-
499 2968 3114 3169 gam den Absehied, oder  - - 0, so ein Gedränge!... Und wie
461 3131 3043 3301 der so viele Juden... Das Interesse dieser Leute für die
499 3274 2962 3474 Musik ist doch sehr erfreulich... Ah, da drüben sind
451 3372 3013 3623 noch ein paar Kameraden... Die Teilnahme an geistlichen
455 3542 3087 3739 Konzerten nimmt in unsern Kreisen doch von Tag zu Tag zum.
