3320 3960
396 417 3122 657 ... So, jetzt die Treppe hinunter.... Ein Major von 957..
389 633 2983 775 So - in die Garderobe.... Nein, was für ein Gedränge!...
386 786 3037 948 Wer ist denn das vor mir?.... O, dieser Dieke!... Na, ich
379 948 2973 1124 hab ja Geduld.... Der Dieke drängt.. No, das sehadt ja
369 1080 2814 1287 nichts... Jetzt dreht er sich um.... O, was für ein
386 1250 3024 1443 Blick!... Ich hab in diesem Blick gelesen, dass er sich
389 1412 2892 1554 denkt: Dummer Bub!“... Jetzt müsste ich eigentlich den
386 1517 3014 1734 Säbel ziehn und ihn totschlagen.... Aber nein, ich schenk
1392 1632 1683 1727 lieber
413 1659 3041 1869 ihm das Leben und werde selbst sterben, da ich mit diesem
376 1788 3000 2022 Fleeken auf meiner Ehre nicht weiterexistieren kann... O,
413 1961 3041 2116 ieh danke Ihnen sehr, dass Sie mir in den Rock helfen...
359 2079 3051 2323 Dem werd' ich 5 Gulden geben.... So, jetztXXXX'ins Freie.
393 2252 2970 2462 ... Entsetzlich! muss ich mich wirklich umbringen?... Es
423 2394 2783 2624 weiss ja niemand was... Er weiss es am End' selber
362 2577 2834 2783 nicht... Aber ich weiss es, dass er sich gedacht hat
413 2719 2936 2909 Dummer Bub!“ ich muss also sterben... Wenn ich die Sa¬
386 2868 2973 3081 ehe dem Ehrenrat verlego, er wird auch nicht anders ent-
383 3004 3051 3186 scheiden... Der Ehrenrat ist ja so subtil. Neulich ist ihm
379 3200 2888 3332 der Fall vorgelegen, dass ein Kamerad beschuldigt war,
379 3335 3037 3481 der an einer geheimen Krankheit litt, in einerunbezwingli-
430 3430 2983 3674 ehen Aufvallung ein anderes Mädchen berührt zu haben...
