3400 4040
1611 500 2069 683 ich auf die
552 533 1347 709 s... Ah, ich seit
1866 621 2334 834 den treffen.
418 664 1294 889 jetzt heisst's, letzt
1778 762 2599 974 ilich, traurig wer
340 814 1324 1013 mir zuhaus sagen werd.
343 945 2811 1164 alle sein, aber um ich ja die Sache niederschreiben wir
346 1079 2932 1343 werden sie’s alle einsehn, und da ich für meine Ehre und
396 1170 2991 1458 dieEhre der Armee gestorben bin, werden sie sich bald be-
363 1337 2961 1572 ruhigen.... Ein bisschen leid tut’s mir, dass ich nie die
340 1513 2935 1746 Liebe kennen gelernt habe, von der die Leute so viel re-
376 1618 3007 1899 den... Aber wie soll ein armer Leutnant die Liebe kennen
2762 1778 2883 1922 1 el
376 1772 2733 2030 lernen?... Vor einer gewissen Art von Weibern hab'
425 1955 2965 2252 geradezu Widerwillen, und mit verheirateten Frauen will
409 2059 2978 2360 ich nichts zu tun haben, weil ja ein solcher Verkehr ung
451 2242 2922 2540 setzlich wäre,- ein Mädel aushalten kann ich nicht, wei-
425 2432 2488 2680 ich nicht genug Gasch' hab'.... aber nach all
2213 2523 2314 2733 in
494 2569 2148 2847 sin paar Kameraden erzählen, muss es
484 2700 2255 2971 gen sein... Also wird's ernst - wirkl
431 2863 2311 3138 Kann ich mir nicht vielleicht die Unifer
490 3014 2242 3272 nach Amerika gehn?... Nein, wenn ich
556 3167 2020 3426 werde: das könnte ich doch nie von
1422 3318 1827 3507 angesehn.
641 3547 781 3707 tot
