3592 4216
1191 2364 1909 2489 es nur möglich?
1358 2489 2332 2663 Ja, der Leuchtkäfer!
1374 2671 3140 2862 So ein Leuchtkäfer ist immer da, wenn
1175 2820 1935 2955 man ihn braucht.
1377 2981 2843 3151 Es kann auch ein Maikäfer sein.
1374 3127 2325 3309 Wink des Schicksals.
1361 3312 2602 3426 Das Sehieksal winkt immer.
3203 212 3325 331 36
3026 524 3190 702 FJ
1146 736 3188 956 for auf die Bahn, geh zu Fuss - wen begegne
1194 937 3095 1072 ieh?.... Dem Cousin mit dem Rucksack. Er
1189 1104 3320 1276 trällert ein Liedl. O, denk' ich mir, das ist
1138 1231 3190 1406 doch merkwürdig! - Und ich, wie ein Ehemann
1144 1416 3145 1533 ifersüchtig, reise nicht ab, sondern bleib
1191 1575 1681 1716 wieder da.
1326 1708 2068 1882 Dann quält sie
2131 1737 3196 1888 ich habe dem Mann tele¬
1186 1874 1679 2028 graphiert.
1361 2017 2748 2219 Der Mann, schön wie ein Gott,
1406 2195 3270 2391 Ich rede mit ihr. Sage ihr: Ja, wie ist
