3528 4168
1110 821 3259 976 überhaupt oft und viel schreiben, senat de
1928 968 2281 1064 ainsit
1123 981 3179 1155 werd' ich ja keine Zerstreuung haben.
1334 1128 2406 1318 Herzlichen Gruss. Dein
2773 1152 3136 1329 Stefan.
1118 1465 1877 1626 Felix an Stefan.
1337 1620 3134 1781 Durchgefallen! Darf erst in einem Jahr
1152 1786 3102 1928 die Prüfung wiederholen. Es lebe die Frei-
1104 1933 1692 2094 heit! Gruss!
2815 1955 3128 2069 Felix.
1110 2233 1872 2388 STEFAN AN FELIX.
1332 2409 3053 2575 Mein lieber Felix! Du hast’s gut, du
1158 2559 3000 2711 kannst deine Ferien geniessen. Also hör
1115 2698 3139 2898 einmal zu, wie ich lebe. Um sieben Uhr steh
1102 2858 3080 3037 ich auf, frühstücke auf der Terrasse, ganz
1107 3021 3142 3187 allein, dann geh' ich in den Wald mit Plaid
1144 3136 3179 3326 und Büchern, streeke mich auf den Plaid und
