3576 4104
3030 366 3163 491 10
1185 829 1965 1024 STEFAN AN FELIX.
1414 964 3131 1167 Lieber Felix! Also zu solchen Witzen
1180 1120 3093 1307 hast du Zeit, aber zu einem vernünftigen
1188 1294 3142 1429 Brief nicht. Du hast gar keine Ahnung, in
1201 1440 3183 1593 was für eine Verlegenheit du mich gebracht
1188 1611 3280 1731 hast. Der Packetbriefträger kommt grade zum
1206 1752 3246 1900 schwarzen Kaffee, alle Blicke sind auf mich
1253 1928 3254 2079 gerichtet, ich unterschreibe das Rezepisse,
1260 2100 3225 2209 spiele den Unbefangenen, schneide den Spa-
1208 2219 3118 2373 gat durch, mache die Schachtel auf - die
1253 2393 3116 2547 ganze Pension ist neugierig - ich greif'
1214 2549 3280 2687 hinein - in die Schachtel, mein' ich - grabe
1211 2682 3225 2833 mit meiner Hand in die Watte, erwische end-
1263 2853 3178 3012 lich ein dünnes Schnürl - ich zieh - ieh
1263 2991 3134 3155 zieh - die Leute schauen zu - ich zieh -
1232 3183 3246 3303 die Leute schauen natürlich immer weiter zu
1318 3321 3072 3467 ich wickle das Schnürl um meine Hand
1279 3467 3285 3617 endlich erscheint das Monocle, und noch da-
