3560 4200
3026 386 3154 521 12
1196 860 1970 1040 STEFAN AN FELIX.
1418 1001 3237 1144 Mein lieber Felix! Ich versichere dich.
2690 1105 3232 1230 schriebe
1191 1181 3083 1303 dass ich dir längst nicht mehr schreiben
1196 1329 3151 1478 würde, wenn ich nicht das Bedürfnis hätte,
1194 1506 3135 1613 mich irgendwie auszusprechen, und ich das
1212 1671 3190 1770 Tagebuchschreiben nicht für grässlich abge-
1209 1827 3185 1923 schmackt hielte. Bilde dir also keineswegs
3013 1858 3302 1983 henl
1212 1947 3159 2106 ein, dass die Eröffnungen, die ich dir ma-
1504 2067 1845 2168 sident.
1209 2095 3253 2236 chen werde, Beweise meiner Freundschaft oder
1217 2280 3187 2393 Sympathie zu bedeuten haben;
1209 2408 3190 2549 nur einen Bekannten hätte, du hörtest kein
1267 2588 3234 2700 Wort mehr von mirt Aber ich bin noch immer
1308 2666 2997 2765 Also es reißut u diese Pension
1201 2684 3232 2875 einsam wie früher, und nur ein menschliches
1217 2903 3214 3018 Wesen existiert, dem ich allmälig näherkom-
1209 3000 3219 3174 me.- Das ist nämlich wörtlich zu verstehen:
1230 3182 3323 3349 vor 3 Tagen sind noch 5 Personen an der Table
