3592 4152
3160 386 3260 507 8
1340 710 3201 831 meins ist zerbrochen -, möchtest du mir
1298 869 3050 1011 nicht eins schicken? Einfach in einer
1309 972 3366 1157 Schachtel. Es geht mir sehr ab; hier bekommt
1301 1180 3304 1337 man keines, und ich bin ja wirklich auf ei-
1298 1286 2299 1458 nem Auge kurzsichtig.
1504 1437 3355 1635 (Heut bin ich beinah bis zum Ufer gegen
1304 1638 3247 1777 über geschwommen - prachtvoll! Bei meiner
1347 1761 3343 1928 Rückkehr war das Damenbad sehr belebt. Ein
1301 1936 3199 2078 nettes blindes Fräulein von höchstens 16
1301 2090 3368 2209 lernt schwimmen und kokettiert dabei mit dem
1309 2242 3314 2366 Schwimmmeister, der einen Antinouskopf hat.
1340 2414 3361 2546 Ich habe mir wieder einmal vorgenommen, nie
1337 2535 3309 2690 zu heiraten. - Es wird jetzt überhaupt le-
1340 2715 3296 2841 bendig im See: einige Weiber mit riesigen
1296 2849 3301 2988 Hüten gegen die Sonne, aber zugleich gegon
1293 3003 3258 3147 mich,- dumme Buben, die auf Balken reiten
1296 3196 3350 3332 und sich und die Mitwelt anspritzen, wie wir
