3672 4248
3079 369 3214 531 20
1274 854 3247 1050 ist höflich genug, uns nicht umzublättern.
1261 984 3234 1182 Abends sind wir in einem Kahn am Ufer hin-
1264 1149 3132 1327 und hergerudert. Bei dieser Gelegenheit
1266 1340 3300 1482 hatte ich mit ihr ein sehr merkwürdiges Ge-
1307 1464 3259 1642 spräch. Unter anderm behauptete sie, dass
1271 1612 3267 1749 sie ihrem Mann niemals wieder in die Augen
1279 1782 3221 1932 sehen könnte, wenn... wenn sie ihm untreu
1274 1915 3315 2118 gewesen wäre. Sie würde ihm lieber die Wahr
1314 2090 3275 2281 heit sagen. - Heute abends begleitete ich
1271 2240 3267 2390 sie bis vor ihre Zimmertür und küsste ihro
2860 2387 3216 2545 Stefan.
1284 2420 2365 2578 Fingerspitzen. - Adieu!
1281 2715 2052 2876 FELIX ANSTEFAN.
2479 2850 2799 3010 Felix.
1500 2904 1721 3051 p.f.
1284 3173 2044 3338 STEFAN AN FELIX.
1459 3308 3295 3542 Lieber Felix! Heute hat sie mir gestan-
