3624 4200
3092 480 3220 666 36
716 585 2247 777 Da hat sie angefangen zu weinen.
716 774 3426 946 Heute früh ist übrigens der Cousin mit dem Rucksack wieder
672 929 1210 1139 angekommen
2105 1071 2507 1240 Stephan
1642 1101 3382 1416 Der Corin mittden Rückmarkt -
666 1210 1564 1406 Feldx an Stephan.
666 1368 3304 1598 Ich rate Dir die Leichtkäfer im Umkreis des Hotels auszu
666 1574 1027 1683 rotten.
2291 1662 2595 1855 Felix.
669 1814 1483 2051 Stephan an Felix.
659 1970 3247 2156 Dein freundlicher Rat kommt verspätet. Der Rucksack war
672 2135 3392 2338 echt aber der Cousin war falsch. Es wäre notwendig gewesen
723 2318 3436 2487 auch die Leuchtkäfer des vorgangenen Jahres zu vertilgen.
2581 2379 3406 2504 Natur auszulich.
1389 2436 1889 2537 rebermose
672 2473 3119 2642 Ich reise ab. Morgen früh bin ich in Ischk. Empfangs
683 2578 2706 2808 feierlichkeiten verbeten. Grüsse die Fasen.
2781 2656 3406 2862 Dein Stephan
649 2703 3092 3095 + Und was die mich reife & onbelangt, wo
794 3010 2835 3291 weil er völlig gewesen -
