3560 4216
3128 217 3272 415 34
1140 502 3122 703 damit nicht genug... Alles erinnert sie an
1173 654 3144 869 den Leuchtkäfer: benn wir am Abend auf der
1119 877 3120 1026 Brücke stehen und oben die Sterne über den
1113 953 3190 1192 Himmel gehen, packt sie mich beim An, deutet
1105 1189 3063 1358 hinauf und sagt: "Erinnerst du dich?" Und
1167 1330 3141 1523 drüben die Liehter am andern Ufer: "Denkst
1121 1458 3155 1653 du noch dran?” Gestern wie ein Radfahrer an
1072 1664 3101 1824 uns mit der Laterne verbeikommt, zwickt sie
1110 1803 3065 1958 mich und erpresst einen verständnisvollen
1119 1979 3125 2161 Blick. Und wenn ich mich zu wehren, sie da-
1119 2137 3133 2262 ven abzubringen versuehe, ist ihre Antwort:
1176 2289 3190 2463 „Undankbarer!"... Aber das Aergste ist mir
1083 2471 3234 2590 gestern Abend passiert. wir fahren auf dem See
1072 2587 3196 2756 spazieren, plötzlich bewegen sich ihre Lippen
1110 2748 3288 2935 leise, und sie fängt an zu singen, zuerst ganz
1110 2910 3206 3090 leise, dann immer lauter. Sie singt in einer
1165 3033 3266 3244 einförmigen, schlichten Art, als wäre es ein
1138 3220 2973 3410 Volkslied. Folgenderm aassen singt sie:
1415 3361 2446 3587 "Käferlein, Käferlein,
1444 3508 2826 3749 Bist s. klein, bist se klein.
