3560 4168
1250 802 3360 1012 studiere. Natürlich merke ich, dass ich alle
1298 1001 3203 1159 gewusst habe und absolut nicht notwendig
1256 1132 3287 1269 gehabt hätte, zurückzutreten; aber wenn ich
1245 1329 3277 1476 nicht täglich sieben Stunden lang rekapitu-
1232 1452 3279 1596 liere, hab' ich natürlich bis zum September
1242 1612 3305 1764 alles vergessen. Zu dumm! Um halb zwölf bade
1235 1727 3311 1929 ich, schwimme weit hinaus in den See - gleich
1232 1937 3201 2066 daneben ist das Damenbad, aber es scheint,
1240 2073 3229 2241 dass es ausschliesslich von alten Jüdinnen
1227 2244 3290 2391 beschwommen wird. Eine hat eine Schwimmblase
1222 2359 3187 2550 um, lässt sich von den Wellen hinustragen
1224 2550 3266 2695 und hält sich, ihrer edlen Kopfhaltung nach
1224 2676 3298 2886 zu schliessen, für einen besseren Schwan. Um
1279 2868 3182 3007 ein Uhr table d'hôte, anständig bürgerli-
1232 3017 3256 3182 ches Essen; etwa sechzehn Leute: zwei alte
1206 3156 3269 3350 Ehepaare, eine Mutter mit drei Kindernd, ei-
