3560 4216
3078 189 3289 397 33 6
776 240 2856 509 Obentenier in der Erinnerung einen
2723 382 3108 554 re r.30.
844 420 3226 734 Rey mehr geben dürfte. Aber hin ja
1172 622 2353 855 FILLIX xxFAN an
829 778 1560 1027 for where if
1222 850 3028 1021 Du, dass ist entschieden die merkwürdig
1039 995 2862 1214 ste Geschichte die ich je erlebt habe.
962 1128 1116 1211 ou le dernier ou les
1146 1143 1234 1187 ouvrage
1039 1205 3013 1335 Sie ist zweifellos wahnsinnig, und ich bin
1039 1350 2978 1510 der Einzige, der es weiss und bemerkt. Sie
977 1492 3055 1640 hat ja lichte Momente, aber sie werden immer
2537 1616 2910 1717 we do
1027 1652 2978 1800 seltener. Ich weiss gar nicht, was daraus
1208 1767 1554 1883 ende
989 1832 3185 1962 nach werden soll. Wenn andere Leute dabei sind,
1101 1954 3078 2116 an der Table d'hote oder im Klavierzimmer
1048 2122 3194 2276 da geht es ja noch; aber wenn wir allein sind,
1086 2291 3055 2466 da ist der Teufel les. - Wenn ich bedenke,
1045 2460 3031 2602 was wir bis vor Kurzem für tiefe Gespräche
1045 2581 3111 2776 geführt haben!... Über die Liebe, und über's
1051 2762 3152 2951 Theater, und über die Ehe... und alles mögli-
1054 2919 3046 3093 ehe - - jetzt giebt's nur mehr eins - oder
1060 3049 3117 3232 vielmehr alle führen dahin: dum Leuehtkäfer,
1066 3203 3197 3383 dem ich, wie sie behauptet, mein Glück verdan-
1063 3371 3040 3546 ke. Dass ein Leuchtkäfer aush aina Ausrede
1110 3537 3052 3777 sein kann, hab' ich nicht gewusst. - Aber
