3576 4168
3050 323 3196 435 17
1192 744 3206 916 so ge wiss an. Ihren Namen unterschlage ich
1184 947 3214 1059 lieber, sonst könnte ich dir vielleicht al-
1189 1116 3277 1213 les Uebrige nicht erzählen und das wäre doch
1195 1273 2995 1369 schade. Denn ich hoffe, bei dieser Ge-
1197 1442 3258 1520 schichte wird sich Manches erübrigen lassen
1247 1559 3146 1666 - Beim Frühatück setzt sie sich an meinen
1200 1668 3050 1853 Tisch. Während des Frühstücks kommt die
1189 1887 3245 1975 Post. Jeden Tag bekommt sie einen Brief von
1197 2033 3193 2142 ihrem Mann in einem riesigen blauen Kuvert
1236 2191 3264 2298 A offenbar ein Geschäftsmann, der keine Ahn-
1189 2355 3240 2454 ung von ihr hat. Dann kriegt sie eine ganze
1197 2433 3128 2602 Anzahl von Ansichtskarten. Nach dem Früh-
1197 2644 3243 2753 stück nimmt sie Brief, Karten und irgend ei-
1200 2824 3271 2928 ne Handarbeit und geht in den Wald, -ich aufs
1182 2891 3253 3066 Zimmer arbeiten. Zu Mittag, wenn ich in den
1244 3136 3211 3232 See hinausschwimme, lehnt sie im Damenbad
1197 3282 3204 3446 am Geländer in einem weissen Badmantel und
