3560 4216
3157 403 3278 611 27
1336 863 3214 1028 leise: "Ich liebe Sie." Da zitterte ihre
1323 1017 3280 1197 Hand. Wir waren nicht mehr allein; einige
2060 1138 2230 1241 haben
907 1159 1323 1315 en paa
1390 1169 3334 1364 junge Mädchen hatten sich auf die Bank ge-
1372 1336 3301 1508 setzt und flüsterien mit einander. Es war
1315 1462 3249 1647 ganz dunkel. Auch zwei Herren gefangen auf
1323 1659 3257 1798 der Brücke auf und ab. "Kommen Sie", sagt
1318 1803 3355 1937 sie plötzlich. Wir gehen über die Landstras-
1313 1929 3370 2099 se in den kleinen Park vor der Pension, dann
1310 2114 3373 2296 über die Terrasse, dann am Haus vorbei durch
1305 2263 3347 2433 den Hof in den kleinen Wald, der gleich hin-
1307 2425 3345 2579 ter der Pension anfängt. "Ist das auch wahr,
1307 2576 3337 2720 was sie da auf der Brücke gesagt haben?“ be
1292 2733 3275 2890 ginnt sie. Ja, sag ich. Und jetzt stell
1341 2885 3334 3065 din von, was passiert Plötzlich glänzt et
1290 3044 3345 3226 was im Dickicht neben uns auf, fliegt in die
1269 3183 3278 3378 Höhe und schwebt vor uns. “Sehen Sie doch“,
