3512 4200
2715 278 3031 477 31, 72
1121 425 3028 632 und ich bin wirthsich nicht durchgefallen.
1096 604 2240 728 me in Freund.De in Stefan.
1333 768 2101 907 Felix an Stefan.
1338 865 2996 1077 Unglücklicher! es gibt Prüfungen, die
1101 1047 2904 1208 man umso öfter wiederholen muss je bes¬
1114 1208 2844 1348 ser man sie besteht.Herzlichst Felix.
1335 1392 2088 1509 Stefan an Felix.
1335 1527 2946 1668 Vor allem rate ich Dir vermeide es
1109 1693 3061 1805 geistreich ### sein, da Du bei solcher Gele¬
1111 1825 3110 1974 genheit regelmässig indezent uirst. Im übri¬
1109 1974 2904 2113 gen ist nicht viel zu erzählen. Ich bin
1111 2133 2235 2270 glücklich.Servus.Stefan.
1335 2275 3043 2427 Wir gratulieren herzlich.Felix -Eise
1106 2414 2869 2553 Brigitte-Waldemar-Wiskoeil-die kleine
1096 2586 3011 2708 Mizzi(ich weiss. schon wozu) -Ungetreuer-
1124 2762 2190 2896 eine stille Verehrerin.
1325 2899 2098 3066 Stefan an Felix.
1325 3043 2956 3200 Du bist wirklich das indiskreteste
1116 3190 3068 3327 taktloseste Geschöpf,das mir jemels vorge¬
1111 3354 2951 3481 korren ist. Aber darüber mündlich. Heute
1106 3498 2991 3650 habe ich konnteiner leisen Trübung meines
1099 3647 3038 3782 Glücks zu berichten,die ellerdings meinem
