3560 4200
3007 383 3122 519 29
1155 811 3086 999 chen Sie mir", sagt sie, "dass Sie es nie
1148 996 3122 1166 töten werden!" „Nie!“ erwidere ich. “Sehen
1148 1171 3073 1338 Sie, es rührt sich nicht fort! Wahrhätig,
1153 1327 3179 1461 es ist wunderbar! Was mag es bedeuten?" Ich
1140 1466 3076 1607 fühle den Hauch ihres Mundes, während sie
2367 1574 2742 1669 bestimmt.
1145 1630 3025 1808 spricht. "Es bedeutet ganz gXXXXetwas!
1148 1802 3071 1910 Ich küsse sie. "Vielleicht das?" flüstert
1140 1931 3063 2098 sie an meinen Lippen. Während wir stehen,
1148 2131 3032 2241 scheint der Leuchtkäfer immer kleiner zu
1148 2277 3084 2395 werden. Sie bemerkt es. "Gehen wir, gehen
1148 2439 3045 2575 wir!" réft sie aus, "sonst verlischt es.
1148 2557 3179 2706 Wir gehen. Der Leuchtkäfer glänzt immer hel-
1145 2714 3094 2852 ler. Es ist, als wenn er während jeder Be-
1135 2845 3076 3037 wegung meines Fusses aufatmet, aber immer
1132 3007 3114 3171 mühsamer; endlich ist nur ein ganz kleines
1140 3212 3204 3381 grünes Piinktchen zu sehen. "Hr stirbt!" ruft
