3544 4200
3090 330 3232 681 25
1793 730 2575 937 Stefan an Felix.
1262 867 3109 1087 Gestern war ein Cousin ihres Mannes da,
1076 820 1251 1090 4
1150 1106 3077 1232 sehr unelegant, mit Rueksaek, Sweater und
1142 1243 3131 1382 Zugstiefletten, dem sie mich beim Frinstück
1109 1406 3087 1583 verstellte. Vermittags ging sie mit ihm im
1093 1572 3164 1722 Wald spazieren, um ihm die Gegend zu zeigen,
1095 1714 3281 1842 Mittag sass er an ihrer andern Seite, sprach von
1098 1812 1262 1908 MM.
1101 1869 3240 1992 nichts als vom Bergsteigen, Klettern, Kaminen,
1095 2014 3055 2155 Gletscherspalten. Sie war auch früher Teu-
1090 2158 3055 2354 ristin, hat es aber aufgegeben. Abends be-
1093 2330 3150 2477 gleitete sie ihn zur Bahn. Es sah beinah ko-
1093 2521 3033 2690 misch aus. Ich ging ihr entgegen und traf
1139 2649 3115 2853 sie, als sie vom Bahnhof zurückkehrte. Wir
1147 2820 3169 3014 hatten ein sehr interessantes Gespräch über
1049 2973 3139 3164 den Gatten. Ich hatte recht vermutet: er ver
1057 3150 3229 3305 steht sie gar nicht Im übrigen bitte ich dich
1093 3284 3259 3450 mir nicht auf Ansichtskarten zu schreiben, dass
1063 3458 2104 3649 ich durchfallen werde.
