<?xml version="1.0" encoding="UTF-8" standalone="yes"?>
<PcGts xmlns="http://schema.primaresearch.org/PAGE/gts/pagecontent/2013-07-15" xmlns:xsi="http://www.w3.org/2001/XMLSchema-instance" xsi:schemaLocation="http://schema.primaresearch.org/PAGE/gts/pagecontent/2013-07-15 http://schema.primaresearch.org/PAGE/gts/pagecontent/2013-07-15/pagecontent.xsd">
    <Metadata>
        <Creator>prov=READ-COOP:name=TrHtr:version=2.1.0:model_id=51170:date=14_08_2023_18:34</Creator>
        <Created>2023-05-10T14:43:59.915+02:00</Created>
        <LastChange>2023-08-14T18:34:20.738+02:00</LastChange>
        <TranskribusMetadata docId="1428652" pageId="55424277" pageNr="15" tsid="132821336" status="IN_PROGRESS" userId="64420" imgUrl="https://files.transkribus.eu/Get?id=DSSWFJPVAHKLJLGSUDYJRLWN&amp;fileType=view" xmlUrl="https://files.transkribus.eu/Get?id=IACVWUWIJHBTJGYIJQXBYCZZ" imageId="44698355"/>
    </Metadata>
    <Page imageFilename="1428652_0015.jpg" imageWidth="3592" imageHeight="4184">
        <ReadingOrder>
            <OrderedGroup id="ro_1711814724049" caption="Regions reading order">
                <RegionRefIndexed index="0" regionRef="tr_1"/>
                <RegionRefIndexed index="1" regionRef="tr_2"/>
            </OrderedGroup>
        </ReadingOrder>
        <TextRegion id="tr_1" custom="readingOrder {index:0;}">
            <Coords points="1280,367 3330,367 3330,1684 1280,1684"/>
            <TextLine id="tr_1_tl_1" custom="readingOrder {index:0;}">
                <Coords points="3155,449 3168,449 3179,439 3202,439 3217,426 3268,436 3266,336 3248,334 3240,341 3225,329 3207,329 3179,306 3171,311 3153,308"/>
                <Baseline points="3169,417 3214,420 3258,420 3273,420"/>
                <TextEquiv>
                    <Unicode>24</Unicode>
                </TextEquiv>
            </TextLine>
            <TextLine id="tr_1_tl_2" custom="readingOrder {index:1;}">
                <Coords points="1276,914 1510,932 1695,899 1790,924 1841,971 2039,963 2041,757 1841,827 1648,829 1494,793 1440,819 1279,816"/>
                <Baseline points="1289,901 1328,901 1372,904 1417,904 1462,904 1507,904 1551,904 1596,901 1641,901 1686,901 1730,901 1775,901 1820,898 1865,901 1909,895 1954,898 1999,895 2044,898"/>
                <TextEquiv>
                    <Unicode>FELIX AN STEEFAN.</Unicode>
                </TextEquiv>
            </TextLine>
            <TextLine id="tr_1_tl_3" custom="readingOrder {index:2;}">
                <Coords points="1558,996 1582,1004 1597,988 1612,988 1697,999 1741,986 1813,994 1813,927 1790,924 1746,950 1661,914 1628,919 1602,909 1558,917"/>
                <Baseline points="1572,981 1596,978 1641,978 1686,978 1730,981 1775,978 1820,978"/>
                <TextEquiv>
                    <Unicode>Schene</Unicode>
                </TextEquiv>
            </TextLine>
            <TextLine id="tr_1_tl_4" custom="readingOrder {index:3;}">
                <Coords points="1525,1119 3158,1119 3322,1068 3322,973 1525,1001"/>
                <Baseline points="1539,1050 1584,1053 1629,1053 1674,1053 1718,1053 1763,1050 1808,1050 1853,1050 1898,1050 1942,1047 1987,1047 2032,1047 2077,1047 2121,1044 2166,1044 2211,1044 2256,1044 2300,1044 2345,1044 2390,1044 2435,1044 2479,1044 2524,1041 2569,1041 2614,1038 2659,1041 2703,1041 2748,1041 2793,1041 2838,1041 2882,1041 2927,1041 2972,1041 3017,1038 3061,1038 3106,1038 3151,1038 3196,1035 3240,1035 3285,1035 3330,1035"/>
                <TextEquiv>
                    <Unicode>Tausend Grüssel Felix. - Einer ist von</Unicode>
                </TextEquiv>
            </TextLine>
            <TextLine id="tr_1_tl_5" custom="readingOrder {index:4;}">
                <Coords points="1266,1248 3068,1214 3150,1209 3150,1150 1266,1163"/>
                <Baseline points="1280,1211 1319,1211 1363,1211 1408,1214 1453,1211 1498,1211 1542,1211 1587,1208 1632,1208 1677,1208 1721,1208 1766,1205 1811,1202 1856,1202 1901,1202 1945,1205 1990,1202 2035,1202 2080,1199 2124,1199 2169,1199 2214,1199 2259,1199 2303,1199 2348,1199 2393,1196 2438,1196 2482,1196 2527,1196 2572,1196 2617,1196 2662,1196 2706,1196 2751,1196 2796,1196 2841,1193 2885,1193 2930,1190 2975,1193 3020,1190 3064,1190 3109,1184 3154,1181"/>
                <TextEquiv>
                    <Unicode>mir. Lili. - Zwei meinerseits. Margit. -</Unicode>
                </TextEquiv>
            </TextLine>
            <TextLine id="tr_1_tl_6" custom="readingOrder {index:5;}">
                <Coords points="2193,1284 2211,1279 2226,1294 2234,1286 2267,1291 2277,1302 2288,1297 2306,1309 2318,1297 2329,1302 2342,1294 2383,1304 2380,1220 2352,1227 2306,1207 2288,1222 2272,1209 2257,1222 2221,1214 2213,1225 2190,1230"/>
                <Baseline points="2208,1274 2253,1277 2297,1283 2342,1286 2387,1280 2390,1280"/>
                <TextEquiv>
                    <Unicode>cela</Unicode>
                </TextEquiv>
            </TextLine>
            <TextLine id="tr_1_tl_7" custom="readingOrder {index:6;}">
                <Coords points="1266,1379 3181,1389 3279,1376 3279,1284 1266,1297"/>
                <Baseline points="1280,1363 1313,1366 1357,1363 1402,1363 1447,1363 1492,1363 1536,1363 1581,1363 1626,1363 1671,1363 1715,1360 1760,1360 1805,1360 1850,1360 1895,1357 1939,1360 1984,1357 2029,1357 2074,1357 2118,1357 2163,1357 2208,1354 2253,1357 2297,1357 2342,1357 2387,1354 2432,1351 2476,1354 2521,1351 2566,1348 2611,1351 2656,1348 2700,1351 2745,1348 2790,1348 2835,1348 2879,1348 2924,1345 2969,1345 3014,1345 3058,1345 3103,1345 3148,1342 3193,1342 3237,1342 3282,1339"/>
                <TextEquiv>
                    <Unicode>Unbekannter Weise. Also Wiskocil.- Ich bin</Unicode>
                </TextEquiv>
            </TextLine>
            <TextLine id="tr_1_tl_8" custom="readingOrder {index:7;}">
                <Coords points="1284,1582 2280,1615 2508,1512 3227,1523 3230,1446 1286,1466"/>
                <Baseline points="1298,1521 1313,1521 1357,1521 1402,1521 1447,1519 1492,1516 1536,1519 1581,1519 1626,1519 1671,1519 1715,1519 1760,1516 1805,1516 1850,1513 1895,1513 1939,1513 1984,1513 2029,1516 2074,1513 2118,1513 2163,1513 2208,1510 2253,1513 2297,1510 2342,1510 2387,1507 2432,1507 2476,1507 2521,1507 2566,1507 2611,1507 2656,1507 2700,1504 2745,1504 2790,1501 2835,1501 2879,1501 2924,1501 2969,1501 3014,1501 3058,1498 3103,1498 3148,1498 3193,1495 3237,1495"/>
                <TextEquiv>
                    <Unicode>derPeter. - Erinnern Sie sich noch an die</Unicode>
                </TextEquiv>
            </TextLine>
            <TextLine id="tr_1_tl_9" custom="readingOrder {index:8;}">
                <Coords points="1271,1777 1312,1790 1386,1756 1479,1748 1589,1790 1618,1766 1664,1779 1815,1738 1874,1743 1874,1615 1746,1587 1620,1615 1456,1600 1407,1630 1348,1600 1271,1628"/>
                <Baseline points="1286,1674 1298,1674 1342,1674 1387,1674 1432,1674 1477,1674 1521,1674 1566,1674 1611,1674 1656,1671 1701,1671 1745,1671 1790,1671 1835,1668 1880,1668"/>
                <TextEquiv>
                    <Unicode>kleine Mizi?</Unicode>
                </TextEquiv>
            </TextLine>
        </TextRegion>
        <TextRegion id="tr_2" custom="readingOrder {index:1;}">
            <Coords points="1301,1922 3354,1922 3354,3230 1301,3230"/>
            <TextLine id="tr_2_tl_1" custom="readingOrder {index:0;}">
                <Coords points="1289,2051 1982,2046 2033,2069 2054,1905 1962,1923 1838,1892 1741,1920 1291,1882"/>
                <Baseline points="1304,1984 1342,1981 1387,1981 1432,1981 1477,1981 1521,1981 1566,1981 1611,1978 1656,1975 1701,1975 1745,1975 1790,1975 1835,1975 1880,1975 1924,1975 1969,1975 2014,1972 2059,1972"/>
                <TextEquiv>
                    <Unicode>STEFAN AN FELIX.</Unicode>
                </TextEquiv>
            </TextLine>
            <TextLine id="tr_2_tl_2" custom="readingOrder {index:1;}">
                <Coords points="1502,2198 1969,2208 2134,2128 3199,2146 3199,2067 2891,2036 2650,2085 1502,2064"/>
                <Baseline points="1516,2139 1548,2139 1593,2136 1638,2133 1683,2133 1727,2130 1772,2133 1817,2133 1862,2133 1906,2130 1951,2130 1996,2130 2041,2130 2086,2130 2130,2127 2175,2127 2220,2127 2265,2127 2309,2127 2354,2127 2399,2127 2444,2127 2488,2127 2533,2124 2578,2124 2623,2124 2667,2121 2712,2121 2757,2121 2802,2121 2847,2121 2891,2121 2936,2121 2981,2118 3026,2118 3070,2115 3115,2118 3160,2112 3205,2115"/>
                <TextEquiv>
                    <Unicode>Lieber Felix! Sie sitzt schon neben</Unicode>
                </TextEquiv>
            </TextLine>
            <TextLine id="tr_2_tl_3" custom="readingOrder {index:2;}">
                <Coords points="1320,2357 2044,2288 3258,2321 3345,2308 3345,2221 1320,2226"/>
                <Baseline points="1333,2294 1336,2294 1381,2291 1426,2294 1471,2291 1516,2291 1560,2294 1605,2291 1650,2291 1695,2288 1739,2288 1784,2285 1829,2285 1874,2285 1918,2288 1963,2288 2008,2282 2053,2288 2097,2285 2142,2285 2187,2282 2232,2282 2277,2282 2321,2282 2366,2282 2411,2285 2456,2282 2500,2280 2545,2282 2590,2280 2635,2280 2679,2280 2724,2277 2769,2280 2814,2277 2858,2277 2903,2277 2948,2277 2993,2277 3038,2274 3082,2274 3127,2271 3172,2271 3217,2271 3261,2274 3306,2274 3351,2277"/>
                <TextEquiv>
                    <Unicode>mir. Die Zwei, die uns noch getrennt haben,</Unicode>
                </TextEquiv>
            </TextLine>
            <TextLine id="tr_2_tl_4" custom="readingOrder {index:3;}">
                <Coords points="1286,2457 3274,2473 3351,2467 3353,2360 1286,2406"/>
                <Baseline points="1301,2450 1339,2450 1384,2450 1429,2450 1474,2447 1519,2450 1563,2447 1608,2444 1653,2444 1698,2444 1742,2444 1787,2444 1832,2441 1877,2441 1921,2438 1966,2441 2011,2441 2056,2441 2100,2441 2145,2438 2190,2438 2235,2438 2280,2435 2324,2435 2369,2435 2414,2435 2459,2438 2503,2435 2548,2435 2593,2435 2638,2438 2682,2435 2727,2432 2772,2429 2817,2432 2861,2429 2906,2429 2951,2429 2996,2429 3041,2429 3085,2429 3130,2426 3175,2426 3220,2426 3264,2423 3309,2423 3354,2429"/>
                <TextEquiv>
                    <Unicode>sind heute Früh abgereist; bei dem Einen war</Unicode>
                </TextEquiv>
            </TextLine>
            <TextLine id="tr_2_tl_5" custom="readingOrder {index:4;}">
                <Coords points="1302,2642 2901,2619 3189,2596 3191,2511 1302,2565"/>
                <Baseline points="1316,2605 1360,2602 1405,2602 1450,2602 1495,2599 1539,2602 1584,2602 1629,2599 1674,2599 1718,2599 1763,2596 1808,2596 1853,2596 1898,2596 1942,2599 1987,2596 2032,2596 2077,2596 2121,2593 2166,2596 2211,2593 2256,2590 2300,2590 2345,2587 2390,2590 2435,2587 2479,2590 2524,2587 2569,2587 2614,2587 2659,2587 2703,2590 2748,2590 2793,2590 2838,2587 2882,2587 2927,2584 2972,2584 3017,2581 3061,2581 3106,2575 3151,2575 3196,2575"/>
                <TextEquiv>
                    <Unicode>es schon seit Tagen bestimmt, der Andere</Unicode>
                </TextEquiv>
            </TextLine>
            <TextLine id="tr_2_tl_6" custom="readingOrder {index:5;}">
                <Coords points="1289,2796 2611,2745 3202,2796 3202,2693 3127,2670 1289,2678"/>
                <Baseline points="1304,2757 1328,2757 1372,2757 1417,2754 1462,2754 1507,2757 1551,2754 1596,2754 1641,2754 1686,2754 1730,2751 1775,2751 1820,2751 1865,2751 1909,2751 1954,2754 1999,2754 2044,2754 2089,2751 2133,2751 2178,2748 2223,2748 2268,2748 2312,2748 2357,2745 2402,2745 2447,2742 2491,2742 2536,2742 2581,2742 2626,2742 2670,2742 2715,2742 2760,2739 2805,2739 2850,2739 2894,2739 2939,2739 2984,2736 3029,2736 3073,2736 3118,2736 3163,2736 3208,2736"/>
                <TextEquiv>
                    <Unicode>aber hätte den ganzen Sommer hierbleiben</Unicode>
                </TextEquiv>
            </TextLine>
            <TextLine id="tr_2_tl_7" custom="readingOrder {index:6;}">
                <Coords points="1289,2971 2316,2904 3268,2942 3271,2819 1869,2863 1684,2814 1289,2886"/>
                <Baseline points="1304,2915 1307,2915 1351,2915 1396,2912 1441,2912 1486,2912 1530,2912 1575,2912 1620,2912 1665,2912 1710,2912 1754,2912 1799,2912 1844,2909 1889,2909 1933,2909 1978,2909 2023,2909 2068,2909 2112,2906 2157,2906 2202,2903 2247,2903 2291,2903 2336,2900 2381,2900 2426,2897 2471,2897 2515,2897 2560,2897 2605,2897 2650,2894 2694,2897 2739,2897 2784,2897 2829,2897 2873,2894 2918,2897 2963,2894 3008,2894 3052,2894 3097,2894 3142,2894 3187,2894 3232,2894 3276,2903"/>
                <TextEquiv>
                    <Unicode>sollen, bekommt punkt zwölf ein Telegramm,</Unicode>
                </TextEquiv>
            </TextLine>
            <TextLine id="tr_2_tl_8" custom="readingOrder {index:7;}">
                <Coords points="1297,3137 1784,3068 3248,3071 3286,2965 1297,3022"/>
                <Baseline points="1310,3070 1325,3070 1369,3070 1414,3070 1459,3067 1504,3070 1548,3070 1593,3070 1638,3070 1683,3067 1727,3067 1772,3064 1817,3064 1862,3064 1906,3064 1951,3061 1996,3061 2041,3061 2086,3061 2130,3058 2175,3058 2220,3058 2265,3058 2309,3058 2354,3055 2399,3058 2444,3055 2488,3055 2533,3055 2578,3055 2623,3055 2667,3055 2712,3055 2757,3055 2802,3052 2847,3052 2891,3052 2936,3052 2981,3052 3026,3049 3070,3049 3115,3046 3160,3046 3205,3046 3249,3046 3294,3049"/>
                <TextEquiv>
                    <Unicode>dass in seiner Wiener Wohnung ein Einbruch</Unicode>
                </TextEquiv>
            </TextLine>
            <TextLine id="tr_2_tl_9" custom="readingOrder {index:8;}">
                <Coords points="1343,3315 3215,3325 3215,3158 3104,3137 1343,3166"/>
                <Baseline points="1357,3214 1384,3214 1429,3217 1474,3217 1519,3220 1563,3220 1608,3220 1653,3220 1698,3220 1742,3220 1787,3220 1832,3220 1877,3220 1921,3220 1966,3220 2011,3220 2056,3220 2100,3220 2145,3220 2190,3220 2235,3220 2280,3220 2324,3217 2369,3214 2414,3214 2459,3211 2503,3211 2548,3211 2593,3211 2638,3211 2682,3211 2727,3211 2772,3211 2817,3208 2861,3208 2906,3205 2951,3205 2996,3205 3041,3202 3085,3202 3130,3202 3175,3202 3220,3202"/>
                <TextEquiv>
                    <Unicode>verübt worden ist, und reist sofort ab.-</Unicode>
                </TextEquiv>
            </TextLine>
        </TextRegion>
    </Page>
</PcGts>
