3576 4264
2841 306 2978 488 22
1288 570 2046 861 Stefr Tibs
1138 797 2270 961 Der selbe an den selben.
1302 932 1964 1045 ......................... ̃-
1362 993 3128 1201 Lieber Felix! So eine anständige Frau
1135 1159 3213 1325 ist doch ###wes ganz Andenes.... Ich bin doch
1140 1317 3266 1484 gewiss nacht abergläubisch, aber es giebt Noch
1146 1468 3113 1632 Fälle, wo man durch beinahe an eine Bestim-
1140 1642 3039 1777 mung glauben könnte. Also höre, was mir
1154 1790 3173 1985 die schöne Frau heut erzählt hat. Vor ihrer
1140 1935 3176 2115 Abreise hat sie ihren Gatten angefleht - di
1185 2112 3176 2276 rekt angefleht! -, er möge sie dieses Jahr
1143 2268 3126 2402 nach Karslabd mitnehmen,- und er hat es ihr
1148 2447 3168 2563 abgeschlagen. Dann hat sie zwischen 14 ver-
2001 2540 2194 2629 enth
1154 2595 3171 2717 schiedenen LandaufMXXalten geschwankt, bis
1154 2722 3165 2870 sie sich endlich für diesen hier entschied.
1154 2872 3218 3060 Noch etwas! Unsere Vornamen beginnen mit den
1199 3047 3128 3216 gleichen Buchstaben und wir sind im glei-
1164 3202 3208 3382 chen Monat geboren. Dann hat ihr eine verhei
