3560 4152
3064 390 3144 499 2
1195 829 3144 1003 ich an unseren vorjährigen Sommer, unsere
1188 967 3103 1136 herrlichen Teunispartieen, den berühmten
1193 1136 3222 1305 Radausflug mit dem Cousinensturz und an die
1201 1289 3202 1479 schöne Amerikanerin mit dem Sommermuff den-
1201 1427 3241 1616 ken werde. Der Papa ist wütend, Er hat sich
1193 1637 3225 1762 natürlich gleich gedacht, dass es so kommen
1198 1765 3254 1933 wird - schon damals, als er mich am Derbytag
1393 1856 1739 1959 Rentra
1185 1939 3269 2126 mit mir durch die Hauptallee fahren sah. Die
1185 2084 3082 2201 Mama hat mir verziehen. Meiner Schwester
434 2175 1091 2401 # Seil verzahlen
1195 2251 3181 2357 wär’s natürlich auch ganz egal, wenn nicht
439 2315 897 2523 lieut hier
1224 2331 3238 2539 mein Schwagerintriguieren wurde.
1201 2565 3134 2723 ich mir ein Zimmer in einer sehr hübschen
460 2643 1076 2864 f wnd habe dul
1185 2700 3181 2856 Pension genommen, mit der Aussicht auf den
439 2822 1151 2999 Alricht in arbeile
1190 2814 3173 3002 See, Thier werd' ich arbeiten können. Ich
1188 2991 3124 3157 bin sehr neugierig zu erfahren, Wie’s dir
379 3025 572 3183 we
1164 3142 3165 3332 bei der Prüfung gegangen ist. Da musst mir
