<?xml version="1.0" encoding="UTF-8" standalone="yes"?>
<PcGts xmlns="http://schema.primaresearch.org/PAGE/gts/pagecontent/2013-07-15" xmlns:xsi="http://www.w3.org/2001/XMLSchema-instance" xsi:schemaLocation="http://schema.primaresearch.org/PAGE/gts/pagecontent/2013-07-15 http://schema.primaresearch.org/PAGE/gts/pagecontent/2013-07-15/pagecontent.xsd">
    <Metadata>
        <Creator>prov=READ-COOP:name=TrHtr:version=2.1.0:model_id=51170:date=14_08_2023_18:34</Creator>
        <Created>2023-05-10T14:43:58.761+02:00</Created>
        <LastChange>2023-08-14T18:34:18.888+02:00</LastChange>
        <TranskribusMetadata docId="1428652" pageId="55424227" pageNr="8" tsid="132821329" status="IN_PROGRESS" userId="64420" imgUrl="https://files.transkribus.eu/Get?id=ADFLRUXNZPRKYIVCSLMJPAQP&amp;fileType=view" xmlUrl="https://files.transkribus.eu/Get?id=YQDHCWAWLGZJRDLQTNHYPUZV" imageId="44698305"/>
    </Metadata>
    <Page imageFilename="1428652_0008.jpg" imageWidth="3544" imageHeight="4088">
        <ReadingOrder>
            <OrderedGroup id="ro_1711814707257" caption="Regions reading order">
                <RegionRefIndexed index="0" regionRef="tr_1"/>
            </OrderedGroup>
        </ReadingOrder>
        <TextRegion id="tr_1" custom="readingOrder {index:0;}">
            <Coords points="1226,872 3327,872 3327,3283 1226,3283"/>
            <TextLine id="tr_1_tl_1" custom="readingOrder {index:0;}">
                <Coords points="1226,971 3273,984 3273,863 2917,791 2701,891 1226,847"/>
                <Baseline points="1241,922 1286,922 1330,925 1375,925 1420,925 1465,928 1509,930 1554,928 1599,930 1644,930 1688,933 1733,933 1778,933 1823,933 1867,930 1912,933 1957,933 2002,930 2046,933 2091,933 2136,933 2181,936 2226,936 2270,936 2315,936 2360,939 2405,939 2449,939 2494,939 2539,942 2584,942 2628,939 2673,942 2718,942 2763,942 2807,945 2852,945 2897,945 2942,948 2986,948 3031,948 3076,948 3121,948 3165,951 3210,954 3255,957 3279,957"/>
                <TextEquiv>
                    <Unicode>Brief auf. Ich verzichte auf Ansichtskarten,</Unicode>
                </TextEquiv>
            </TextLine>
            <TextLine id="tr_1_tl_2" custom="readingOrder {index:1;}">
                <Coords points="1236,1125 3121,1118 3118,1035 2745,986 2436,1058 1233,1030"/>
                <Baseline points="1250,1077 1295,1080 1339,1080 1384,1080 1429,1080 1474,1080 1518,1080 1563,1077 1608,1083 1653,1083 1697,1086 1742,1086 1787,1089 1832,1086 1876,1086 1921,1089 1966,1089 2011,1089 2055,1092 2100,1092 2145,1092 2190,1092 2234,1092 2279,1092 2324,1092 2369,1095 2414,1092 2458,1095 2503,1095 2548,1095 2593,1095 2637,1095 2682,1095 2727,1095 2772,1098 2816,1098 2861,1101 2906,1101 2951,1101 2995,1101 3040,1104 3085,1104 3127,1104"/>
                <TextEquiv>
                    <Unicode>eure Gegend kenn' ich ja. Denk' doch, in</Unicode>
                </TextEquiv>
            </TextLine>
            <TextLine id="tr_1_tl_3" custom="readingOrder {index:2;}">
                <Coords points="1223,1231 1591,1313 2052,1254 3224,1288 3221,1184 3160,1179 1223,1159"/>
                <Baseline points="1238,1229 1283,1232 1327,1232 1372,1235 1417,1235 1462,1232 1506,1232 1551,1235 1596,1235 1641,1235 1685,1238 1730,1238 1775,1238 1820,1238 1864,1238 1909,1238 1954,1238 1999,1238 2044,1241 2088,1241 2133,1244 2178,1244 2223,1244 2267,1244 2312,1244 2357,1247 2402,1247 2446,1247 2491,1244 2536,1247 2581,1247 2625,1247 2670,1250 2715,1250 2760,1250 2804,1250 2849,1250 2894,1253 2939,1253 2983,1253 3028,1253 3073,1256 3118,1256 3162,1256 3207,1256 3228,1256"/>
                <TextEquiv>
                    <Unicode>was für einem Seelenzustand ich mich befin-</Unicode>
                </TextEquiv>
            </TextLine>
            <TextLine id="tr_1_tl_4" custom="readingOrder {index:3;}">
                <Coords points="1226,1427 3000,1455 3123,1429 3123,1324 1226,1336"/>
                <Baseline points="1241,1390 1286,1390 1330,1387 1375,1387 1420,1387 1465,1387 1509,1387 1554,1393 1599,1393 1644,1390 1688,1390 1733,1393 1778,1393 1823,1393 1867,1393 1912,1393 1957,1396 2002,1396 2046,1399 2091,1399 2136,1402 2181,1402 2226,1402 2270,1402 2315,1402 2360,1402 2405,1402 2449,1402 2494,1402 2539,1402 2584,1402 2628,1405 2673,1402 2718,1405 2763,1405 2807,1408 2852,1408 2897,1408 2942,1408 2986,1408 3031,1408 3076,1408 3121,1408 3130,1411"/>
                <TextEquiv>
                    <Unicode>de! Meinst du etwa, dass mein Herz nicht</Unicode>
                </TextEquiv>
            </TextLine>
            <TextLine id="tr_1_tl_5" custom="readingOrder {index:4;}">
                <Coords points="1215,1560 1578,1638 1772,1566 3170,1602 3170,1496 2861,1465 1215,1475"/>
                <Baseline points="1229,1542 1274,1542 1318,1542 1363,1542 1408,1545 1453,1545 1497,1542 1542,1542 1587,1542 1632,1542 1676,1542 1721,1542 1766,1542 1811,1545 1856,1548 1900,1548 1945,1551 1990,1551 2035,1551 2079,1551 2124,1551 2169,1551 2214,1554 2258,1554 2303,1554 2348,1554 2393,1554 2437,1554 2482,1554 2527,1557 2572,1557 2616,1557 2661,1560 2706,1560 2751,1563 2795,1563 2840,1563 2885,1563 2930,1560 2974,1560 3019,1563 3064,1563 3109,1563 3154,1563 3174,1566"/>
                <TextEquiv>
                    <Unicode>mehr blutet? Haft du eine Ahnung, was ich</Unicode>
                </TextEquiv>
            </TextLine>
            <TextLine id="tr_1_tl_6" custom="readingOrder {index:5;}">
                <Coords points="1226,1700 1326,1754 3201,1743 3198,1643 2992,1620 1223,1648"/>
                <Baseline points="1238,1697 1283,1691 1327,1691 1372,1691 1417,1697 1462,1703 1506,1700 1551,1700 1596,1700 1641,1700 1685,1700 1730,1700 1775,1700 1820,1703 1864,1700 1909,1703 1954,1703 1999,1703 2044,1706 2088,1706 2133,1709 2178,1709 2223,1709 2267,1709 2312,1709 2357,1706 2402,1709 2446,1709 2491,1712 2536,1712 2581,1712 2625,1715 2670,1715 2715,1715 2760,1715 2804,1715 2849,1715 2894,1715 2939,1715 2983,1715 3028,1715 3073,1715 3118,1718 3162,1718 3207,1718"/>
                <TextEquiv>
                    <Unicode>wegen dieser Person ausgestanden habe? Und</Unicode>
                </TextEquiv>
            </TextLine>
            <TextLine id="tr_1_tl_7" custom="readingOrder {index:6;}">
                <Coords points="1218,1867 3064,1903 3026,1795 1218,1774"/>
                <Baseline points="1232,1853 1277,1856 1321,1856 1366,1856 1411,1858 1456,1856 1500,1858 1545,1856 1590,1856 1635,1858 1679,1858 1724,1858 1769,1856 1814,1858 1858,1858 1903,1858 1948,1858 1993,1858 2038,1861 2082,1861 2127,1864 2172,1864 2217,1864 2261,1864 2306,1864 2351,1861 2396,1864 2440,1861 2485,1864 2530,1867 2575,1867 2619,1867 2664,1867 2709,1867 2754,1867 2798,1867 2843,1867 2888,1867 2933,1870 2977,1870 3022,1870 3067,1873"/>
                <TextEquiv>
                    <Unicode>dabei kein Wort von ihr! Wenn sie jetzt</Unicode>
                </TextEquiv>
            </TextLine>
            <TextLine id="tr_1_tl_8" custom="readingOrder {index:7;}">
                <Coords points="1215,2042 3201,2050 3198,1960 3057,1939 1213,1975"/>
                <Baseline points="1229,2011 1274,2011 1318,2008 1363,2008 1408,2008 1453,2008 1497,2011 1542,2011 1587,2011 1632,2011 1676,2011 1721,2011 1766,2011 1811,2014 1856,2014 1900,2014 1945,2014 1990,2017 2035,2017 2079,2017 2124,2020 2169,2020 2214,2020 2258,2020 2303,2020 2348,2020 2393,2020 2437,2020 2482,2023 2527,2020 2572,2020 2616,2023 2661,2023 2706,2023 2751,2026 2795,2026 2840,2023 2885,2026 2930,2026 2974,2026 3019,2026 3064,2026 3109,2029 3154,2029 3198,2032 3207,2032"/>
                <TextEquiv>
                    <Unicode>auch verlobt ist... desshalb kann man doch</Unicode>
                </TextEquiv>
            </TextLine>
            <TextLine id="tr_1_tl_9" custom="readingOrder {index:8;}">
                <Coords points="1218,2184 3178,2202 3142,2109 1215,2112"/>
                <Baseline points="1232,2166 1277,2166 1321,2166 1366,2163 1411,2166 1456,2166 1500,2163 1545,2163 1590,2166 1635,2163 1679,2163 1724,2166 1769,2166 1814,2169 1858,2166 1903,2166 1948,2166 1993,2169 2038,2166 2082,2169 2127,2169 2172,2169 2217,2172 2261,2172 2306,2175 2351,2175 2396,2175 2440,2175 2485,2175 2530,2175 2575,2175 2619,2178 2664,2175 2709,2178 2754,2178 2798,2178 2843,2178 2888,2178 2933,2181 2977,2181 3022,2181 3067,2184 3112,2184 3157,2187 3183,2187"/>
                <TextEquiv>
                    <Unicode>dem friiheren Geliebten ein Wort schreiben.</Unicode>
                </TextEquiv>
            </TextLine>
            <TextLine id="tr_1_tl_10" custom="readingOrder {index:9;}">
                <Coords points="1213,2325 1419,2379 3072,2369 3072,2269 2835,2251 1213,2258"/>
                <Baseline points="1226,2321 1271,2321 1315,2318 1360,2318 1405,2321 1450,2321 1494,2318 1539,2321 1584,2321 1629,2321 1673,2321 1718,2324 1763,2324 1808,2324 1853,2324 1897,2324 1942,2324 1987,2324 2032,2324 2076,2324 2121,2327 2166,2327 2211,2327 2255,2330 2300,2327 2345,2327 2390,2330 2434,2330 2479,2330 2524,2330 2569,2330 2613,2333 2658,2333 2703,2333 2748,2333 2792,2333 2837,2336 2882,2336 2927,2339 2972,2342 3016,2339 3061,2339 3079,2339"/>
                <TextEquiv>
                    <Unicode>Aber nichts mehr davon - ich habe mir ge-</Unicode>
                </TextEquiv>
            </TextLine>
            <TextLine id="tr_1_tl_11" custom="readingOrder {index:10;}">
                <Coords points="1213,2480 3244,2518 3242,2426 2961,2405 1210,2439"/>
                <Baseline points="1226,2476 1271,2476 1315,2476 1360,2473 1405,2476 1450,2473 1494,2470 1539,2473 1584,2476 1629,2476 1673,2476 1718,2476 1763,2476 1808,2479 1853,2479 1897,2479 1942,2479 1987,2479 2032,2479 2076,2479 2121,2479 2166,2482 2211,2482 2255,2482 2300,2482 2345,2485 2390,2485 2434,2485 2479,2485 2524,2485 2569,2485 2613,2485 2658,2485 2703,2488 2748,2488 2792,2488 2837,2488 2882,2491 2927,2491 2972,2491 3016,2494 3061,2494 3106,2497 3151,2500 3195,2497 3240,2500 3252,2500"/>
                <TextEquiv>
                    <Unicode>schworen: es war meine letzte Dummheit! Ich</Unicode>
                </TextEquiv>
            </TextLine>
            <TextLine id="tr_1_tl_12" custom="readingOrder {index:11;}">
                <Coords points="1313,2665 3229,2673 3183,2554 1311,2590"/>
                <Baseline points="1324,2637 1369,2637 1414,2637 1459,2637 1503,2637 1548,2637 1593,2640 1638,2643 1682,2643 1727,2643 1772,2640 1817,2643 1861,2646 1906,2646 1951,2643 1996,2646 2041,2643 2085,2643 2130,2646 2175,2646 2220,2646 2264,2646 2309,2646 2354,2646 2399,2649 2443,2649 2488,2649 2533,2649 2578,2646 2622,2649 2667,2649 2712,2649 2757,2649 2801,2649 2846,2652 2891,2652 2936,2652 2980,2652 3025,2652 3070,2655 3115,2655 3159,2655 3204,2655 3234,2655"/>
                <TextEquiv>
                    <Unicode>schäme mich ja so! Ich habe die feste Ab-</Unicode>
                </TextEquiv>
            </TextLine>
            <TextLine id="tr_1_tl_13" custom="readingOrder {index:12;}">
                <Coords points="1267,2832 3299,2822 3299,2750 3116,2727 1267,2737"/>
                <Baseline points="1280,2795 1324,2792 1369,2792 1414,2792 1459,2792 1503,2795 1548,2795 1593,2798 1638,2798 1682,2798 1727,2798 1772,2801 1817,2798 1861,2798 1906,2798 1951,2798 1996,2798 2041,2798 2085,2798 2130,2801 2175,2801 2220,2798 2264,2801 2309,2801 2354,2801 2399,2801 2443,2801 2488,2801 2533,2801 2578,2804 2622,2804 2667,2807 2712,2807 2757,2807 2801,2807 2846,2807 2891,2807 2936,2810 2980,2810 3025,2813 3070,2813 3115,2813 3159,2813 3204,2813 3249,2810 3294,2810 3303,2813"/>
                <TextEquiv>
                    <Unicode>sicht, ein anständiger Mensch zu werden und</Unicode>
                </TextEquiv>
            </TextLine>
            <TextLine id="tr_1_tl_14" custom="readingOrder {index:13;}">
                <Coords points="1254,2984 3324,3000 3322,2889 3178,2866 1251,2879"/>
                <Baseline points="1268,2948 1312,2948 1357,2948 1402,2948 1447,2951 1491,2951 1536,2951 1581,2951 1626,2951 1671,2954 1715,2954 1760,2951 1805,2954 1850,2951 1894,2951 1939,2951 1984,2954 2029,2954 2073,2957 2118,2957 2163,2957 2208,2957 2252,2957 2297,2957 2342,2957 2387,2957 2431,2957 2476,2960 2521,2960 2566,2960 2610,2960 2655,2960 2700,2960 2745,2963 2789,2963 2834,2963 2879,2963 2924,2960 2969,2963 3013,2963 3058,2963 3103,2966 3148,2966 3192,2969 3237,2969 3282,2966 3327,2963"/>
                <TextEquiv>
                    <Unicode>nur mehr mit verheirateten Frauen Verhältnis</Unicode>
                </TextEquiv>
            </TextLine>
            <TextLine id="tr_1_tl_15" custom="readingOrder {index:14;}">
                <Coords points="1251,3139 2907,3172 3273,3149 3273,3049 1251,3067"/>
                <Baseline points="1265,3106 1309,3103 1354,3103 1399,3106 1444,3106 1488,3106 1533,3106 1578,3106 1623,3109 1668,3106 1712,3109 1757,3106 1802,3109 1847,3109 1891,3109 1936,3106 1981,3106 2026,3109 2070,3109 2115,3109 2160,3112 2205,3112 2249,3112 2294,3112 2339,3115 2384,3115 2428,3115 2473,3115 2518,3118 2563,3115 2607,3118 2652,3118 2697,3118 2742,3118 2787,3118 2831,3118 2876,3118 2921,3121 2966,3121 3010,3121 3055,3121 3100,3121 3145,3121 3189,3124 3234,3124 3279,3118"/>
                <TextEquiv>
                    <Unicode>se anzufangen. - Was mir übrigens einfällt!</Unicode>
                </TextEquiv>
            </TextLine>
            <TextLine id="tr_1_tl_16" custom="readingOrder {index:15;}">
                <Coords points="1259,3268 3075,3304 3075,3206 2858,3175 1259,3188"/>
                <Baseline points="1274,3252 1318,3255 1363,3258 1408,3261 1453,3261 1497,3261 1542,3261 1587,3261 1632,3261 1676,3261 1721,3264 1766,3264 1811,3264 1856,3264 1900,3264 1945,3267 1990,3267 2035,3267 2079,3267 2124,3267 2169,3267 2214,3267 2258,3270 2303,3270 2348,3270 2393,3270 2437,3270 2482,3273 2527,3273 2572,3273 2616,3273 2661,3270 2706,3270 2751,3273 2795,3273 2840,3273 2885,3273 2930,3273 2974,3273 3019,3270 3064,3264 3082,3261"/>
                <TextEquiv>
                    <Unicode>Wenn du vielleicht zwei Monocles hast -</Unicode>
                </TextEquiv>
            </TextLine>
        </TextRegion>
    </Page>
</PcGts>
