3560 4200
3233 430 3349 572 30
1314 845 3195 1030 die junge Frau und presst sich heftig an
1296 1010 3269 1167 mich. Sie scheint die Augen geschlossen zu
1286 1159 3189 1347 haben, denn sie fragt mich: "Wie geht es
1296 1327 3143 1461 ihm?“ “Ganz gut“, sage ich., "es glimmt
1275 1438 3223 1646 noch." „Es glimmt noch...“ wiederholt sie
1342 1641 3318 1798 tonlos und umarmt mich. "Glimmt es noch im-
1314 1790 3313 1953 mer?“ fragt sie mich nach einigen Sekunden.
1286 1930 3146 2092 "Wenn man genau hinsieht", erwidere ich.
1291 2092 3282 2239 "Und jetzt? lebt es noch? "Ich weiss nicht",
1260 2252 3305 2380 sage ich; "es leuchtet nicht mehr." "Wenn es
1296 2409 3243 2548 nicht mehr luchtet, so ist es tot", sagt
1244 2530 3179 2705 sie. "Wenn es so ist, gnädige Frau", sage
1237 2702 3256 2873 ich, indem ich sie an mich ziehe, "sind wir
1237 2867 3303 3017 allein. "Allein...“ widerholt sie. Wir waren
477 2762 1007 2976 iue nt
508 2942 1036 3130 bin wirklich.
1226 2968 3298 3174 wirklich allein + und ich brauche dir hoffent
495 3061 1020 3192 nicht dort
1268 3182 3107 3323 lich nicht mehr zu sagen.
508 3169 909 3316 gehalten,
515 3264 1144 3403 were received
1309 3339 3267 3462 Jm uts hatt at lit qui enf an
902 3462 1219 3651 Nebr
1252 3432 2996 3661 Herrn Reise & Schreib. F.J.
1386 3586 2661 3828 abhalt werde.
1381 3751 1618 3911 4 to
