3672 4248
3049 280 3180 480 21
1279 771 3234 1020 den, dass sie schon einmal in ihrem Leben
1264 945 3226 1169 geliebt habe. Er soll mir ähnlich gesehen
1272 1146 3234 1346 haben. Aber er hat es nie gewagt, ihr die
1284 1297 3301 1482 Fingerspitzen zu küssen. Ich begreife es...
1297 1428 3332 1618 denn sie hat etwas sonderbar Abwehrendes in
1307 1552 3378 1783 ihrem ganzen Wesen. Heute, als wir am späten
1307 1752 3265 1945 Abend auf der Landungsbrücke sassen, nahm
1323 1901 3288 2104 sie plötzlich den Schuh von ihrem rechten
1318 2055 3321 2273 Fuss, streute den sand, der darin war, ins
1343 2212 3334 2399 Wasser, wobei sie den Kopf umwandte. Meine
1341 2374 3334 2556 Lippen waren den ihren ganz nahe. Es giebt
1343 2499 3396 2713 Leute, die so etwas schon einen Kuss nennen
1410 2692 3244 2856 würden. Aber sie hat es nicht bemerkt.
2957 2831 3301 2941 Stefan.
1367 2910 1683 3059 Adieu!
2497 2910 2687 3041 herst
1369 2969 3437 3175 P.S. Von dieser Canaille kein Lebenszeichen
1354 3203 2253 3434 felis a tiefor.
1844 3324 2245 3499 can
1534 3283 3388 3583 so ist nicht xxx, weß in den Arme an an
1392 3470 3368 3702 in Geleg aar, Souaille je nommes.  - Obou une
1017 3578 1356 3781 selin
1598 3648 2548 3863 his tente. Felie
