3576 4120
1209 836 3228 1003 vor zehn Jahren,- ein dicker Börseaner, der
1201 970 3205 1137 mit seinem Koberl auf der schulter ins Was-
1209 1109 3277 1356 ser springt. Heut ist mein Rad angelangt und
1209 1297 3270 1482 gegen Abend bin ich um den ganzen See gerast
1250 1453 3102 1626 43 km knapp 2 Stunden. Drei Radlerinnen
1219 1595 3154 1760 begegnet, offenbar Schwestern - ich raste
1217 1754 3236 1899 vorüber. Was scheert mich Weib, was scheert
1209 1927 3192 2076 mich Kind - und Mädchen, welche Schwestern
1217 2094 1469 2230 sind!
1446 2199 3252 2369 Also grüsse dich, empfiehl mich den Bä-
1219 2390 3208 2529 selein, wenn sie schon vorhanden sind, und
1266 2511 2848 2724 schreib mir doch endlich! Servus!
2879 2624 3223 2822 Stefan.
1219 2992 1989 3156 FELIX AN STEFAN.
1441 3169 3151 3324 Wer ist Antinous? Monocle folgt bei.
