3544 4216
3064 390 3199 535 28
1256 873 3217 997 ruft sie leise, "ein Johanniswürmchen! Se-
1199 979 3266 1163 hen Sie, wie es uns vorfliegt, als wollte es
1194 1183 3155 1318 uns leichten und den Weg zeigen! -Oh Gott!
1199 1305 3237 1478 ruft sie plötzlich. Der Leuchtkäfer scheint
1207 1486 3219 1610 verlöschen zu wollen, aber gleich glänzt er
1204 1592 3181 1757 wieder auf, senkt sich herab, immer tiefer
1191 1796 3152 1956 und setzt sich auf das Ende meines linken
1194 1946 3235 2124 Fusses. "Bleiben Sie stehen!" rift sie. Ich
1191 2101 3256 2271 bleibe stehen, und meine Fussspitze leuchtet
1194 2258 3194 2403 ruhig weiter. Dann wird das Leuchten schwä¬
1201 2431 3227 2548 cher, aber wie ich den Fuss wieder vorwärts
1199 2573 3237 2710 setze, glänzt es so hell wie früher. "Haben
1178 2726 3253 2871 (Sie je etwas Aehnliches erlebt!“ fragt sie.
1227 2889 3178 3044 "Nain", erwidere Ich.)“Wissen Sie, wie Sie
1853 2976 2064 3082 sast
1199 3049 3225 3186 ausschauen?“ fraat sie weiter...“Wie ein Mär-
1199 3183 3201 3395 chenprinz.“ - „Oh!“ antworte ich. "Verspre-
