3560 4216
3046 420 3183 560 26
1430 709 2364 915 Felix an Stefan.
505 756 1282 973 Dei nicht betrügt
1264 907 3133 1102 Ich mein' ja nur: bei der Staatsprüfung.
566 933 1142 1110 ut hat z und
558 1089 1116 1229 compris.
1581 1187 2350 1385 Stefan an Felix.
1248 1385 3138 1544 Soll ich dir wirklich noch was erzählen?
1063 1552 3106 1716 Du hast’s nicht um mich versient! - (Der Tag
1065 1700 3188 1853 ist sonderbar vergangen. Wir haben uns heinah
1018 1848 3083 2028 gestritten. Also gestern Abend steh ich auf
2398 1993 2657 2104 Ciatio
1060 2083 3001 2176 der Landungsbrücke, der See war glatt und
2575 2149 3064 2258 aber es it
1058 2128 3112 2416 grau. (Es fängt an wie ein Reman (une) ist auch
1983 2305 2073 2432 1
1015 2382 3138 2575 einen1 - Plötzlich war sie neben mir. Ich füh-
2742 2512 3114 2620 schweigt
1132 2559 3054 2720 le die Berührung ihres, Anna, Sie schwieg,
1880 2641 2242 2744 denkin.
1137 2715 3083 2879 Jetzt oder nie, dacht' ich. (Was haben Sie
1182 2850 3191 3038 denn heute gegen mich den gan###en Tag### fragt
1827 2995 1941 3059 or
1129 3024 3032 3194 sie...Ich ergriff ihre Hand, die neben
1132 3178 3199 3376 der meinen auf dem Geländer ruhte, und sagte
