3560 4200
3019 392 3158 544 13
1215 795 3246 975 d'hôte zwischen mir und ihr gesessen, heute
1195 988 3191 1166 nur mehr 2. Eine sehr interessante Person.
2732 1112 2957 1223 selbe
1205 1117 3091 1303 Sie verkehrt auch mit niemandem wie ich,
1205 1282 3240 1460 sitzt abends gleichfalls allein auf der Ter¬
1254 1455 3197 1610 rasse, geht einsam am Ufer spazieren. Der
1256 1615 3060 1765 Schwan ist abgereist, an seiner Stelle
1215 1809 3194 1927 sitzt jetzt ein ungarischer Baron, der vor
1202 1894 3215 2077 Höflichkeit demnächst sterben wird; er bie-
1213 2116 3282 2219 tet einem fortwährend alles Mögliche an,
1256 2216 3140 2410 er in einem Blick nur einen Wunsch ahnt,
1210 2410 3158 2528 reicht einem zum Kompott das Salzfass, ge-
1254 2580 3202 2686 stossenen Zucker zum Spinat, blättert den
1205 2745 3111 2833 Leuten um, die Klavier spielen, obwol er
1205 2843 3111 3016 nicht Noten lesen kann.... Aber was geht
1218 2988 2134 3204 dich das alles an?
2283 2977 3096 3179 Mrs. Stefan.
1210 3189 3104 3377 P.S. Von diesem verkennete Weibsbild
1210 3351 2312 3496 noch immer keine Silbe!
560 3331 1143 3576 Theodam genannt.
