3560 4168
3023 263 3110 519 11.
1143 829 3066 982 zu ein grünes! Ich verbitte mir das. Ich
2974 893 3217 1020 gemacht,
1192 974 3215 1159 habe mir hier eine grossartige Position) als
1189 1130 3184 1302 Einsiedler gewonnen, Sonderling, eleganter
1171 1294 3153 1448 junger Herr und kühner Schwimmer, die werd
1159 1445 3215 1624 ich mir von dir nicht ruinieren lassen! Ohne
2555 1601 2905 1777 Stefan.
1164 1611 1885 1770 Gruss für heute
1146 1772 3100 1946 P.S. Antinous ist ein jungendlicher alter
1156 1926 2054 2102 Römer, du Ignorant!
1159 2235 1923 2378 FELIX AN STEFAN.
1381 2363 3199 2524 Lieber Stefan! Ich freu' mich zu hören,
1169 2504 3194 2678 dass das gewünschte Glas richtig angekommen
1156 2652 3187 2849 ist. In Hinsicht auf grün bemerke ich, dass
1161 2831 3153 3000 es eine gesunde Farbe ist. - Schreibe bald
2834 2985 3143 3179 Felix.
1156 2997 1506 3189 wieder.
