3576 4200
3076 394 3218 580 23
1963 747 2365 909 antden
1224 856 3167 977 ratete Freundin am Bahnhof, schon während
1211 1037 3205 1179 sie am Coupéfenster stand, prophezeit, dass
1211 1184 3145 1285 sie sich heuer im Sommer verlieben werde.
1209 1330 3152 1466 Aber das Allermerkwürdigste ist, dass sie
1209 1479 3238 1605 gerade auf der Herfahrt einen Roman gelesen
1196 1643 3081 1754 hat, in dem ein junger Mann sich aus un¬
1244 1792 3235 1910 glücklicher Liebe zu einer jungen Frau ins
1204 1921 3155 2092 Wasser stürzt. Das erzählte sie mir heute
1201 2117 3170 2221 während der Kahnfahrt. Ich versichere dich,
1186 2256 3076 2385 mir ist's kalt über den Rücken gelaufen!
1421 2382 3213 2567 Am Abend sassen wir auf der Landungs-
1201 2582 3071 2713 brücke wie gewöhnlich. Spielende Kinder,
1199 2726 3041 2839 tratschende Mütter. Nacht über dem See.
1194 2859 3142 3026 Alle verschwinden allmälig. Wir bleiben al-
1186 3031 3046 3147 lein. Kein Mondschein. Langer Kuss. Sie
1237 3190 3210 3336 weinte. Nachher war kein Wort mehr aus ihr
