3640 4216
2954 346 3082 520 19
1109 843 3122 1009 auf- und abgegangen. Sonderbare Person.....
2678 986 3047 1160 Stefan.
1119 1027 1463 1180 Servus!
1114 1295 1885 1486 FELIX AN STEFAN.
1363 1428 3122 1604 Lieber Stefan! Hat das Butterbrot dem
2799 1611 3105 1785 Felix.
1117 1634 1900 1785 Kind geschmeekt?
1145 1930 1898 2088 STEFAN AN FELIX.
1368 2073 3175 2199 Lieber Felix! Ich habe doch eine gewis-
1147 2219 3080 2362 se Gabe, in Menschenseelen zu blicken! Es
1147 2405 3158 2523 stimmt: sie ist nicht glücklich. Heute Vor-
1182 2570 3122 2676 mittag nach dem Frühstück bin ich mit ihr
1147 2678 3090 2836 im Wald spazieren gegangen und da hat sie
1145 2864 3143 2997 mir’s gestanden. Mittags sind wir zusammen
1152 3012 3087 3140 in den See hinausgeschwommen, nachmittags
1197 3148 3130 3316 haben wir vierhändig gespielt - der Ungar
