3544 4232
3079 403 3193 525 37.
1279 543 3196 677 und was die Leuchtkäfer anbelangt,so wäre
1284 672 3171 824 es notwendig gewesen auch die des vergan¬
1274 831 3084 956 genen Jahres zu vertilgen. Ich reise ab.
1272 1018 3183 1142 Uebermorgen Früh bin ich in Ischl.Näheres
1269 1127 3220 1264 mündlich.Empfangsfeterlichkeiten verbeten.
1267 1279 3263 1458 Grüsse die Basen und die umliegenden Herrn.
1252 1468 1832 1595 Dein Stefan.
2601 1516 2912 1667 driorend
1481 1548 3041 1777 Das nirngendas Talsegramm, durch des
1249 1762 2999 1906 Stefan nachts ein Uhr in Linz geweckt
1257 1936 3235 2078 wurde,v te übrigens auch sämmtliche anderen
1244 2083 3059 2220 Pasaagtere das Schnell zugs, da der Bote
1252 2232 3118 2377 den Adressaten erst knapp vor Abgang dos
1254 2397 1787 2519 Zuges fand:
1461 2558 3193 2648 Die Frauen finden immer einen Leucht-
1242 2698 3131 2795 häfer,auf den sie sich ausreden; den ohr
1234 2850 3163 2994 lichen genügt auch ein Maikäfer.Faul aber
1224 2984 2285 3173 geistreich Dein Felix.
1857 3298 2250 3454 1 sluss
