3576 4168
2941 379 3075 539 15
1133 828 3122 970 Ist das nicht wirklich sonderbar? Eine Füg-
1122 947 3153 1148 ung des Schicksals. Bedenke! In Wien in der
1122 1117 3171 1280 Rathhausstrasse Numero soundsoviel muss ein-
1130 1275 3142 1442 gebrochen werden.... oder vielmehr: vor so-
1125 1437 3117 1582 undsoviel Jahren muss eine einbrecherische
1143 1607 3173 1760 Verbrechernatur oder verbrecherische Einbre-
1138 1767 3122 1912 chernatur zur Welt kommen, damit wir - ich
1120 1953 3194 2046 und meine schöne Nachbarin - heut Nachmittag
1138 2051 3173 2211 die Rosamenden-Ouverture vierhändig spielen
1135 2214 3106 2353 können. Das hat sich nämlich ereignet. Sie
2699 2309 3326 2443 Il de sympathise
1747 2330 1932 2436 recht
1130 2366 3168 2559 spiel t nicht/gut, aber sie hat eine angeneh-
2134 2485 2366 2593 heten
1122 2503 3111 2704 me Art, das Pedal zu greifen. Sie ist eine
1140 2709 3104 2833 verheiratete Frau, mehr will ich für heute
1120 2843 3057 2995 nicht sagen - und ausserordentlich geist-
1125 3008 3122 3153 reich. Zum Beispiel das mit dem Verbrecher,
1130 3132 3166 3369 der vor soundsoviel Jahren auf die Welt kom¬
