3560 4152
1144 830 3177 1006 ne Mademoiselle : schiech: eine Excellenz
1159 986 3131 1144 aus dem Ackerbauministerium, sieht aus wie
1162 1178 3138 1318 ein Gesangskomiker, neben mir ein Herr aus
1157 1310 3089 1471 Brünn, der täglich eine andere Fusspartie
1191 1473 3227 1616 macht und bestaubt sowie schwitzend während
1165 1595 3100 1787 der Suppe angepustet kommt. (Vis-à-vis der
1154 1756 3061 1922 Schwan, aber, sowiet sich das beurteilen
1149 1935 3196 2072 lässt, ohne Schwimmblase. Ich bin der einzi-
1152 2067 3219 2207 ge junge Herr in der Pension. Nach Tisch der
1159 2244 3107 2366 Kaffee auf der Terrasse. Ich sitze allein
1157 2386 3151 2532 und rauche meine Zigarette. Ein paar junge
1149 2568 3234 2674 Mädchen wandeln öfter vorüber, ich lasse sie
1206 2695 3219 2832 wandeln. Der Wirt kommt herbei, wackelt mit
1162 2851 3240 3040 den Armen und richtet freundliche Ansprachen
1162 3037 3221 3180 an mich. Nachher auf mein Zimmer, Henri Clay
1157 3170 3079 3336 zu 23; - Studium, zukeilen auf dem Botte
