3544 4072
1412 800 2717 956 Der Leuchtkäfer
1417 943 1608 1002 ====  =
2691 948 2782 1023 — —
1380 927 1935 1096 Briefe avec
2880 943 3344 1101 I is
1220 1072 3297 1181 Aus der Ferialkorrespondenz zweier Laushuben
1642 1171 2473 1311 hever jours
1696 1235 1994 1329 Brief
759 1274 943 1414 13
1202 1279 2124 1469 Mein lieber Felix!
2142 1417 3139 1616 Du erstaunst beim An-
1210 1585 3209 1743 blick des Poststempels. Ja - ich habe Wien
1220 1772 3245 1893 verlassen; mit ödem Schädel und gebrochenem
1202 1906 3173 2051 Herzen kann man nicht vor die Prüfungskom-
1197 2007 3232 2246 mission treten.) - (Dir kann man wol gratulie
1582 2155 1893 2256 glücken
1204 2183 3139 2414 ren? Du hast dein erstes Rigoroaum hinter
1210 2341 3131 2525 dir und kannst dich ordentlich ausfaulen-
1440 2476 2875 2556 Ich haben so wie sie zurück getreten
1202 2549 3214 2655 zen. Dass ich unter diesen jammervollen Um-
1202 2683 3209 2867 ständen deine und deiner werten Eltern Ein-
1199 2846 3129 3015 ladung (in uns Villa) nicht annehmen kann,
1202 3010 3181 3136 siehat du ein. Ich muss in die Einsamkeit.
1194 3165 3279 3354 Du kannst dir vorstellen, mit welcher Wehmut
