3400 4120
2765 318 2919 498 18
1026 757 2970 1016 sieht mir nach. Sie hat sonderbare Augen.
1031 962 2965 1131 Bei Tisch Gespräch über ihre Familienver-
1072 1113 3075 1321 hältnisse. Ihr Mann hat natürlich nur Sinn
1049 1272 3106 1447 fürs Geschäft; sie b sitzt zwei verheiratete
1095 1431 2952 1611 Schwestern sowie eine Achtelloge in der
2598 1467 3052 1611 in Aeped
1731 1547 2088 1654 Sind über die
1054 1590 3037 1765 Oper, kennt Winkelmann, Girardi (und Arthur
1298 1590 1421 1678 in
1054 1731 1380 1857 Gurseld
1106 1731 3106 1913 Pierhofer persönlich. - Heute nach Tisch ha¬
1072 1883 3029 2080 ben wir vierhändig gespielt. Am Abend bin
1080 2052 3124 2226 ich am Ufer hin- und hergeradelt und hoffte,
1123 2216 3078 2373 sie zu sehen, aber vergeblich. Abends kam
1085 2342 3083 2568 sie spät, als ich schon zur Nacht gegessen
1129 2537 3083 2683 hatte. Sie hatte eine Partie mit dem Damp-
1093 2678 3101 2834 fer gemacht in Gesellschaft der Villenfami-
1098 2834 3096 2988 lie; sie kamen alle mit ihr, Mann, Frau, 2
1106 2968 3101 3145 Töchter, Bonne und ein kleines Kind mit ei-
1111 3104 3173 3365 nem Butterbrot. Ich bin noch lange am Strand
