3576 4168
3057 307 3204 557 16
1899 722 2384 890 n. s. c.
1205 813 3166 996 men musste, damit wir hauta bei der Tahle
1228 960 3199 1192 dihôte bei einander sitzen können, ist ein
1207 1115 3106 1277 Einfall von ihr. - Für die vielen Grüsse
1226 1282 3189 1447 danke ich vielmals den Bekannten und Unbe-
1218 1432 3114 1610 kannten. Wer ist übrigens Elsa Wiskocil?
2797 1584 3142 1765 Stefan.
1213 1651 1563 1834 Servus!
1231 1958 1997 2072 FELIX ANSTEFAN.
1447 2025 3243 2221 Lieber Stefan! Elsa ist Elsa und Wis-
1226 2198 3220 2384 koeil ist Wiskocil. Macht 2 Personen. Elsa
1269 2358 3256 2528 ist ein blandes Mägdulein und Wiskoeil ist
1231 2513 3279 2686 ein Herr, der weisse Gamaschen trägt. Felix
1236 2877 1994 3003 STEFAN AN FELIX.
1450 2975 3220 3168 Lieber Felix! Wir sind schon sehr gut
1226 3189 3295 3305 mit einander und die Leute schauen uns schon
