3544 4232
3132 353 3269 601 31
1551 704 3235 996 Und hart Prüh bin seit um den See ge
1251 970 3132 1158 radelt, in wunderbarer Stimmung ^ Bei der
1205 1120 3117 1311 table d'hôte ocuaakten###eis wieder### Sie be-
1202 1313 3222 1465 grüsste mich einfach und liebenswürdig, nur
1202 1460 3148 1571 mit einem sonderbar feuchten Glanz in den
1200 1602 3222 1757 Augen. In einem unbeobachteten Moment frag¬
604 1726 1009 1920 obat it
1280 1780 3202 1909 sie mich: Sind Sie ihm dankbar:“  “Wem?“
557 1899 1089 2043 Ihr vor mich
1262 1899 3259 2069 Dem Johanniswihschen.“) Ich nickte nur. Nach
542 1987 1096 2131 drukte be
1251 2067 3210 2208 Tisch Klavierspiel wie gewöhnlich. Nachher
1236 2250 3184 2376 sagte sie: "Wenn der Leuchtkäfer nicht ge-
1246 2345 3284 2513 wesen wäre -“ (Was dann:)“ fragte ich. “Nas
1200 2495 3248 2748 dannt erwidert sie. "Nun, Sie glauben doch
1182 2712 3256 2864 nicht, dass ich ohne den Leuchtkäfer.).“ und
1200 2887 3081 2993 spricht den ganzen Nachmittag von nichts
2069 2957 3034 3068 Au L.ere Hint ua & ihm
1514 2952 1971 3065 at der i
1187 3026 3238 3194 Anderm. Abends gehe ich mit ihr am See spa-
1223 3173 3199 3364 zieren. Anfangs redet sie ganz vernünftig,
