3576 4200
3085 424 3218 608 24
1273 893 3213 1035 herauszubringen. Ich f체rchte beinah, dass
1273 1040 3166 1209 ich mir durch meine allzu st체rmische Art
1288 1180 3188 1310 etwas verdorben habe. Es r채cht sich doch,
1275 1344 3210 1454 dass man bisher beinah nur mit Weibern zu
1454 1430 1827 1550 gehabt hat
1278 1523 3250 1678 tun hatte, die sich nicht lang bitten las-
1278 1665 3193 1756 sen. - Ich studiere rein gar nichts mehr.
1270 1798 3164 1918 Es ist gut, dass ich anfangs so fleissig
1275 1972 1805 2085 war. Adieu!
2896 1974 3267 2072 Stefan.
1273 2205 2036 2396 FELIX ANSTEFAN.
1491 2379 3196 2578 Lieber Stefan! Du wirst durchfallen.
2894 2580 3196 2698 Felix.
1498 2676 3176 2852 Sicher nicht. Ich halte Sie f체r ein
1278 2845 3107 3026 verbummeltes Genie.  Die kleine Mizi.
1278 3159 2038 3345 STEFAN AN FELIX.
