3387 4553
532 479 3068 741 Gott in Frank!... that 13 ua int in
546 622 3055 929 leibt in halte 1/2 rpct... in me
582 906 2976 1121 16. in den juin bei der, am
651 1101 3002 1339 hutharee.  da sich in D-d
579 1316 3048 1551 so als deel.. Art....
651 1518 3022 1732 I am.. Iil schreibe kein bemerck
655 1723 2903 1967 Sas ist wie sijmpelhi-; und
655 1931 3052 2142 wch... V. illeicht wie er elegen
589 2086 3121 2344 rare. Ich bin in Jacob.... die Vage
608 2321 2976 2562 seyls auch... Cibe es lerst dazu.
565 2470 2906 2804 Art lie 1/2    Ob di al
503 2764 3005 3108 jut ham betiks hant? Ich gleich
552 2972 3210 3283 sehr... Wie ist ziemlet di nim...
546 3181 2781 3488 Von me betue kein Abnur
2334 3445 2857 3660 ab et
516 3478 2281 3763 Uur andre Villente.
575 3683 2992 4034 dost on me lekning. Kostled
