3371 4168
183 209 2947 538 Auil de Stubenen etc lange hec, est une
201 443 2947 729 an aller fertig...  Der der schöne
223 626 3160 974 kleid is nicht volennig. Licht gemacht.
256 882 2819 1172 ule to in the tante pim.
2816 930 3160 1205 Verkennen
176 1040 3039 1391 Mr Eigeltken Vicuis. Riewen that
198 1307 3035 1600 mit eine treuwoh auf dem Friednogel.
234 1541 2848 1823 Ist bekennen ab ein gut dass ich he luff.
190 1735 2823 2094 Her in Dorday... Nach de hin
176 1944 2870 2310 ^ are as out & illendt besss... he ist
487 2160 721 2321 le 4
198 2270 3141 2479 a bena Stimmung. Escyebl nd p aufre-
201 2413 2651 2764 Aber wei ist in de hine it
256 2680 2889 3075 gekenten habe die Tachsabjell im
1549 2845 1838 2988 todat
253 2878 2750 3269 in bess abwerken.  U we
220 3119 3090 3475 Her va Herr nen ogt! O de fait une?
271 3372 2263 3643 unvergleich. Oder freilich.
849 3584 2204 3899 but men at next.
231 3621 784 3892 seem’.
