3387 4553
1598 349 3168 680 1 de Holelde stell
194 331 1613 630 C. Chas. Wie feilles
202 587 3078 871 memert. Ciel vint seite. Billea
191 785 2898 1094 dare. Il j a été tout
194 1022 2970 1354 in diese Wienarmet.  Aus
220 1300 2736 1537 dem Eimme liest. Al rott stan
223 1498 3121 1822 Es ist kein eigenkleite Alperglichen
310 1724 2938 1976 in wem schön. Actiarii muss
184 1962 3010 2268 me mir u zürich. Güten Geld.
223 2174 2862 2520 so seit eben seiten. In... Ist kein et in
1159 2398 3028 2624 Von feuer... Von Lüscher
212 2448 947 2657 Je n'ai pas
1159 2642 2866 2869 Sie pl veut en un épouse
259 2624 1048 2869 jua hu...
202 2855 2696 3110 ige heil bie hört. het will  dus
1393 2977 2819 3312 juris tr. get in
191 3082 1368 3344 not present.
1872 3168 2794 3434 I in geich
180 3298 1584 3532 en un peu
263 3395 2941 3722 Ebenr.. die. Curieren. auf de Gies:
353 3712 2531 3935 J. de très-t-il en terre leit.
396 3859 2722 4046 allertechts. Nun in leiten.
