3496 2856
526 199 1703 360 Und wenn er sie geheiratet hilte! - Eurez!
530 290 1701 458 Im Glück, in Unglück für die Ein¬
220 411 1007 560 samkeit reif sein.
560 498 1291 628 passion Erkennen.
572 587 1223 719 reif für die Ferne
541 678 1181 801 verzeitet könne.
549 706 1730 912 genom, Augustine ab glabe sich.
572 859 1709 999 Tehrbucht sich u. d Typus zu nette.
549 950 1698 1118 für die Einsamkeit nicht auf sein
553 1083 810 1187 Er ge
220 1064 494 1192 schlemer.
579 1098 1749 1257 teut, mit den Vorven Schicksal erlebt.
583 1211 1715 1329 Unendlichkeit u Eigkeit den Herrn
602 1312 1679 1444 sie der Menschheit erscheinen sollte.
204 1330 568 1467 fragens, wie
594 1393 1735 1539 So elend, daß die ganz deutschen
231 1514 511 1611 womt
577 1567 1690 1703 Ihr ahnt nicht, ein Ihr weiter mehr
240 1652 1304 1817 Künsdingschaften Gassen sollent.
581 1749 1696 1911 Quastags gelaufs mit blos ein sein.
592 1843 1743 2014 Kurze Leckgasse, – verzeihlich, lang
261 1968 700 2101 Jugertung
600 2000 1783 2184 Eine Freunde der Binzon: Augustis
246 2142 579 2269 in dichter
613 2174 1735 2362 begreifen der Geographie u Geschieht
242 2328 1030 2468 von gewissen Anhöhen
628 2385 1709 2540 die große Gesah, nicht oft sie auf¬
250 2479 1701 2625 hört dit zu lieben, - sondern nicht auf¬
587 2595 1359 2714 die daß entmeinige
280 2597 549 2725 höit u
2091 159 3314 331 Christus: Aus meine Kaligia für armes
1800 282 3318 430 lacheleit Parte, machtet ihr ein Rel. Für feicht
1821 377 3285 519 Staschen u verhängert Schreiben wittwe.
2084 462 3234 613 Gefahren des neue Autoritätslaub
1858 562 2861 683 Schlangereiche Form - Grobheit.
2150 653 3248 774 Ein i deal treuen Teil eher aus einem
1870 723 2994 880 Camaille als aus sisten Macht.
2171 827 3316 944 Krauen auch nicht lieb, wie ihn erst
2195 925 3285 1052 Er hat nicht die schön Inconsage
1796 1014 3318 1128 des neue Tortschnitts - sondern die halsche Original.-
2182 1100 3302 1243 entschwerte. Gedank-Gesicht
1834 1196 3249 1330 schank getrennt – Gedank mit Jahr Gefühl
1870 1296 2943 1399 Gedanke mit Gefühl
2218 1368 3363 1501 Stelletik ein mit dem gebobten in eine
1858 1474 2311 1614 großen Idee
2252 1546 3316 1681 Weisheiten, di einer Jahre, von
1885 1629 2720 1785 bald man sich beschränkte
2207 1713 3357 1853 lieber glücklich in ihrer Wertschaftkeit
1866 1834 2996 1966 sie nicht zu Engeln machen wollen!
2210 1915 3329 2036 Gebore werde durchart, die man
1891 2021 2731 2144 völlig gut machen kann.
2195 2053 3316 2205 Wir kleiger ja nun nicht früher
1858 2193 3060 2316 tietheber, etwa wir Ein,keit scheurer
2186 2275 3293 2398 Reaktion mit Betrau der Haupter
2201 2366 3037 2504 die tiefen Haart (Titat)
2180 2460 3034 2570 dort sie alle so (titel)
