3432 2808
565 160 1665 332 Entlassen von den Kerker, wie
520 289 1685 443 in früher Gel, die er erwegt, war.
227 297 490 422 wegen
125 318 220 465 ses
557 382 1683 522 Beginn ihren Eifersucht auf den Fer¬
206 482 545 636 solte et de
584 476 1513 605 Freise Gebenbleben von ihm nach
594 567 1702 694 Mater kniet er den tafen: Hei als
224 663 1687 771 ihn, rettest mich. – Sie gibt sich nicht sein; der Glaub
235 754 829 892 verweiset der Geld.
100 792 195 925 P.
547 835 1663 971 Heiratet endlich die, welche groß jenen
214 929 1486 1077 ist, nicht geheiratet wurde er wollen
584 1014 1673 1145 Vorlacht, sie unterm, stiebt früher
542 1106 1276 1234 der letzte Unverhältigkeit
563 1191 1656 1330 Roth Umgabe. Mir ein andres Licht
1796 177 3254 305 Deinen Comöd, der in die Stadt kommt, wo ernst,
1827 268 3196 374 Geliebte verheiratet. Sie verächtens; es
1839 341 3236 497 witsend; „linen höheliche: Sie neuen fern
1841 439 2959 574 sie, ein eigene Griselle für mich. –
1937 522 3277 667 Undruck; Vorspiel, wie die Eltern reicht
1812 611 3290 744 sind, daß sie schwanger, Turjati den Sohnes.
1954 705 3217 825 Mei. Gegenkürt zu "Unerlob." Scavon
1947 788 3284 937 Geweßbau vorh, mit ihr — stellt sichs frucht
1785 858 2964 1022 bar vor - sie will nur die Mann. -
1945 970 3259 1130 Schilde der Berühmt genötze, die Teräre
1787 1072 2885 1191 komme die Liebe ausklären.
2970 1095 3230 1282 (Läng.)
1943 1158 2928 1291 Bildsäum von der Tagabte Sohn.
3057 1270 3240 1355 ceux
1937 1253 2963 1390 dem Gel. lödtet von Echerbuch
1787 1330 2731 1475 andere; er ist ruthend.
1949 1419 3254 1575 Erzähl u. Betrag. Sie verschienen mit die Unter¬
1812 1538 3292 1633 dank nicht erfüllt, weiter mit mir verschwemelt!
1968 1608 3240 1756 Wienvost mit Fehr, nicht eif. - Er magst
2012 1694 3265 1810 die Frau ist ebenso wie sich sein Gebiet.
1793 1735 1974 1821 sich -
1970 1796 3074 1928 Mei Gegenheit zu Qualöl
1949 1875 3261 2022 „Ue alle Personin“, mit der sich der Lebensluch
598 1307 1000 1399 nicht mehr.
239 1286 565 1415 liebt sie ihn
592 1380 1557 1507 Schleitag. (Schwegekuget)
601 1459 1636 1590 Lazenthu von Gatten u Gattin
226 1567 611 1690 in it Meinere
640 1557 1662 1681 benutzt, daß er, u. sie michts mehr.
611 1642 1673 1802 Klarialesraare. Liebt ihr plötzlich.
671 1748 1027 1858 - Mehr:-
229 1735 615 1875 Änglaublich
605 1823 1658 1943 Die Gmäration (Rienenstoff
617 1906 1652 2024 Flagenscondictus, in die Comtesse
1820 1981 2880 2101 1ungs Hauschließlich begnügt.
224 1999 1500 2126 verliebt, von dem Kommerkäsich gehabt
1764 2047 3259 2209 Wahr Ein Weise. Er bes. die Preis. kostgebers
659 2089 1663 2238 wull; bei einer Frühle der
1829 2157 3311 2265 als Gymnäs. - Der Weise kommt, schließt 3 Thür¬
158 2140 1220 2323 Musulman is moment and.
1833 2242 3194 2379 - Nach tahren begegn. der Frau, dienstweils.
1399 2240 1636 2429 bruck.
646 2273 1369 2406 Schweren Verbrechen, der
1779 2328 3327 2452 Willer Briefs der Todten sein Traum hat die Kreis betalen,
628 2367 1380 2490 sich als Theil mit 6 gebenes
193 2319 592 2502 in Masilien
1833 2417 3204 2531 Muth. - Lüte zum Trund. - Zittern für ihn. - Sie
659 2458 1384 2583 Mutte, die ohne er zu wollen,
1411 2409 1575 2569 ihm
1845 2512 3155 2650 Ummann - Ich hat mich verlobt; - Zuvor
387 2540 1582 2666 Thrausch gemütshaupt empflangt etc.
199 2513 360 2646 Tochter
