3416 2792
358 174 1623 325 Lararus Knorn Prozapuler sey. Ich an
136 273 1671 434 fährt sein Weib, an ihm gelodlet, sagen leuchen die
412 372 1683 486 Stadeler kam sich nach den seelbst
167 451 1594 620 eines Meil, etc. Meil auf den königlich¬
145 575 1005 682 wenn sie seit saßerer
461 633 1650 780 Wittwe des vom Posten erschossen General
130 722 1353 854 steumend über die Relotion der Posters.
496 813 1661 953 Mann nun noch ein Jahr zu leben; Wechsel
544 914 1566 1038 Roblandes. - Tragskomperli!
141 924 517 1069 halschungen.
511 987 1495 1125 Anst vor den dienstboten Passe.)
517 1077 1640 1228 Othige einen Zumalisten zu reden,
147 1169 1642 1315 über eine Nünstlerin mit Blatt zu sehen, er habe Sach. -
534 1257 1659 1377 Ich habe mich erhobt Talscher Telegram¬
93 1350 1619 1495 der Verlobt sich auf. - Brief von ihren Eiltsäcken junge
122 1443 1528 1570 Müdchen, das ihr als trautig ein empfängt!
494 1547 1640 1675 Einschlafen auf dem Schiff, Bekanntschaft
139 1613 1617 1746 mit den Mann, die mit derselben ein Reis hatte.
488 1721 1642 1834 Ich habe ihn erschossen, weil er sich nähmt,
108 1803 1625 1936 etwa Gel. es sein – Er war es, Unglicklichen?
538 1880 1661 2023 Wie etwa zwei Alfred erblattkeit
108 1969 1413 2143 Maglocken der Ehemanns vom Hause)
513 2072 1636 2223 Tur sie eine geblieben, beschmutzten
130 2147 1669 2287 mit, wie er von ihrem Tall hät, bevor ein sei besetzt.
534 2252 1623 2384 Erlösungssorgen mit Bili aber sie
180 2293 1191 2494 Sie sei Geneseegt tragen hält:
544 2436 1648 2562 Turine de Galieblay, non journé
157 2478 1648 2633 jeküsst. Seine Eifersucht, u. der einige Frauen
2014 168 3253 323 Irenagt, der Origiant auf den
1737 292 3160 440 Fall erthe: Gönie Er ist entsprüngen
2037 376 3222 494 hause, die in druck verallen aus.
1743 476 1989 598 scheinen
2068 453 3301 620 nerrathen ihn diese Kreis den Gallen
2062 565 3265 701 Er läßt ihn schreiben, es sei todt. Sie
1725 645 1948 757 kant.
2054 649 2742 776 feront s. Hochzeit
2083 742 3292 850 puise Jean Frai der Frauen¬
1758 825 3311 947 verführend, der sein Fale vom Lackarott vattet
2080 916 3303 1057 Bauernspieler Anselichkeit einer welche
1725 1001 2114 1152 in die Stadt.
2145 1009 3183 1144 wo die Geliebt zurückbleibt
2085 1098 3268 1231 kann sel heißt sein Mark niele ihr
1745 1177 3071 1340 Namen einen Kreisenden aufführen!
2103 1278 3065 1410 Jungberg nach dem geschickt.
3092 1297 3243 1392 and
1750 1371 3295 1530 Gal. zu vergessen; eines sie, soll wegjeschickt
2107 1466 3282 1588 begegen wie tole u kuille beim
1733 1516 3288 1692 Leichenbezeugnis ihrer Liebselbsammer gekort könnten
2122 1636 3214 1768 Erkennl an ih janail lit.
1758 1717 3179 1894 Plänen ihrer Geb. an es mit seine
1752 1820 2118 1958 tide steht.
2881 1876 3228 2050 Liebhaber
2083 1911 2567 2058 An selber Tag
2618 1911 2804 2037 erst
1779 1996 2052 2111 bikoun
2112 2091 3239 2207 daran Frau ihn mit dem Hochnahm le¬
1764 2141 3253 2318 todens, verlaut ist, wir blos, von ich drei
1781 2271 3272 2422 angenommen, wo einem Liebhabe erschlagen
2097 2362 3195 2511 Durchückschaft gesinbet, ein schrie¬
1783 2459 3210 2600 Nachher zu seürnten, verliebt sich in die verheirnte
1797 2535 2314 2653 Sessl der Gebäll
