3496 2888
385 193 1699 345 Sophilina im Luge, die durch eine
239 302 1411 466 Wochen Maschmitverzichtet ist.
203 398 1729 554 (Brief) die ihnen nicht, wie wohlenschlossen
250 503 1071 647 auf bin - etc (kauf.)
476 546 1682 730 Szapay Tuch in Rasyn, denn
275 667 1282 817 Giblerstat sie nicht sehe.
470 724 1709 901 Enderecht d Kultur. Politik über¬
237 851 1549 1016 Elissi, mick nothrem zu machen.
487 937 1198 1083 Glaub - Eittzase
487 1045 952 1174 teget holen.
482 1145 922 1233 Braun Viehlen
425 1172 1693 1363 stoliliken Monomanen od. Künfder
451 1297 1390 1447 Pespeit. in stilistischer
453 1375 1697 1500 aber weib als zurückkehrende, von der
241 1471 1712 1606 kaufte vom Leben, vor omsie auch zu lernen.
463 1572 1727 1678 Sie das Lebens deuten, der mysenschaft
267 1659 1712 1824 unauf ehe, das natürlich im seltsamen¬
465 1748 1758 1883 Gefühl u. Welt, ferner Wellenrauth
489 1832 1729 1991 Hinüberlauf schwachs. Trauer, Thin
267 1936 552 2076 im Kafür
512 1999 1716 2171 Kunstecke, Wach von Mensch zum
241 2129 1650 2270 Natur - Menschenschicks. aushalt eine
254 2200 1671 2346 gegebenen, nedacht oder angeheimet
360 2294 1581 2452 der gegeben damiti hingenommen.
478 2372 1760 2509 Menschende stelle in Schön-Herlem̅ler
267 2463 1703 2619 stilyft künfeln, Schauspeale, Vornändler
322 2588 704 2719 gefallige.
1837 140 3273 366 Tiefe Gedanké statt mit dem Gehirn, und
1860 262 3317 417 den ganzen Mesen gefühlt Banalstuhn.
1908 347 3277 540 Aorthe das gegen aus versch. Zweck
1851 423 3301 612 si nahmen i) Ausdr. der nothw. 2) Heimlage
1862 539 3317 713 3.) Würde der Johann 4) Störend der ungereien¬
1946 605 3298 808 Frauen Erde – alles sich richtig – im Seele
1820 713 3317 872 alles mit gleichen Schwer hinein, ahnen, Regieß
1834 836 2429 967 etwas zufälliger
1959 889 3042 1062 Sittl. Frage keine Leopelhage
1987 980 3260 1162 kleine Zinsen von nichts möngtat von
1851 1088 2793 1234 leid u ihre eignen ernheit.
2018 1149 3307 1341 Ehelnicht, belöcki, Echelly, Harcát
2012 1234 3267 1428 absolut Güter Leben sehnert, Liebe
1881 1354 2920 1502 relat. Tagen ihre sels.
2040 1405 3339 1606 parallnt diebsten Ausstreit der trei¬
1904 1566 2243 1682 rigkeit
2063 1580 3349 1782 Abfol liebst in unserer Hahn:engst
1866 1678 3326 1856 vor Gerichtg. illuth schwerste Komodi¬
1898 1771 3226 1978 in eher Hochschälz sei die geschickt. Kornod.
2061 1875 3364 2046 Krannheit Vergängstige (Zupfraulicht,
2029 1972 3353 2137 Frauen nicht treuer, aber anhängliche
2048 2071 3320 2230 Auszug für Frei in Wien, Ingen
1908 2154 2916 2308 Stuecknecht dasselbe
2114 2230 3311 2412 Höhe der Sittlichkeit, Bedalue
1919 2384 2471 2492 des möglichen
2167 2389 3229 2562 für sielichkeit. Sonnau
1970 2513 3409 2674 der Möglichkeilen, transprüentlich
