3416 2792
332 175 1667 334 Hyzien am kr. Ged hat er ein Rech. mehrere
173 280 1694 411 der Abworff & Geld sie aber muts ernsturtschienstlich.
326 365 1662 512 Unbedt Saln, geistreiche Mutter, die mit
169 482 1671 597 einem großen Künstler ein Verhältnisses, das den
236 545 1170 677 sehe und gut heißen kann.
330 631 1677 762 Wundmaschine – geschlägt seinert. Siellich
159 723 1685 869 hätte sei alles gelöst ins Namenhaus konnte hattet:
336 814 1633 957 Aehnlichkeit zwei Weiben, die K. geliebt
182 898 1641 1034 liebe es der wegen - R. erschießt sich, - 11 auch.
349 988 1627 1138 Platreisch lieb Sie wurde ihn verabtheuer
180 1107 1664 1201 wenn er verlangen wurde - sie hört, er ist impot,
194 1178 731 1295 die Liebeschwäckt
376 1266 1637 1387 Lottesleben, das er mitmacht, um ein
1759 1251 3264 1389 von die Familie verkosten; zurück geholt, um
173 1355 1583 1476 gedingene Schilden zu können. Verkauf.
1763 1357 2306 1485 jene früh ist.
1978 1435 3310 1570 Vit. conti Examen, et Nichat erschieht seit.
370 1443 1660 1589 Staatsanwalt in der Arme am Conch.
1976 1520 3298 1650 Christus auf Ende, als Ketzer vertraut.
203 1523 1065 1664 mehrt im Erwörter auch.
1984 1614 3177 1765 Eusame Fürst, verheimlichte Tod,
445 1621 1667 1750 gialarm, die sich selbst versquelt, er aber
1784 1712 2684 1838 Regierung der Sklarien,
173 1712 1264 1848 Nau die Thiel nicht emforderte,
1994 1792 3298 1932 Ruf lose Wesen einen Mädhes vor
388 1809 1665 1932 (in einer trecheren nach dem Selbstins
1759 1892 3289 2017 der Nachrichtig; – Hungabung, stölles Wesen, guten Rus¬
182 1917 1660 2032 der Gattin, an dem er sich schuldig fühlt. Rente in
1994 1982 3248 2122 Bei Freund Alle heilen sie Concilen etc.
226 1978 380 2113 hlt.
1984 2070 3310 2199 Das kam die S. Dauer unkreiß sie, der sie
391 2028 1687 2228 Verhätet Hochzugreich um zu der alten Sensalia
1783 2161 3231 2308 gegault u betrage; er kommt mit einem
491 2205 898 2293 vorgebens.
171 2174 436 2285 zu kommen
1765 2258 3306 2383 diren nach Haus, hinwartet auf sie, Sachen
413 2256 1687 2393 Landgartin der Naturalisten, die sah, ich
1969 2337 3275 2489 Einsame Freunde aufgebrüß, in der Angst, den
232 2349 1541 2504 zu Ehre der fremden Geliebte verschaffen
2799 2439 3064 2567 Leim
1485 2439 1648 2583 dit.
1794 2429 2761 2565 frühen tieth aber zu begegern;
397 2435 1441 2581 Nurß schon der Garten, nicht feu¬
1815 2525 2652 2654 sufentbließt, das Verfuhren
182 2533 1286 2679 wir hat er sich geschlagen.
2638 130 3273 290 erste Lieb où leville
1878 142 2617 328 Juge türsch erwählt ihm,
3137 257 3293 399 Sir,
1746 240 3039 386 auf den Land bei seine lutte zu lesuch
1746 366 2101 484 Galiubln!
1913 441 3051 595 Heim der mit kathilt nur doch
1742 547 2464 666 ihrer Mutter reist:
1936 627 2673 775 die beschänztliche, weil
2740 627 3243 764 sie so hochgehret
1761 729 2322 846 u jetzt verlaßt.
1967 779 3252 946 Sie hat Paaie Raalt auf In, der (in Leerende)
2032 904 2987 1021 - er aber auch keines an sie!
1761 904 1948 1028 besonders
1994 979 3216 1128 Ich herrat das aber Familie mit
1758 1092 2295 1218 verscheinte.
1994 1163 3296 1299 Seokarii einen unbek. Maus Maitresk.
