3448 2824
354 226 1586 385 Werk ümle eten Mann einer großen
135 304 1553 443 Verstorben. Ziesenersd. - Die todherglaubt
124 396 1599 576 erscheint wieder u muß für sich in Anzeuch.
360 495 1580 650 Zathich amerik dreils wegen erschossen.
164 586 1514 741 name et Gegners. – Luge. - Leuter¬
379 657 1537 841 Feindin im opfert sein Lebensglick,
155 758 1603 917 sung er läßt sein ein gehalten. - Der Rein
128 864 1504 982 trüher sich. - Nur trittversche, die beiden
369 934 1642 1122 Hypenot Heimoracke, sine Trauwerkommen
130 1040 1319 1189 Schmückgekohlen! -  Heuerstreit.
422 1133 1653 1294 7 Geliebte, Wohnungswechsel, vergeht
157 1216 1609 1363 einer zu schreiben, den alte holl sie aus der alte
404 1303 1704 1446 Sie will ihn aber nicht. - Liebt mir die bejete,
151 1334 362 1470 Wohnung
423 1398 1665 1555 Vorlesung einer jungen Dichters in Lü¬
166 1504 1021 1624 ost - nur ein. Für hören
439 1568 1649 1677 Nicht vor den Müll, kommt zu rechte fort
437 1667 942 1798 - wird erschlossen.
168 1688 416 1795 zurück.
468 1740 1651 1887 Elient lebt auf Kost in seinem Adro¬
153 1851 1663 1988 katen, nimmt ihn, läßt siehendlich ein sp einer.
433 1928 1680 2071 Herr I. ist die sagt da Mayeuse sowohl
120 2015 1611 2181 Herrn des Trai N., um sie am Verlassen der
166 2110 1597 2232 Laparès zu sieben. - Verweisen die Sichte.
443 2195 1686 2313 derbar Bretal zu Gerstatt am Münch
168 2284 1696 2442 auch sich dem weiten schlagen. - Engell
213 2411 456 2537 todt.
431 2467 1584 2614 redakten jenenfeindliche Hütte
186 2551 1356 2709 mit sich weil sich selbst schlagen.
1878 184 3231 346 Testament einmahl garten 10. Heil auf
2885 300 3270 422 timens enti¬
1700 315 2839 439 den Landhaffahren. - Vergessen
1930 400 2601 507 Mit dem Hollmann. -
1688 404 1887 536 sonst.
3036 474 3266 611 Hann
1930 482 2978 619 Liebesseem zu entäglich gehielt!.
1729 570 2661 704 haben Sie mich je jäheiratet:
1941 621 3193 808 Zum Hädte an Rhein, deren Benohne
1727 756 3280 897 die gegenüber) tatnte dieser. Reise im
1771 833 2750 963 die Welt der einen Liebende!
1970 932 3183 1075 Freigesprochen ein lädte wegen
1742 1038 3229 1129 Maregndan Beweis. Delected sutruckt
1750 1112 2765 1255 in Seelen nicht über Gesammteur.-
1990 1199 3206 1344 Kranz von der Geliebten auf sein
2032 1284 2897 1417 die erstarrene Frau.
1756 1299 1988 1431 Grab.
2007 1330 3274 1522 Owenis sterbens, den Geliebterd. Brautler
1764 1477 2007 1597 spiele,
2021 1499 3299 1684 Selbstmorien gebracht; er ist den Geben
1727 1638 3071 1793 den Trau, welche beim Assissenzacht ist
2019 1740 3278 1876 Hotel für teile, die seit ausloben wollen.
2007 1818 3111 1938 Amadére der pfilisse (Gegenstreit.)
2027 1926 3253 2056 Kreisamt Frau F. Murm. Geleibte
1959 2032 2684 2139 liebte. Narr.
1816 2050 1932 2146 r
2048 2079 3276 2247 Turcht vor verlasten. Hält sein schwester
1781 2204 3092 2340 für wohnsinn in ihrer aben selbst.
2030 2286 3258 2417 Mann sich als Liebheber ausge¬
1756 2373 3266 2524 bend, it überraschte Liebsabe als Marie
2058 2458 3278 2618 Fritz zahl alle, zum Weibe, auch sich
1738 2570 2553 2688 wobeit amt schlagen.
