3464 2824
446 154 1624 326 Gefährlichkeit der Einblöck, die rere
163 176 317 315 B O
169 277 1440 412 man lebend lleen getragen werde,
488 359 1691 486 Frauen, die mich ihrer Arth vergessen lassen.
467 442 1197 600 Comprominenschen
472 499 1704 693 Nis hat man ane Frau aus Pklenckenweis.
493 630 1586 768 Weibe haben müssgehrt. Gem.
478 719 1643 844 Stung, wo uns der krabblige an¬
213 810 1218 939 die Menschen zumahr wird.
482 896 1453 1023 Neuwöh jehen, Rracten. -
465 975 1605 1140 Mit falschen Vergleichen schlägt man
201 1083 977 1203 kein neue Bewegung todt.
482 1167 1641 1279 möglichst viel erleben mit gegen
169 1264 932 1400 Aufwand von Greignetsee
533 1336 1622 1503 Tag soll mich nicht mit seinem
207 1391 676 1594 ticht beleichen.
518 1529 1704 1689 Nicht das Geld eigenart den Traum, sind
213 1626 1190 1746 ist wie sie damit kauf könne
550 1666 1710 1856 Unkreu als Heilmittel der Ehe¬
214 1787 444 1945 sucht.
562 1856 1657 2021 tigt ist, wenn man erst häten,
222 1983 1545 2131 drauf komt. Ihr er in borich war.
565 2066 1649 2220 Muth, wie man sich steckt
216 2173 1332 2296 es gebracht einem doch nichts.
590 2237 1679 2404 Hartetsins Wortel, aber ein will
222 2342 1457 2478 die nun sich nicht zu glücklich lese.
575 2433 1651 2579 Neue Götter – müssen die alten
285 2529 1072 2672 Götzer gewesen sein.
2008 106 3319 298 Liebe, dejemiteten erreifs anfängt, womit
1795 264 2228 408 Bitsin auf?
2040 336 3000 474 Gergen den erlaubteskeitete:
2064 421 3319 535 Unsere Kritik fehlt acht, vor den reinen Wollen
2082 497 3283 655 Unterste nicht Lieb – letzte fällt.
2085 592 3309 740 Unglückskreisstl., nach Schalloon sich
1827 721 2330 833 entwickelnd.
2106 750 3345 918 (in Gebt!!) - es war nun d Gütze letzt dahin
2106 854 3125 1021 Stranschlechen, in der Liebe.
2099 945 3275 1080 Ändern auch wir, glauben i besser.
2116 1047 3305 1161 Meilchen Eichaues belangenissene
1814 1152 3302 1298 die Ehrlichkeit, mit den Ticherheit ihre Verfuhrskr. -
2154 1224 3256 1381 Zum werden mir glaube, auf dem
1814 1317 3340 1459 Weg zu sein u auch am Eins! letzten Irrtum 1 korth.
2127 1389 3355 1556 Glauben verrieß zu haben – wurde nun heißig
2148 1488 3298 1647 Wulicht hiemitens, als keine
1852 1583 2949 1734 Geliett? oder untreue Gatten?
2118 1691 2842 1799 Ausrängerte Rosen
2163 1717 3343 1911 Unbehaltenheit der Auftagen, Hilf
1837 1875 2628 2017 losigkeit den Trauerzei.
2186 1935 3345 2064 Meistrauen war ertretich, ohne die
1882 2036 2789 2190 Horente den Vertrauen
2212 2125 3328 2277 Ich macht schöne sein, ist sie mit
1907 2252 2700 2364 mehr liebt – Auszug.
2201 2315 2951 2452 Derehlen Agherisme
2207 2395 3226 2546 Trost, ist er große bersche
1970 2518 2159 2639 rat.
