3448 2840
899 207 1663 343 nicht dessen, dessen Frau vor:
469 203 848 362 Berechtiger Ein
162 309 1648 443 Da hatzeit ein Verhaltung hatte u die forte; ist oder
164 416 1677 559 dessen treib Inn, freu war, jenen noch einen begehrt.
490 492 1654 601 Wenn man ein Trai ihr Vergangenheit gar,
162 563 1675 731 vergessen lassen könnte, wir man auf ihr Ungarischeit
160 697 576 821 eibesuchtig.
462 757 1652 906 Geliebte ist sie, welche verpflichtet ist dit
181 846 1614 993 zur Sintegehen, die andern thues zum Vergnügen.
473 931 1626 1078 die trau übertrein, über die Korn möge
537 1013 1656 1159 weil sie der Schmerz heilst und d Reue so sel¬
177 1059 492 1177 sich trösten
458 1119 1437 1277 Aus der Kaffehausock Titel 1
475 1200 1671 1366 Sie was nicht mehr das Weib, bis ich
170 1315 1646 1437 ewingen - die dein da sich nur ergab.
448 1379 1631 1541 Musikanhörer u sich selbe alles
188 1505 552 1611 verweisen.
454 1558 1637 1705 Türchten eine Classmedezuschreit
194 1678 1354 1799 der mein selbst zatterei konnte.
462 1761 1143 1869 Sranabvilleid.
524 1814 1682 2002 7 thischfühle: auch straflose Vergeh
213 1959 919 2076 nicht begehe wollen.
463 2023 1709 2193 mit jener sindlichen Contimentabtik,
213 2117 1309 2264 welche Crede für Acht halten
518 2147 1726 2357 Gesch, ihn Meilen zu ihrem Gelieb¬
219 2326 802 2430 ten zu machen.
518 2351 1671 2528 Aulores, die mit einem Fachchen mit
228 2481 1417 2652 schreiben: Er um Dezeil gekleidet
2016 166 3270 315 Nehuralist soll schulden, daß die Oessen Ernthe
1746 275 2884 403 Ist sie dann sch. müssen, nachs ich;
2031 345 3086 501 Idee den Erblichkeit, Ahnfrau.
2042 445 3148 565 Tentimentalität weisen Korn
2044 520 3270 671 Ihr Unrecht: Ich gekannt in Sie verbeibt
2078 595 3295 770 nichts sichtens als sich den Blonden Ruhe
1786 706 3204 840 von einem Traum engküsse lassen
2068 802 3268 927 Wie glauben auch daß ihr treu seis
2100 893 2873 1038 Jubeljahre der Geisten,
2102 970 3285 1134 Güstiger langewagen, lit Cotilla.
2127 1066 3314 1200 Verschneider mit seiner Lebensart
2136 1162 3314 1304 Kagchal, das durch Angegrit¬
1807 1264 2799 1383 werden Zinsen tragt: weib.
2134 1343 3306 1477 Kellanzung Eigarett hinlern,
2195 1454 2556 1548 Dlattant
1816 1450 2129 1592 Geschäft
2155 1526 3219 1665 Conceillschen-Girndellswanger
2166 1605 3319 1752 Germann immer errothenmalen
2183 1703 3285 1831 Die erste Perle unter der falscher
2202 1788 3263 1921 Tiele malen der Liebeleien?
1852 1820 2174 1923 die wahre
2159 1888 3291 2019 Dicull mich sei ein Nacht, jene
2236 1967 3055 2129 bescheidenheit belohnen,
1808 1984 2146 2115 färs leben
2161 2048 3329 2202 „Wie später Straßenbruder schlecht
1823 2155 3327 2304 mein schon durch die Welt an einem Kegenabes
2131 2244 3346 2364 keinen erlebt sein eignen Unglück etc.
2769 2328 3332 2453 das Schöngesest
2121 2342 2675 2470 tetzt Conséquer
1827 2426 3242 2613 man scheint sich Vater, Mutter zu sein.
