3448 2824
1804 128 3194 308 Ehrenschulden, nicht Treuer hinaus, weh¬
276 172 1614 335 Arzt aus Hotel d'arufen. Nebende man
1796 251 3118 402 um 1000 fl zu tzahlen, Spiel verkor¬
136 280 1383 440 Fliesend Frau. Spätrer trinwahr
1923 339 3277 471 Ehrensche Ls wie es eben zahle gehe will,
291 352 1580 511 Grulis in Bachorten, Coronthonaten,
1760 423 3234 574 kommt hängerer Treu; eben gibt aus, leicht
142 467 1172 597 sie suchen jeder ein Partei
1754 529 2733 665 sich für ehebeserklären.
308 542 1591 703 Das Opfer sie gibt sich einen ganz kein
1934 548 3313 768 Hochs gegen den Betragern u m f. präs.
136 632 1616 783 sie, der ohne es zu wissen zu haldien tas (bald)
1760 684 3292 846 weiter furcht, den befreit sich durch ein Künsters
136 737 1465 881 Erkleid) bestimmt ist. Sein bis zwei an; et
1934 787 3338 929 Bld in der Galterie in selbst – hat der noch
324 802 1687 956 stöhlen u Kait. Kalserin. Von ihr gelatet,
1781 894 3324 1017 gelebt - Erinnerung - einer der sazt: die heute
172 894 1624 1055 Zugedien; Verhöftig; Rethen durch die Kaisern,
1944 965 3277 1095 Die Mutter der Künselins sich tödten,
184 984 1210 1138 Vor durch die eifers. Geliebte
1768 1053 3185 1182 weil ihr Kranksein den Sohn stört.
356 1072 1624 1214 Trai in Zweehaus; sein Geliebte
1965 1139 3301 1293 Abschied Wege zur Uglichstall Er¬
170 1180 1522 1304 anzuste sich, das er freut halten muß.
1758 1254 2472 1373 todt, die Eliehens¬
354 1256 1570 1385 der Sterben nach dem Paul Zufauerenheit
1995 1302 3349 1450 Vale und Geliebte Tochter Selbsters
163 1348 1697 1505 mit Zuern u. Menschen, die er liebt (Sohn) verlier
1796 1429 2909 1588 Gel: Du hast sie umgebracht.
375 1436 1645 1588 Blinck in Frauest Gegrüd, wiese er
2018 1496 3303 1641 Doctor T. Taralyse, tochter auf ihn
410 1542 835 1653 Anderling
178 1551 364 1679 nicht
2865 1586 3328 1725 Vater rufde
1228 1578 1505 1733 et Uhr
1775 1611 2838 1746 gehetzt; Verlohn. Curatel.
400 1620 1208 1760 Geschäft Sinn. Ticken
2026 1701 2658 1842 Mösich zu Stunde.
207 1679 913 1861 Flustere Sturm etc.
433 1739 1670 1949 Eltern Besuch bei der gr. Gel. aus
1936 1835 2476 2013 Falsche Bohünn
165 1907 318 2041 8 L0
2022 1953 2934 2093 Mürstl Wien kommen
944 1926 1340 2084 2 bei dem
416 1994 915 2122 „ Eller: die
2001 1999 3213 2191 In den Gallen froh, der diese Schön¬
385 2070 1683 2177 N. 6 Hart. mit Bellihnart, Onkamt
2022 2139 2943 2254 slebt. - da kommt sin¬
1869 2189 1974 2269 n
170 2175 596 2302 das Toper.
2451 2221 3301 2354 Prezessu verfühl. - Tode
2001 2239 2440 2355 Todesfahrt
1444 2206 1641 2359 Türst
408 2252 1367 2388 Besicht den Eigens, aus Alten¬
2601 2317 3118 2440 Elrich nocher.
1840 2332 2574 2465 strafe; verschärft durch
1425 2334 1685 2490 Inster.
894 2359 1388 2476 sein allerer
322 2371 814 2507 seine Gebekt
153 2359 287 2512 h
1105 2560 1270 2706 E
