3448 2840
1776 138 3012 320 von Imän, der alle behalten will.
1101 215 1613 324 wollen nur ein
296 201 1052 375 Berélant Achorès à Cauter
1865 245 3229 399 die Gräher am Trijolis, althranges.
132 290 1662 454 ander gegenh. bewundert sein. Verwegh d’Erteilkeit
1747 353 2503 488 Stoft, Ein lyr. Ope
339 418 1664 545 Sie kühlwege deintieder hat ich dichholet
3002 424 3261 561 ein xxx
1907 407 2988 570 der Sattcher, der den Fremde in
221 505 782 628 schräßt sich ledl.
1739 533 2678 683 meintl. Kordell sehrt.
367 539 1518 714 Er Mus uns deine Kunst wollen
1917 614 3233 772 Die niemand Gel, die mit nur ihn
188 669 1587 813 hab ich Dich gebäbt. – Sie schrift sich todt.
1723 711 3306 863 betrage u nun klagt, dass er sie mit Rolle gesche¬
341 752 1581 900 Todentlose Schauspieler. - Rehalten
1948 788 3261 906 technik der Liebe an eine städte
189 876 863 993 träglich als Kritike
3109 884 3298 987 was
1755 886 3067 1042 welche ihren Ich mit mir belangt, um
379 886 1583 1070 oder mit der gemüde u tadeullose
1772 973 2564 1101 Zeliebt zu durchschon
278 1020 1632 1155 sie möchte ihr Gemeinsingabe an so gab
1926 1040 3237 1208 Ahnung. Wie es mal aus Fenster
253 1099 1315 1247 zu werden wie d's teutliche.
1729 1147 3314 1285 kopfte, wie die butten starb. (Schwechte war’s)
353 1198 1330 1338 Sagage mit den 7 Worten
1960 1243 3199 1380 Ich recht, die Betragst mich, wollt die
343 1283 1607 1421 Blindererte, michs es; übt sich im
1721 1324 3271 1441 v. Skandel nicht. – Also darum die treu etc. - Tod
207 1372 1541 1510 denkeln Zimmer (Uebl der Sterben)
1952 1413 3257 1585 Sängere u jeune fill an Kontort, die
361 1461 1601 1636 Herrath, weil er sich verstände
1784 1502 3290 1676 sich gegen. für Nachricht u Braut jenen beau¬
174 1563 1599 1682 wähnt. Nach dem Hofpreise. Jetzt gibt
1812 1605 2965 1755 sällen, den von ihnen gesprochen
191 1662 1628 1798 als wohl die di neue Mademi auf??
1944 1692 3251 1842 dielyckrüstelen Die Tochter, Deinem Geleubl
361 1739 1654 1887 Uneheliche Lohn. Hat ihr von einem Pfarrk
1772 1784 3286 1928 hat, sich seither nicht füllt, herausgejagt wird.
182 1828 1591 1984 geistigen, will ich durchsetze. – Es ist aber ehr
1788 1865 3286 2007 der Mutter, verliegt, der der verfahren sondert
225 1918 1518 2041 Sohn mit ihren Mann, dem Kellner.
1970 1958 3296 2086 G hatte mit ihm Twritialerleich, diese
363 2007 1575 2173 Testament Theaterle sie – das
1780 2043 3340 2209 früher erhalten, lachend durchlesen. Magisch hat.
821 2092 1640 2236 betrages. (Tis dabei).
180 2124 791 2256 Weib der nach
1922 2132 3304 2276 Branol-Forst. Wie er sich ein ihr zur gefragte
1374 2189 1599 2321 tod him
872 2207 1344 2319 des berühmten
395 2201 734 2359 1st
1780 2232 3245 2384 hält, als sie ihm erzählt, sie habe die Bekanntnacht
843 2286 1551 2412 Liebhab erkannt.
188 2303 772 2422 wie sie den Zwey
3197 2315 3290 2436 se
1812 2309 3109 2471 eines jen kann gehabt, den sie längst
1348 2368 1551 2509 Zwey
432 2384 1305 2497 Geliebte, été ils sait recevons
1836 2426 2374 2556 Geliebter hält
835 2463 1137 2613 beträgt.
215 2473 799 2615 u. einen Rieser
