3432 2808
357 161 1688 359 Rache Vor seinem Selbstmord schreibt er ihn.
166 293 1055 429 Ich habe dann Frau verführt.
327 389 1624 533 Sünsler der der geliebten sagt. Ich brauche die
138 488 1219 607 nicht mehr; ich bin mit der Fertig.
338 578 1656 711 Kinder der weiß seines Schwester ist ein ge¬
172 667 1663 811 fallene - nun will sie sein bester Freundheiraten.
319 748 869 902 Gegenmariwell
312 917 1625 1058 Die Abendung: Liebst durch jener Möchl?
166 1036 1276 1159 In a Jufmar als etwas etwas?
314 1123 1644 1240 Folewild, der gegangene Mall, er wird er
183 1206 1510 1340 sich ungereit erschossen; Proninschaater ik.
342 1295 1635 1435 Die fünfte Maitrein jetzt eines Ronten
204 1383 1614 1495 Geliebte, die sich mach einen Stunde Luerei
178 1470 1189 1601 sehet u beschmäht wiederkehr. -
380 1555 1629 1703 Das Kind man hält sie herauschuß.
174 1659 1608 1803 der Staat will die erwähntliche Geliebte
195 1743 1527 1864 tödte Umgehört sie dem Brücke alles
389 1837 1629 1967 die neue Ehre, der lub, der Offizien wird
172 1924 1606 2056 u eine plötzlich den Geliebten seien schwestern
191 2019 679 2130 fortin umse.
378 2081 1629 2217 könne zum Luder im Fuße. Macht
187 2185 1217 2317 zum Farrkthor im Frauen etc.
363 2285 1589 2421 Erstes Mann wahrsinnig; scheidig;
189 2376 1563 2516 Sie treftliche wieder, wie er wurde gesunden
178 2466 1011 2618 ist u. sie den 2. Mau hat.
2130 119 3209 316 Ohneacht der Königs-Abgenöhne
1750 176 2104 321 Tramwell
1790 268 3022 397 des Schlafs, Beeintlicht der Täume.
1960 357 3194 524 Schauspielen, der auf der Bühne der
1761 455 2982 595 tief bekommt, seine Trau beträgt ihn.
1960 546 3236 682 das letzte Sorgen (unter Glasglocken)
1837 641 3217 777 Ich hätte sie geliebt, wenn die Apfel faut
1799 758 2330 860 gannsen wären.
1964 832 3232 953 Sroben Rielette und Griselle für Monara a
1784 930 2383 1038 grande panion.
1954 987 3211 1149 Junge Trau als Ehebrecherin nach Z mit
1788 1092 2527 1221 gebracht (it bruder.)
1958 1162 3200 1308 Ehrenschulden; der Lieutenant, der sichweg
1796 1283 3196 1399 100 Fl erschieht, der änder, dessen Mutter
1813 1370 2451 1484 10.000 Frm ihr tählt.
1952 1440 3239 1586 Weltückgang. ich verlänke das aller
1788 1561 2569 1695 um uns! - Errichterei.
1983 1612 3241 1744 Schebuch nach den Wahnsinn, in den er¬
1782 1709 2994 1865 die herrlichsten Anlodien geschaffen. -
2024 1796 3273 1952 Rettin. der Theaterstraß. Sie erzählt
1771 1886 3290 2053 daß sie Art war, hatte eine selben Emit ein Raart
2053 1984 2905 2115 glaubt er schließlich selbst.
1790 2013 2002 2151 nd
2005 2064 3298 2196 die Frau, die die Arstnungsophiale
1799 2160 3306 2317 klinikliebt, sich verrückt stellt u es wird.
2011 2247 3183 2393 Koncois, damit sie sicher bei
3073 2372 3247 2466 -   -
1818 2342 3037 2480 soll er tief in Vieletta na liebt stellen,
1797 2455 2650 2574 geleugt, allzu acht bis!
