3416 2792
358 168 1262 314 Liebe als sex. Neurichtheim
1942 158 3273 302 Brief derbetrag. Geliebten, die er verliebte
1755 258 3300 395 an die Bereut: Auch er nicht glücklich, er verstehe.
374 243 1520 412 die Annahmlichsaat der Entwär¬
1984 351 3294 472 Raerdi auf Amtel; er Gesucht auf
383 362 1310 483 favit als sein. Typer.
1980 455 3069 589 Geliebte - 6 andre gleichgilti.
393 443 1699 570 teut leisten mich u. pack erinnert sich ohne¬
1737 451 1949 572 den x
397 530 1466 688 Glückliche Zeit, in der sie lacht, neu ich kein
1961 528 3259 647 Cire. Hohensollen; Krongen mit der
1499 555 1647 686 her
1751 613 2934 753 Schulpferd, Clara; Kenolelin.
202 632 381 757 gath.
1942 709 3203 830 Familiek-f. Bruder Vister, Offiziei,
418 709 1612 846 Emilieben diehlte wissen, eine heiße,
200 807 401 936 ander
1755 794 3288 927 beutet die Schwester, Schmerzielmi aus. Heiratetz kei¬
416 811 1429 950 gehabt. Ich werden eine heute:
1782 896 2244 1023 verstostet sein.
439 901 1618 1021 Schlage die gutwillig sonst möglich til¬
1946 950 3273 1123 Aller Geschwickegaa, (Renten) der Streit
445 979 1678 1125 gut den Gemacht der Treue, die es von
1761 1083 2772 1200 der ein gegen beibt füncht.
223 1067 1659 1219 ühren will, auf der phantasoren; nicht fühlt er sich
1982 1123 3165 1293 Unbequen, trak. Worslu et 1 Juve L.
457 1167 1572 1314 Gegensätzlich - Inbegehre! Für ihn
1978 1254 3171 1408 frigt ihm den Beantag u den in Muth
144 1256 1279 1406 eine Froberin mehr, für sie ein Melt.
482 1346 1659 1489 durchgegangen Macht, der die Geleibt
1784 1343 2408 1460 zurück. Schleier.
1988 1431 3230 1568 Ach in jetzt? Beim Traubeler, mich mit jeden
114 1447 1578 1581 brennenstens samb einlogien will,
493 1529 1680 1674 Pegetolog in oma Conseil der Kunst¬
1797 1529 2887 1653 waren nicht auch mit Ihnen?
1895 1570 3207 1770 Besuch der Groß. Acte. nach der Tod der Gel.
183 1622 869 1761 Gebölle herauslange,
537 1705 1599 1845 In der Schreck zusammengekbrübt
1734 1709 3198 1830 bei seine Mutter. Dann sagt mir schlechter, nach
329 1801 736 1920 Hochzeitung
187 1813 287 1942 en
1920 1786 3273 1942 Mitte gerämt die Gel. der Sohnsbet¬
537 1867 1553 2019 Eiserträh. der Kriegis auf der
1736 1894 3040 2017 die will ihr nun nicht aufheiraten.
397 1976 1687 2086 Herrn, den neben dem Einrede Überschläft.
1924 1992 3244 2107 Reise mit der Actaie, sie wache nicht, daß
158 1990 339 2098 jure
1730 2063 3076 2184 Kegarter - mundet sich, ihr er in den Ztg.
543 2057 1554 2198 Welch Valentin lei den Hinrich
133 2159 1587 2292 Greten will den guten Reibe nicht hinricht
1901 2152 3273 2298 Zwar sahen mich fortgehe – plötzlich Reich¬
1761 2248 3130 2385 Etum Struck nicht alles; er wird dich todtig
549 2244 1593 2390 Ich heirat dem frühe Gel. - Zieht
1878 2333 3088 2485 Soutenirte Rütter, Freuer it daß
156 2277 354 2487 recht
385 2346 1167 2462 sehr anfängliche lerntt.
1749 2427 3121 2566 künstliche Mariel ihm einiges.
491 2433 1435 2558 Sie betrag ist, wie nach glaubt er
1466 2433 1682 2583 hin schon
314 2525 1452 2637 daß sie es beträgt, weil der einig zu je¬
148 2489 274 2622 be
1013 2608 1416 2677 u verlären.
