3432 2808
1906 195 3274 342 Vorschweigt ihr alle gute Eigenth; - amkeit verrie¬
342 217 1637 381 Sürnschen anwangenen seiner, sagte, wie ihn
1740 292 2885 408 er sich als leisten; da verlaset sie ihr
112 323 1511 466 d Mau bei seine Frau trifft, auch er um
1939 370 3262 484 Arzt handel. In den Gespeisnacht
139 433 873 540 arragiren, a tout prix
1701 474 2697 596 läßt ihr die Geliebt holen
356 497 1562 652 Impotentia turff, alle Traum tödtens,
1937 555 3206 683 Analol an Portraitos seines; es hat alle
186 592 1641 731 damit sie nicht von seine Klammerz erzählen.
1774 640 2647 766 besellen; und bei Recht.
331 677 1594 830 Ermorg der diellanten in der Nacht der
1960 691 3208 851 Experimentate Capt. in Kne rückse,
97 772 1647 902 den Welt; die Schwester der Gegners that es.
1972 817 3121 927 - blauen Gliesen aufwachsen.
1730 826 1943 948 nicht
370 865 1577 1006 gelehrten berechnet: dieser paar nach
1987 904 3243 1045 Verhältnis mit kam, Freundsch. der
151 937 1583 1111 ein Gewis erzeugen. - Cretia. – Sein Tod
1728 1002 3251 1128 früheren Gel., da nun noch von ihr erreichlt; Ver¬
389 1043 1649 1200 Opferlamm Er erführt ein gingen Markt
1728 1089 3251 1223 lasse des Mädchers, an den Nachfolger zu güsten
120 1134 1517 1269 um ihr zu ingenieren; die bringt sich um -
1970 1178 3274 1314 Anlegenntlich freutet  aller; nun passirt
404 1211 1567 1362 Sehrfolg einigung Märthern aus ein
1749 1271 2804 1401 ihre selbst alles. Versicherungen etc
141 1300 1562 1457 die Mahn der eigene Salers (Jahrwarzt)
1981 1356 3222 1494 Einplarzimil Mattel, Aprilisischen
401 1385 1639 1515 Mann den Leib verloben, kann sich
2980 1453 3291 1594 Unigemand
1730 1455 2945 1569 erfährt, sie ist der Freund Frau. Liebt sie. -
137 1494 1016 1625 aus Geschlecht nicht finde.
1774 1552 2227 1658 Mir lettler.
1401 1569 1633 1711 oh ihm
426 1589 1385 1730 Ehrenschule – Onkelmeist zu zahlen –
2647 1637 3264 1743 3 liebe ihr, er waren
1985 1629 2574 1749 Bedevores rechter
145 1685 1238 1796 hat aber seine Anlasse geschrieben
1945 1730 3135 1831 : A: Bliebtstr -: C: Blaubt zu mich!
1774 1722 1923 1844 eines
443 1755 1457 1892 Gertan, zu Syndiz, feilleben,
2057 1809 3264 1933 Gexanmeister veranlaßt ihr im 10 Jahr
145 1861 780 2001 Unterwundere verboten
1765 1902 1983 2036 äller.
2032 1900 3195 2018 Entschlusskeit den Sonntnissens.
1463 1929 1581 2045 it
433 1945 1399 2084 Wolle er wird Giftverlangen
2074 1974 3268 2128 Würdenzeig,rdelakant kauft sie; aber
124 2018 1676 2144 wurde muss ihr xxx von Irrenhaus befreien – läßt ihr.
2099 2082 3243 2225 mit, tritt sein Anlasse dem del. gege¬
1767 2026 2069 2194 künfchen ver¬
416 2111 1649 2233 Soltersänge in xx, sein Get.
2107 2179 2543 2289 werk ab.
1902 2179 2070 2281 Geig
1751 2187 1875 2297 dh
114 2225 1424 2330 lüßt ihr nicht, sie und es betrügen bis
2084 2252 2937 2386 Sie zu weit ist, unterschied
2966 2262 3276 2390 um eben.
1513 2307 1625 2415 to
457 2305 1471 2440 Selchernachte, den 2 Offiz geheizt,
1800 2349 2902 2477 trieben Nachricht über ihr schimpft
265 2392 1322 2546 ungrücklich der andere erschrift sich
2084 2438 3009 2581 der bleide, betropen, sich in
3077 2444 3228 2545 cto
1815 2494 2047 2666 Herrn
2084 2537 2678 2664 wächter (A. w. r.)
