3448 2840
2013 178 3135 331 Du hast ja keine Grün mich zu betrage,
1794 276 2922 425 Ja, nun wir an Grünke betroyen!
2040 356 3252 507 Ich habe Glück bei Imploranten solche die
1818 472 2942 580 es gern wurde werden wollen.
2068 543 3234 679 Eben hab ich ein Seele vorbeibliege hat
1845 679 2218 771 ganz grau.
2058 721 3204 855 Sicarzen zu einem Revolution ertheilen,
2076 791 3246 956 Nie sah ich ein so seligen Künsel über ihn
1826 906 3175 1040 Gesichtpläten, wie, als ich ihr sagte Conaille
2098 984 3310 1132 Heut hast du wieder mal seinen abreiki¬
2053 1107 2233 1210 say.
1819 1095 2021 1236 schon
2087 1171 3147 1317 Du bist so denn als ein
1846 1253 3118 1391 Schneudgeselle zum Geleibt Zulteft. -
2085 1349 3303 1492 Mann in die Kirche gehe? Du hatte
1845 1460 2160 1584 ja nicht!
2135 1525 3269 1682 Auf den Tüchen: es nicht einmal
1819 1641 2644 1771 u unendbet geliebt werden.
2155 1712 3224 1855 da man sich zu gr. Pass. nach
1866 1830 3189 1957 notiren läßt, at man unerlich nicht
2130 1903 2559 2019 tremolung.
2115 2008 2628 2095 at Dein kam.
2105 2068 3331 2223 Ich wirktig tödten, nicht weil sie mit
2144 2171 3288 2286 heutraum die sich erreichen lassen.
1840 2184 2078 2315 betrug
2135 2253 3347 2401 Nagolers u Casse lächeter Angarn.
2118 2349 3336 2463 Zitterer zu Poesie zurück, wie zu ein
1870 2444 2987 2567 geliebte, die einen u etwa war.
1497 2653 1594 2722 G.C.F.P
