3416 2808
3004 150 3124 292 ité.
1747 151 2978 347 Einer, die 2 liebt, die Cootte heiligt er,
1761 297 2417 402 andre verlitt er.
1937 351 3272 508 die folgten Feste; die Ehefrau im Familien¬
1737 462 2875 589 kreis, die Geliebte zu Hause etc.
2016 535 3236 666 Hochzeitsreihe an die Kälte, wo es
1723 644 3152 785 mit der frühern Gebätten glücklich was.
1771 727 2540 871 Entweisung, nicht hier
1752 818 3192 940 Leichelei das neue Markt schautruchen auf, litt
1769 888 3253 1030 nur sie ihn; er steht im durch für einander.
2047 984 3214 1128 die Patenten, die der Nachbaren
1796 1073 3235 1193 vergittet, weil sie den Fre. Auf vorzügl.
2075 1163 3218 1311 Maler der mit durchschossen
1771 1276 3163 1407 Zand vom diell nach heute kommt.
2051 1346 3268 1497 die Schauspielerin, erster kürstlerische
1800 1440 2963 1584 Erfolg als gäntliche; Teltstmord.
2110 1527 3246 1676 Die Frau der Folkslängers hört ihn
1772 1621 3120 1763 das erste Mal singer, flieht vor ihm.
2101 1708 3292 1865 (sagen, eine bringt sich um, weil
2038 1800 3104 1951 regleitung falsch gezielt hat.
1782 1826 2003 1935 er die
2046 1881 3288 2051 Liebesbeständnis der Matrice, sie kommt
2075 1987 2784 2118 hat ich gut jetzielt?
1796 2007 2016 2112 mack
2070 2077 3238 2230 Sose der sich für die scheandelhatte
1839 2155 3288 2300 Wie seines Unterschlagen auch u. stirbt.
2070 2252 3299 2419 Ereisiaan, der belebend, der statt
1850 2350 3262 2485 der bedeutte Gesellenen ein anständiger
1868 2433 3299 2588 Nändel hervatet, — ein etwas Aristokont
1870 2529 2740 2660 Die bedeutend Gesellene.
