3496 2856
315 188 1634 331 Magentrage Deintzill für die Faktei, sie die
200 304 1278 429 wird die die Geschlechtsschweige amt.
406 384 1611 529 Ich bin der Schwein u bin stos darauf. - Ich bin
196 477 1515 594 die Leiche, u bei stolz, daß ich kein Schwer bin. –
421 531 1663 702 Man ist nun rücklichtsvolle gegen die Rück¬
204 665 1507 788 sich Wosen als gegen die Rucksichtsvolle.
446 746 1690 859 teler erfahrene Tosterquels: sie schalte¬
194 836 1290 955 erseren statt zu öndnichnlicher.
458 921 1698 1065 Lassen wir die du mein Dinge ein Schauspiel ver¬
160 946 313 1040 B.Sch.
154 1029 310 1155 B. Ich.
458 1015 1678 1152 Witzungen ja doch bisweilen auf die Luhe
206 1117 1669 1242 aber wir müssen den Weg aus Pankert erriret für
473 1194 1644 1344 dümpfelischen sovielen, welche die Masse
211 1296 473 1402 sachalen
527 1359 1640 1525 Manchmal kräuseln sich die Welle
215 1473 1619 1611 Deine Seele; wird ruhig – sah ich die Schlingpflagen
536 1551 1709 1707 Nie was sagen die er mein habe: - Ich
210 1651 1669 1786 bauert, wo die sie mir erzähle, gehört sie nun.
550 1734 1673 1873 trüte, die nicht einmal zu Zeugen
267 1851 642 1951 verlieuen
554 1911 1663 2044 Eindruck - wie durch geschliffene
533 2024 1203 2155 wie durch Prösmen
238 2024 442 2159 Glas,
554 2099 1667 2220 teute, durch den breiten großen Intellant
210 2192 1692 2328 gehen, streife oder Gebiete; gescheidt dichkunde. –
511 2280 1692 2432 Wenn nicht ziemlich mit Tzbuch schweit?
521 2363 1651 2517 Glähr Liebhaben, nun wenn er nicht
271 2426 498 2582 liebt.
521 2520 1592 2692 Ich mächt endlich ein Lieblich ohne trag
219 2513 388 2661 F.Tr
1999 104 3312 310 Ich vielleicht nicht gelieb sein, weil ich ein Dohn
2013 233 3324 404 Gränen sich die glücklichen, über die un¬
1742 285 1928 425 Netton
1796 329 3289 504 glücklichen, so gibt er kein sieklären muß.
2038 421 3322 561 Geliebt spricht auszeiten Künsewerk
1815 567 2165 681 niären.
2053 594 3336 731 Sondekan Luft, sich mitten im Samml
1798 677 3341 821 eine großen Liebe in Arme eine dies zu stürzen.
2051 802 2667 936 Etsische Perraschesin
2061 850 3243 1011 Einbleik, uma ein in Abentan
2074 963 3161 1113 ohne werde im Himmel gebochen.
2080 1034 3353 1207 Prät &, geplagten Leben, diesen, Strängl
2090 1130 3241 1292 Inventerwirth Eltern lodte Kinder.
2097 1217 3328 1380 Erwegene dtsch Gelehrten, die sich an die
1813 1311 3314 1473 größt Ihm u nicht an dikleichter welche gegen
2111 1400 3349 1553 Halbmansch! - Wirrer die Hultzötte auch.
2130 1492 3309 1674 Aufschneub sich wähmen, dem Gebiett
1834 1601 3216 1755 habe er besessen – hat die mal nicht gelegt,
2122 1663 3280 1823 Atnützen der Seele mit dem Verzeihe
2147 1773 3378 1899 Flieten perverne u verfiel Sumlichkeit
1794 1809 1947 1919 B.O.
2153 1849 3378 2009 Wie laufen u. wie er mit mehre Ahne Lippe
1798 1915 1932 2001 B. O.
2171 1959 3261 2074 in einer wiederholt meinen Herzen
1799 1992 1944 2090 D. O.
1851 2036 3307 2180 kauert die alte blödsing Tag leibherlieb
2165 2130 3282 2294 An den gesellenen stößt und das ab,
1861 2247 3016 2357 was sie noch nie der andern geben.
2178 2255 3314 2463 Saradricu, wenn schon Finler
1826 2349 1955 2476 20.
2199 2403 3049 2547 Saraufgere de Wahrheit
1861 2440 2146 2567 bekommen
1928 2567 2074 2657 T. &
