3432 2808
1914 162 3267 316 Ung. Zinsenu, aus Theor. Grundz sich dem
1759 271 2788 380 Soll entschließend; welcherst
1963 340 3245 447 der Arzt: Ja mei ich mein bemern
1777 443 3091 586 schriebe - u wählt imm deselb Geschäfte.
2007 522 3303 682 Kolmtheilen, weil den Excellence aus Verhältn,
2027 639 2425 740 an 6 neuhesten
1804 626 1980 753 wenn
1988 671 3293 838 Kritikei, findet einer, eben er kein Geld
1802 802 2662 926 schuld, kann gerecht sein
2010 879 3316 1003 Aptoristikei „idereß nicht“ – jede Momentfallt
1811 984 3239 1078 mir uns ein. - Uebe Meile. - Hat nie geleibt.
2018 1078 3316 1210 Erblaute, den man selbst die unbedeutend
1821 1155 3085 1274 Vorfüll verschweigt, man sie nicht aufzunehmen
1770 1236 3278 1385 Gr. Dichter AlterKisten, den endlich der Kreis seiner
1832 1334 3260 1456 Sevahrer, verspätet, faubt. (talontlos, rechnes)
2048 1428 3286 1557 Aufrichtige, die allen sagt, ich lieb dich nicht
1839 1535 2439 1644 um der X lieb ich.
2065 1593 3252 1740 Charles M ihr aus haben die heutfein beym?
1811 1691 3215 1819 Reden Sie willen u Ortenbaar mag, ihr Blumm
2087 1790 3286 1898 Trünen, der schöne Stellen bemerkt, wahr
1851 1873 3220 2014 eine immer der Gegentheil der Trühers
2093 1954 3265 2104 Journal ist, dessen lernt den Wich ist
2100 2059 3303 2193 Mann, den für den Gebubten den Frau
1836 2162 2647 2283 auf den Börte spielt.
2106 2238 3297 2369 Jungen Mann, durch Tuhollinschlecht
1886 2337 3213 2456 Gesellschaft, schlechte Kur, verkauf.
2095 2418 3288 2583 beil, das ihren Mönchgl. Herselbst,
1933 2512 2769 2664 ihr den Eheleut gerathen
