3384 2808
1982 152 3235 309 Baubescheinsinnung genante. - Er kommt
1277 199 1592 351 Ueben:-
440 190 1171 335 Deine Frau hat die Betragen
1707 288 1948 415 selbst
1988 280 3254 423 entsprungen, bei ihr gesund. Angst, wo
157 288 1129 430 Blaubt doch! - Auch mit mir.
1707 383 3167 502 ete für verreibt gehalten zu werden. - Wieder.)
504 388 1615 540 Schauspielen, den er zu belend bezeit
1969 464 3151 605 Gefin ullichem Sohn ein Gelübter,
157 485 1611 614 für seine Rantnerin nun Holz zu sein, anolich will. —
1713 553 3227 701 schaffen, ludt die Schachtjahrei von 15 à insin¬
165 582 1160 692 aus lebend genommen werde.-
1713 652 2721 785 die eine Ponte Gel. ist. - Falt.
476 650 1592 796 der Bild vor den die Tochter steht
1954 731 3250 875 Mutter heimkehren, entsetzt. Man sagt
438 739 1635 870 wie euch in Häusherum. Seinbahl. -
142 766 398 860 bleibt.
1709 830 3235 978 Du heiß. - Ja ich hier: - Verlangt baht von Mutter
472 841 1628 959 Mutter, die ihre Tochter vom erhalten
1713 934 2274 1044 den Geleilen. -
383 925 1628 1037 um sie theuerler zu schlagen... Du jetzt sich
184 957 354 1046 will
172 1018 1508 1122 dur Lebe hin. - Mutter: Ungerath und Kind!
472 1099 1626 1239 Falsche körter, in einem Leisel + im
142 1177 1616 1332 Hausmit in Auskokosten. In wirkliche nach¬
479 1289 1605 1429 seines Schwester will ihres kann
153 1385 1370 1488 belungen; wie er ihn zu retten sucht.
479 1465 1643 1603 Aduie fünft ihre Geschicht in einem dran
148 1573 1649 1685 wieder; den dichten hat ein Tod die Sache erzählt¬
193 1649 1340 1770 du tist amters, mein Geliebt.
476 1728 1565 1874 Ehemann will wegen der Scheid die
157 1806 1497 1958 Schuld auf sich nehmen. Gatten: so ist nicht! –
470 1914 1664 2026 nicht ein Öthigen rühmt sich, die
153 2011 1529 2136 Weil besett zu haben. Die Gel. nicht sich schla¬
184 2098 1531 2259 not, der Ueberein na die Unwahrheit! -
443 2183 1615 2325 Hiernt immer Gehaltene nicht vor dem
510 2274 1607 2433 schämtlich den Teigheit. Rückkehr.
119 2283 470 2429 Gesellschaft
464 2357 1603 2513 Angst, im 70 Lebensz. von Mahnsiu
123 2458 1626 2579 befallen zu werden. - Wartet. - Glaubt an Ritich,
479 2545 1632 2683 fühl sich glicklich, erschickt, und wie¬
152 2553 440 2666 geschickt
1937 1004 3239 1122 Cigarettentache von den Zettin in Absenig:
1707 1095 3170 1243 quartier gefunden; den Person nachspärend. -
1946 1190 3261 1311 Schein von ihn u ihr, sich nach der Gatten
1730 1281 3201 1414 ausgehören. Sind sich dann zu mich, wollen
1715 1378 2587 1505 sich vor nennig selber. -
1973 1453 3240 1603 Gattin willen lutte. Ehemann klage
1728 1567 3206 1666 der bei seine Gel; sie ist über die Treppe, wird nur
1738 1639 2719 1778 heimkehrer Gebben trot gefunden.
1937 1721 3271 1876 Reise mit ihm, gibt sich alle hin, nur
1753 1823 2979 1961 ihn nicht, er heiratet sie schließlich.
1961 1908 2750 2043 Frei eines Irrenagtes
2797 1880 3189 2067 die sich in
1717 1999 2748 2119 eines Ferricktes verliebt.
1978 2083 3252 2229 aufgeführenstol, der zweite Liebhaben war
1743 2181 3259 2297 dafür gefallen, der erste Hört er, nimmt die Ehre
1755 2278 1874 2424 f
1897 2280 3246 2410 auch in Antwurf; der Mädchen: kein, schände
1994 2363 2689 2500 Reiche Erbin die Lösischen
2725 2363 3174 2494 fingeb ik he
1743 2467 1855 2609 of
2096 2458 2456 2594 begehrt.
