3448 2808
438 177 1575 335 Verzehlichen, notirt sich alles, g. kr.
216 309 1133 405 morgen Anna Cor merite
469 374 1588 533 Volkrsäge, der sich seinen eigenen
175 473 578 623 Richten hält.
518 508 1666 695 Mann, der Aberne in Urzheil Schimm¬
204 646 1384 767 siegt und Tagektion besorgen macht.
502 738 1635 876 Jungen zuhag. Meckl, lachend, wie
193 829 1255 961 sich ein Reitenhaft der Haus tricht
490 911 1608 1053 Wirkers kann er nicht werde, weil
222 1012 1154 1135 er mir um thänzen mehr.
508 1094 1625 1249 angen so klxalen, sich in alle verliebt.
452 1179 1648 1341 das, 50 Jahre im Herrenhaus, weil
479 1255 1580 1419 sagt: Ich liebe Sie! (Beleicht v Königes)
175 1286 452 1397 ob Kreyer
446 1370 1594 1524 Sonderleug, hat lauten Dinge mit
160 1440 1104 1590 Sprüngen.  - Frau in Prosezeit.
473 1541 1670 1666 Ich war eine berühmt anstanden Schauspielern
469 1637 1444 1765 Tique – „ Ich verte Ihnen was sagen.
455 1724 1648 1863 der k. mit jeden Besprechs, wie
193 1822 1415 1956 sondern, daß sie anstandi blieb! –
440 1915 1648 2040 Dr. 2 bis zum 26. J. war ich anständig
200 1999 1680 2131 bis ich schaut, wurde ich hatte sogar Charakte!
434 2086 1678 2223 Beweise in einem Beit, daß in die Halle am
263 2180 909 2302 sehr guter Leben ist.
444 2265 1680 2411 Frey: Ich bin auch plötzlich berühmt gern.
452 2359 1619 2505 Geb, die er als Beweis zum glaten.
181 2446 1619 2585 lieb Exist, anführ – sei war einmal 1 Kund
193 2542 1608 2670 mit einem Leit allein, u es geschat müsse.
1888 158 3231 309 Verzeit, man kommt gratulire; die wichtige
1796 290 2853 407 Geliebt, dann die Sagen gelebt,
1898 364 3157 508 wenn sei künfst Beleucht lieb
1773 465 3334 590 kann - und ein ein Verhaltweinerlei Frau (5 rthl)
1909 537 3217 652 Mutter von Ad. d. sich xxx Leben¬
1796 636 3316 792 der Tochter u darüber beklagt, daß nur die Schol
1831 732 2435 852 gibt. (Theo.)
1970 810 3279 952 Susagte über Dich im Rfte, die bist an Ver¬
1818 903 3318 1026 Nacht? - Geschwiege - Soll ich mich lächet macht.
1931 995 3316 1131 Pechvogel Luftthralioni - war ich fäll¬
1775 1084 3307 1199 hin ein. - will nun Dieb herrathe - sei wir
1781 1172 3116 1300 rauf – Wirkurt – muß weitlinge
1954 1261 3157 1407 der, der den x erschossen hat!
1935 1353 3297 1504 Einer, der man für mir Eheligkeit und der
1791 1458 2536 1584 seiner Aght erzählt.
1903 1532 2805 1666 Dichter Lieutnant werde
1907 1561 3287 1781 Einer, an dem alle ihm Gerechtigkeit
1812 1734 2302 1872 auslassen.
1938 1804 3274 1958 qum, der nicht verschreckt – kann
1826 1915 2411 2059 Comparaient.
1882 1968 3332 2139 Lote 1. Ich will Conaill werde; geler
1829 2106 2156 2217 ihr nicht.
1987 2168 2910 2306 Huckend. Ehebrecher
1991 2223 3357 2398 Er ist keiner nöglichen Frau zum Mai, betrachte
2005 2357 2987 2485 zeigensvermuthte Klaviedchen,
2014 2425 2748 2594 der Lit. Liebhaber
2830 2404 3135 2565 Mr Sir,
2014 2555 2474 2674 großarten
1841 2540 1977 2659 ist
