3400 2808
342 165 1678 326 Ein Charsoroth besitzt er; setzt sich am Tag drannt
2029 196 3235 330 der viellent angefünkt Viterallei,
175 296 1321 407 vors dettet; sie kokettirt mit andere.
1732 284 3272 422 gegen der weil für das er höchstflug. Oderdurch¬
407 378 1649 507 Zwei Gebälte die eine beträgt ihn mit
2066 384 3254 524 Einer schmört zwei Gel. dass er mit
198 467 1617 609 einen Fürsten, die werde mit einem Achteln.
1736 472 3197 607 ihnen nach Auße führt. - Si lemen a.¬
2029 559 3191 676 Durchschnittner Teil Vorsteht auf
411 549 1668 703 Une bei ihre Heilen zu können, den etwektr
186 657 1409 776 glaubte abzuthan, sie kl nur tiefe.
1728 647 3274 787 den jungen Grafen; dem Schuldige die Geleibt der Kiltz.
407 732 1663 877 In seinem Plänen ließ sei. Sie gibt seit
2077 741 3279 891 diglücklich, weil er sie in seine
177 822 1644 966 dem Fürsten hin, um mit ihm fliehe zu können.
1730 839 3222 975 Novalle gezeichnet – nicht ander handen
175 927 881 1044 du soviel darauf.
1713 941 2536 1081 Ein andre beitressen
405 996 1665 1150 die Fudringlichen (Grundliche) Gesellschaft
2066 1010 3260 1135 Ernicht, seine Frauwerk kommt
1745 1104 3254 1231 von A. gehabt, fühlt sich von ihm gehöset - der
156 1094 1596 1231 dieses in alles menst, in Glück u Dazliech. -
440 1187 1624 1342 Sicht sie auf den Luße, kann nicht mehr
1776 1190 2605 1331 weise es ja nicht mehr
2089 1246 3260 1425 Vaterstol der Gefen auf seine Achte
169 1283 843 1415 zu den Komontantin.
463 1363 1655 1500 Heilung. Betracht die Gebultnis drin¬
1740 1379 3251 1521 bis er hört, es sei gar meist der Feier; lässt sie
292 1457 1630 1599 glügt ihn, u weil er sie nicht mehr liebt!
1749 1457 3276 1599 nur gewähren - die greifl. Eigenth als Lakane
444 1540 1555 1686 Letzte Eroberg Frühling achmitt¬
1755 1565 2552 1688 eigentheilen jedertet.
180 1645 1584 1776 einwahls, das der Geliebt sitze ließ.
2124 1620 3277 1789 Zwei Paare seit will seine Gel.
455 1722 1636 1847 dienste will ich endlich einen 4
2145 1736 3287 1882 werden auf den dritten eifersüchtig.
1770 1747 2104 1851 loveranten
142 1814 1509 1960 sein!  Die Reihe der Enttäuschung. -
2143 1826 3164 1937 Reinheit Er: Nur ein reine
461 1901 1655 2064 die Schaufpielen in den Freund; er ihr nach,
1776 1924 3224 2024 kann dir gefährlich meinte! Sie aber fühlt sich
196 1993 1692 2139 im Hinlager der Lage, ihr 5 jiel mit dem Lichth. etc.
1782 2003 3258 2129 einer oder alle. – Oder Reinheit leeren Wort¬
509 2087 1617 2225 Erfersucht Kapellmeister muth auf
2152 2099 3256 2246 Reinheit. Beid sehen sich - u
204 2177 1536 2304 die Buch an, wenn seine Frau sich kussen läßt.
1782 2191 3276 2306 beschmutzen nur, was sie einer berühren.
545 2266 1661 2412 die u Taschendil am Schulauge
2131 2271 3256 2410 Anatal reicht Mas einen Brief
221 2327 768 2509 in die Heimat
1766 2365 3203 2484 in Annie, hat aber ein Staatzvom mit dem
563 2446 849 2569 Zaubrer
900 2446 1693 2569 der scherzweite u auch
1766 2454 3176 2605 allen Bertha, die darauf jungenen mir
200 2536 1375 2696 mit geladen Stiftol auf sich schrift
1419 2542 1619 2659 Caÿst.
1811 2546 2269 2673 seit Année,
