3400 2808
357 181 1325 329 Pflicht, die helotische; tragisch¬
378 298 1623 441 die krank Gattin; der Gelick darf nicht
195 385 1415 519 sicien, endlich sagt er den kann.
173 480 484 601 liebt sie
393 560 1536 705 Vie Frau, welche beide Primizion
186 653 1491 759 bracht, - das alslelisch u das jechtige.
396 744 1634 890 de Blickler, der einen ersticht, der in
201 830 1534 944 Seiffesund er seinen Liebes stück erwählt.
426 923 1638 1057 Sippestin, ein trauert die Frau von
175 1052 380 1113 wäre
426 1011 1405 1139 Geliebten, den sie nicht gehabt.-
430 1104 1608 1243 die erste Liebes macht nach dem Tod des
195 1191 875 1312 Geliebten, eine dirne.
441 1256 1649 1415 Flatz Graf u Gräfin erheitt, er wegen
186 1372 1534 1496 seine Laibesse u sie wegen der Aus!kers.
408 1461 1588 1601 Felly erlebt den letzten Tag kaufchen
169 1550 1102 1671 lieb, bewor sie Cocoth aus.
428 1640 1621 1770 So gut ist sie jede Partie schlägt sie aus
208 1759 1597 1878 weil jede ihrer Bänner sie jeneßt, keinen
220 1820 1046 1960 aber dem Gal. gleichkommt.
411 1908 1563 2042 (in der zurückt wird, weil ihm
175 2006 1629 2150 täglich er einen wahrsung ebenen gewal¬
199 2098 1063 2230 des wird, immer suche ihn
411 2153 1590 2321 der kudel Bildhauen, der seiner Treue
216 2267 1679 2412 und dessen Geliebt nächst modellirt u. anhesin wer¬
413 2356 1556 2487 Küssel, der sich anfangs seines
184 2448 1640 2606 Unglüdes schämt, dann uner sein Geschicht
210 2546 1348 2675 erruhl u schließlich stol wird.
2505 179 3239 307 in der Frauen an =
1973 151 2461 311 auf den Land
1759 162 1941 331 Bub
1791 270 3177 421 liebt, erschießt ihren Geliebten, wie er auf the
1763 370 2168 501 tut kommt.
1919 450 3205 601 Sothreit um Gebuchta, von ihr, am
1757 538 3185 689 Stund näher erwählt ihn it habe, daß
1759 650 2662 776 alle besitzt, die er mult.
1904 718 3229 882 kleine Lügan. Telege mir schort, ob du
1755 810 3250 927 verzeihst. - Ein Tohr. Weilnachts im Telegrau¬
1761 931 2513 1039 kommt - nicht wecken.
1943 986 3261 1117 von den Raubut kommt Anna aussi zurück.
1731 1083 3196 1225 er hat sie zu hoch gehoben, sie kann (ich macht
1750 1195 2420 1318 nicht amitioni.
1964 1256 3203 1370 zu l. Apostale der schönesen Schönes
1755 1349 3239 1467 Märchen der hellen. Relizion schal; als Geld.
1964 1446 3220 1549 Wiastrautritt in die Gesellschaft; er
1764 1541 3229 1688 hat mit den Gel gebrochen; freut sich – nicht
1757 1621 2529 1755 mir allen Freund.
1997 1670 3235 1859 Mondnicht, ist (insich einen hingibt),
1785 1802 3274 1949 er dann für einen Traum hält, bis sie schwange
1776 1908 1960 2027 wird.
2332 1977 3293 2113 spricht mit einer neu angekennen¬
2012 1992 2301 2122 Schrüdter
2461 2070 3261 2215 der Arztkräthin, es ist sein
1725 2088 2401 2204 nen, die er nicht kommt.
1791 2181 2261 2310 früher Gebätte.
2384 2207 3192 2384 Gott macht die Auszug,
2018 2261 2306 2384 athätres
1774 2341 3116 2490 Innkt sie, gilt selbst für den Liebhaber
2492 2433 2952 2589 Atheiß 3.
2330 2446 2470 2572 at
1988 2462 2282 2591 wisten.
1779 2539 2057 2662 nullt.
