3496 2840
2042 140 3300 320 den schönen Vergleich von neulich? - Ich krank
391 176 1649 339 Als persiele es Glück Faust als empfinde
1806 256 2449 418 ihn heut Abends.
440 289 1690 428 delt vor Einigkeit, der jede Augenblick
170 302 333 405 B.O.
2029 343 3290 496 dich nun für mein Gemütl nach
388 395 754 508 lich kräft.
221 389 358 519 auf
1800 430 3164 591 haben kann, als ich sie zu het. Aschl. Ermüssen
494 444 1643 603 Notwend beil ein Kunstwerk zu sehrte,
2042 521 3332 657 Dein Pflicht-Touten den Königs (Goethe)
236 575 955 694 Zeichen der Unsicherheit
1773 603 3332 777 denckennuth: der vorigen - dem Ehe - das nächste
508 651 1686 792 das ist ja mehr Unglück: Endlich keit
2081 705 3348 841 den Tische, Feierlichkeit des langs Verstand
219 740 1701 872 die an die wir glaube dürften – u krei & nicht mehr
2065 779 3344 961 Beimtlung durchfreunt u. vorwand Elacant
521 825 1711 965 Unteruste tage macht ich an kein Seynungen
2075 885 3348 1048 tugend: Eier wir als Freundesamghrieb etc.
523 914 1416 1056 Amter Nachschule der tiete
2073 990 3332 1100 ungenommen die Bericht der Übertreibt als
1819 1017 2029 1122 leutf
523 1008 1403 1157 Dibgomen. (titel.)
2042 1058 3257 1217 Royersseite der Mise; Exempel.
488 1102 1660 1228 Tue ihn Const, der trühling nicht, er
2081 1155 3075 1300 Verführer zureilen Retter
500 1203 1486 1308 Herbst nennte nicht – (kosel)
205 1223 430 1327 große
2102 1209 3290 1410 Wasser, Sehl, rother treu an Flust
535 1275 1684 1438 Jetzt bin ich solid, habe 3 Geliebte u
2108 1348 2860 1482 Tromper aus den strater.
211 1393 663 1517 bin ihrer Weg¬
2114 1447 2699 1587 Vorstadtsholssachen.
506 1465 1686 1583 Ich lieb die schlechtere, weil ich so sie die
2102 1511 3272 1657 Wirsel, herablassende Bagere; der
225 1554 1734 1686 bessere holte in Tugendhafte immer Votr. - od jagen kann.
1833 1616 2666 1753 Hauswurk sollte er sein!
506 1643 1719 1790 der gekannt einsam Thürme erschüttert mag
198 1662 312 1761 33.
2147 1664 3290 1864 Hürfrauke käme mir von dem Hof
1819 1742 1968 1846 B. B.
202 1757 806 1860 auf als Cränulle etc.
2156 1800 3170 1939 uerkehreit nur ersogebe andere!
479 1821 1701 1957 Auf das drauß er ist schön u auch dikasse
1858 1827 2102 1936 weisen.
178 1850 308 1949 B.R.
2164 1874 3352 2003 Reck dit micht alle – zah – die Kunst nicht
188 1936 1653 2032 ist grossem Ensamkeit ist manchmal nicht die
1862 1992 2643 2127 wissen, wo darin denke!
198 2009 1720 2131 Sonnet an der aequa tasle, sondern der Vorwünnte, u. d. auche
2149 2050 3350 2207 Künfler - Egelegt. - Caira - Juspis et
467 2089 1713 2230 mit ist ein Tag herabgebrannte Lichter¬
1872 2180 2736 2302 Dilattanten in Timulantes
463 2201 1682 2333 Man recht es immer man glaubt es nur
2153 2238 3106 2393 Größ einerse der Kriegs: Bettler,
213 2300 347 2399 nés.
2145 2317 3373 2455 Nähe ihren Moltzburg, den Schmerzler
479 2364 1381 2499 Saterlandlich, gute Schwäche
2149 2424 3400 2544 Nur vier (Gertzeilnach) etc. (ollt ich gekorst
496 2463 1186 2592 Nicht verblaßte Schönheit
1283 2408 1719 2604 sakliche Gesich,
2137 2513 3245 2650 Wirke aber nicht. — Erst in den nächsten
1844 2558 2040 2654 werkte.
285 2538 1079 2703 von der die Schmiede abfiel
