3400 2792
303 154 1604 326 Cavalier verannt; Gläubige Nattin ihn
160 259 1471 423 zur Verbung aus; Geliebt reist nach.
309 345 1644 481 sein Abendan, an Märchl wird ihn der Spester
160 455 1646 598 halber von seinen Freunde zugeführt; er nimmt
176 552 446 656 ernst.
361 598 1666 770 Wittrer mich es - Für sein Werk - werden.
166 712 1517 834 heiratet eine todtkranken, verleibt sich in sie.
176 818 1633 965 Ue Sers. Keinkind. Du bist ja verheiratet, gib ich ein
156 903 1656 1015 mal deinen Frau hin  - Sie erstarrt, späcklich
183 1029 290 1089 ai
367 982 1662 1135 Wahrheit sie gut sich einem Knecht sie; umb
162 1089 1590 1214 sie den Dien geschehe. - und war ja nichts.
361 1175 1662 1305 Messiai meinte dein Frau u ich ersorgen.
195 1264 1199 1388 Gib sie und!- Kind Cretie.
398 1330 1656 1494 Gehörtet, weil er seien Treu verschührt. Un¬
176 1434 1585 1577 wahr. Die Kommt. Nimm auch u fliehen wir.
191 1536 977 1671 Er bleibt und erschossen.
434 1590 1648 1745 Componist, Erfolg der Czur, kommt in die Lage
147 1689 1467 1851 seiner Trau fünkt sie mit ihren Gebietten.
419 1787 1691 1951 Ehebrecherin vor der Ehe. Seelacht der Unor¬
160 1889 1592 2036 Berufest sie nicht. Rind zu früh. - Ewängt es.
425 1988 1639 2131 Stündchen, die sich einbildet, er stark an
160 2077 1519 2206 Chretwillé à part née àu tous dans! -
434 2158 1656 2314 Faustine sucht einen laut schriftlich.
154 2252 1575 2397 Wann; anstet auf ein u, da seine gebliebt
170 2339 809 2480 tödte er E. sich nicht
419 2399 1633 2561 Son seiner Tängeren möchterlos. – Theate neut¬
143 2523 1170 2650 er läuft sie retten u kommt um.
1758 131 3225 303 Vosfänge nur nach dafürte heiert habe
1758 247 3171 400 geselltabt; heit mall ein Bild; eine da
1745 351 2094 482 richtige.
1909 411 3225 560 Mariosell er auf sich auf den Zeh¬
1737 527 3266 662 Ende mit vor dhl Marie nieder - (in anachtelche
1936 604 3285 745 Augl wirft den Prechten hinwies, et ama
1737 687 3285 851 Steebende, die sich für gesund hält, Eileste Oeli gebenkt.
1928 786 3279 950 Halb Maßwegel, Kreygestattet 3 Krit¬
1940 897 3013 1021 ; außerherr weiss wie weiter! -
1737 899 1874 1027 habe
1920 921 3229 1081 Salche Sincige. Du braunstest in Aau
1749 1063 3194 1168 das kr. der Lebensfreut, ich das eine künftl.
1918 1152 3217 1297 laumtssiegel in den die Zelle ihren
1976 1241 2980 1393 sehe - Seiteten der Erfindes.
1745 1216 1915 1353 Furne
2993 1276 3246 1451 Kreuen
1980 1328 2957 1469 Graf u Gehe aus den Adelie
1754 1430 2548 1567 für Möchte gehalten,
1969 1476 3233 1648 M ce Julie suis a ma Vala fois si
1922 1613 2922 1729 frucht endlich ein richtigen
1708 1577 1899 1725 Kind
3105 1687 3239 1826 hm
1978 1696 3069 1839 Freie, ihrem Mai gestalt, ein
1718 1787 2785 1897 einmal, dem kam ich noch.
2974 1874 3171 2003 curs
1984 1861 2924 2013 Letzten Abenten in Haarb¬
2999 1986 3215 2088 cass.
1747 1963 2968 2113 fährt sie den Gel. nach Amerik
1743 2069 2077 2181 (cant.-)
1951 2133 3283 2281 Ein Kind hat ein anderes eingebracht,
1754 2239 2536 2380 erfahrtigerst später.
1961 2274 3231 2461 Gette - Lehrsicht nach der letzte Geleubte
1907 2420 2766 2534 Sienotacteur et loin
2804 2409 3240 2559 Jattin const
1751 2474 2802 2658 im Theater sich es nach Hause mit
