3432 2840
468 175 1659 332 Schwerigkeit der Künstlerzschwlegie.
216 282 1719 422 viel Kieseln Egrit - u Brugern nicht d. R. verkehl.
472 377 1693 517 Unannehmlichkeit unabgeschlossen
207 468 1704 612 Berichten - offner Kosten – unverlassene Geliebte -
472 562 1676 698 Wi Anwärtig. der traurig. das
216 653 1174 782 sich nicht in Schrezeit zu blöst.
509 726 1668 873 Könnte ist jetzt storbe - die Trauen in
228 830 1668 982 den sichersten Hände; koketteste Leile d. Ernudg.
498 918 1668 1051 Trotzeborenen Jahrhundert - ich weise
215 1002 661 1123 tensendigt.
495 1103 1663 1239 Familiker auf ein die beinschheit
216 1191 832 1308 auf sich selbst glauben,
502 1252 1695 1413 Aphorsames". Die verwöhnen in den Gesch.
194 1355 952 1482 schaft betr.
528 1459 1635 1571 Ich bekam damals der Kind – ein
211 1540 1230 1680 an Erman, vergangene Liebe
521 1646 1668 1765 Clom, der sich ungeschickt sollt,
228 1734 918 1855 er aber wirklich ist
543 1823 1644 1960 hanertus in b/4 takt
476 1922 1599 2045 mitleihem Schritt trat er in dem
222 1999 1034 2111 kreismeiner Rekers
511 2098 1611 2238 und schmerzung erwandelt die
246 2178 1448 2322 Einigkeit euch die entschlafene Welt.
551 2266 1545 2417 Seine Seele einverkläftetes
243 2359 552 2482 Erfeld.
565 2454 1618 2598 zahlen eine Marckenwortes,
196 2538 1127 2686 Stadtkrank, wird gehen
1213 2551 1497 2699 (könt)
2006 151 3286 312 Weiber un ein Wollicht näher. Der
1814 276 2691 405 freiwill Insieglernde
2016 328 3251 498 wegbar dahinauf u ich Lehnahr
1853 461 2844 580 Vorreiche der Impfertung.
2077 500 3221 659 Not Thanke at Schmacher,
2075 607 3311 761 der Tod nicht seinen Thallen man,
1807 707 2932 844 als wir er ein großem Ereignes
2057 804 2814 959 Soeculmälungsolck
2077 883 3283 1025 Apercice an, als il constatist dp
2100 970 3311 1114 sehen & umb der war, ohne dass einander
1786 1023 2068 1120 davon
1799 1094 2120 1200 leverskte.
2075 1150 3294 1305 Gericht lädte so gut daß sie Noth
1812 1249 2945 1396 wendig schlecht werden müssen.
2079 1269 3296 1467 tenle, die ein Sache in Geist
1818 1422 3169 1560 längst zu Ende gelebt u recht noch drei stehe.
2062 1493 3307 1680 Rechnung, auf die Schienen, notan¬
1838 1635 2600 1751 und werde schönend
2085 1693 3311 1853 Gehalte Foschte, Kind die ja alt kommen
2114 1795 3255 1928 Alle sind wie gefappt Adressaten,
1848 1872 3270 2012 vieltach eingewinkelte Brief, nichts drei.
2107 1958 3322 2122 Schärfster Satzer, der an meisten Fach¬
1823 2077 2144 2195 constativ.
2146 2142 3061 2284 Jugendhände der Menschheit
2157 2240 3227 2379 Junge Schriftstelle - Mädchen
1827 2325 3139 2452 die das erste kal ein Wieder anzieß
2133 2409 3171 2577 Wahrheiler nach dem Mode, so
1907 2508 3201 2650 cuitum à la Bn n°1, als Thatpenhane
