3832 4232
1183 728 3556 945 Am Flügel, Gedicht, Wien, An der schönen blauen Donau
3006 893 3253 1024 1889.
1186 936 3421 1180 An die Alten, Gedicht, Wien An der schönen blauen
2415 1116 2969 1247 Donau, 1889.
1189 1171 3641 1385 Huine Wildenstein, Gedicht, Wien, An der Schönen blauen
2342 1348 2868 1455 Donau, 1890.
1189 1452 3409 1657 (Die Frage a. d. Schicksal, Lustspiel in einem Akt,
1871 1572 3345 1727 Brünn, Moderne Dichtung, 1890?).
1162 1688 3486 1911 Der Andere, Gedicht, Wien, An der schönen blauen Do¬
2785 1813 3229 1917 nau 1890.
1125 1865 3394 2055 (Anatols Hochzeitsmorgen, Lustspiel- in einem Akt.
1850 2033 3320 2149 Beünn, Moderne Dichtung, 1890).
1168 2137 3544 2351 Intermezzo, Gedicht, Wien, An der schönen blauen Donau
3006 2278 3253 2403 1890.
1113 2275 1217 2400 1.
1134 2327 1776 2550 Alkandis Lied
1841 2330 3446 2529 Dramatisches Gedicht in einem Akt
1847 2495 3599 2645 Wien,An der schönen blauen Donau, 1890
1131 2648 3409 2798 An gar Manche, Gedicht, Wien, An der schönen blauen
1831 2724 2354 2834 Donau,1890.
1101 2791 1749 3021 Morgenandacht
1776 2779 3385 3027 Gedicht, München, Gesellschaft 1891.
1113 3012 1740 3192 Tagebuchblatt
1770 3045 3421 3155 Geicht, Wien, Moderne Rundschau, 1881.
1079 3165 3375 3336 (Denksteine, Schauspiel in einem Akt, Wien, Moderne
2272 3259 3033 3403 Rundschau, 1891.
1101 3375 3311 3534 Reichtum, Erzählung, Wien, Moderne Rundschau, 1891.
1070 3492 3333 3675 (Weihnachtseinkäufe, Lustspiel in einem Akt, Frank-
1984 3657 3275 3791 furter Zeitung, 24.12.1891.)
