3832 4232
1965 612 2084 760 -3-
1048 851 3352 1001 Die Gefährtin. Schauspiel in einem Akt (1896/98).
1048 938 1745 1048 Kein Erstdruck.
1045 1001 3374 1146 Als Novelle "Der Witwer",gedruckt in der Allgemei-
1045 1095 2188 1230 nen Zeitung, Wien, 1898?
1051 1208 3434 1343 Der grüne Kakadu. Groteske in einem Akt (1897/98).
1048 1318 2834 1463 Erstdruck: Berlin, Neue Runischau, 1899.
1039 1516 3189 1648 Reigen. Zehn Dialoge. (23.11.1896-27.2.1897).
1033 1635 2395 1726 Als Manuscript gedruckt 1900,
1039 1667 3346 1808 Erstausgabe: Wiener Verlag 1903. Uebergegangen zu
1048 1799 3299 1924 Singer, dann B.Harz, Berlin, denn 1931 zu S.Fischer
1045 1871 1372 1968 Berlin.
1045 1940 3569 2065 Uraufführung: Berlin, Kleines Schauspielhaus, 23.12.1910
1055 2028 3390 2128 Vorher Aufführung einzelner Szenen im Akademischen
1092 2097 3355 2194 Verein,München, und bei den Elf Scharfrichtern in
1033 2181 1428 2316 München.
1042 2363 2571 2505 Lebendige Stunden. Vier Einakter.
1033 2473 2803 2580 Erschienen bei S.Fischer,Berlin. 1902.
1026 2542 3283 2662 Urauffahrung: Berlin,Deutsches Theater, 4.1.1902.
1033 2677 1849 2809 Das Buch enthält:
1033 2765 3054 2891 Lebendige Stunden. Schauspiel in einem Akt.
1036 2872 2696 2985 Erstdruck: Berlin, Neue Rundschau?
1033 2988 3296 3139 Die Frau mit dem Dolch. Schauspiel in einem Akt.
1030 3104 1560 3233 Erstdruck?
1026 3233 3067 3358 Die letzten Masken. Schauspiel in einem Akt.
1023 3336 1475 3462 Erstdruck
1033 3446 2668 3632 Literatur. Lustspiel in einem Akt,
1048 3566 1742 3701 kein Erstdruck.
