3832 4232
2011 675 2166 815 -5-
1015 834 3206 1018 (Die griechische Tänzerin.) Hovelle. Wien, Zeit,
1021 999 2518 1133 (jetzt Tagesblatt), Herbst 1902.
1008 1105 3153 1254 (Der Ruppenspieler. Studie in einem Akt. Wien,
999 1226 2630 1326 Neue Freie Presse, Pfingsten 1903).
1002 1320 3169 1482 Die grüne Kravatte. Skizze. Wien, Neues Wiener
1015 1466 1625 1603 Journal, 1903
2070 1547 3119 1727 Burleske in einem Akt.
1015 1553 2011 1706 (Der tapfere Cassian,
1002 1690 3013 1790 Berlin, Neue deutsche Kundschau, Feber 1904).
1024 1783 3464 1942 (Das Schicksal des Freiherrn von Leisenbogh. Novelle
1005 1920 2792 2029 Berlin,Neude deutsche Rundschau, 1904).
993 2008 3249 2201 Der Fall Jacobsohn. Essay. Berlin,Zukunft, 1904.
1012 2210 3290 2353 (Das neue Lied. Hovelle. Wien, Neue Freie Presse,
996 2313 1618 2440 Ostern, 1905).
1002 2406 3505 2571 (Zum grossen Wurstl. Burleske.in einem Akt. Wien, Zeit
993 2537 1628 2667 Ostern 1905).
999 2633 3377 2817 (Die Weissagung. Erzählung. Wien, Neue Freie Presse,
990 2773 1858 2885 Weihnachten 1905).
987 2857 3287 3088 Aphorismen. Wien,Osterreichische Rundschau, 1906.
993 3056 3386 3181 (Die traphoristischen Veröffentlichungen sind im All-
990 3165 2269 3299 gemeinen nicht aufgezählt).
984 3237 3455 3480 Geschichte eines Genies. Erzählung. Berlin, Arena, 1900
1005 3461 3371 3617 (Der tote Gabriel, Erzählung, Wien, Neue Freie Pres-
1024 3573 1930 3716 se,Pfingsten 1907).
