3848 4216
1275 769 3569 964 Der Sohn, Erzählung, Berlin, Freie Bühne, Jänner 189
1275 880 3578 1066 Anfang vom Ende, Gedicht, Berlin, Deutsche Dichtung,
2063 1018 2736 1174 15. Juni 1892.
1275 1144 3590 1308 Abendspaziergang, Feuilleton, Wien, Deutsche Zeitung
2105 1257 2784 1437 November 1893.
1302 1377 3473 1530 (Blumen,Novellette, Wien,Neue Revue, Juli 1894).
1233 1509 3242 1703 (Sterben, Novelle, Berlin, Freie Bühne, 1894).
1263 1688 3374 1889 Ohnmacht, Gedicht, München, Gesellschaft, 1894.
1248 1847 3482 2060 Der gute Irrtum, Gedicht, München, Gesellschaft
3116 1982 3371 2108 1894
1236 2078 3350 2272 Die kleine Komödie, Novelle in Briefen, Berlin,
2126 2191 2982 2371 Freie Bihne, 1897.
1230 2341 3560 2524 Die überspannte Person, Dialog, München, Simplicissi
2431 2431 2817 2566 mus1896.
1198 2515 3604 2721 Der Witwer.Novellette, Wien Allgemeine Zeitung 1895.
1227 2617 3000 2790 (Später als Einakter "Die Gefährtin").
1203 2769 3368 2934 (Abschied, Novellette, Berlin, Freie Bühne 1896).
1189 2937 3170 3099 Bemerkungen,Wien Allgemeine Zeitung 1896.
1171 3051 1832 3203 Kaksakawaxka
1203 3167 3431 3350 (Die Frau des Weisen, Novellette, Wien, Zeit, 1897)
1165 3320 3194 3464 Halb Zwei, Dialog, München, Gesellschaft, 1897.
1141 3461 3440 3685 (Die Toten schweigen, Hovellette, Berlin Kosnopolis
2934 3598 3242 3778 1897).
