3832 4344
2018 535 2146 633 -6-
1180 648 3189 786 Erstdruck: Deutsche Rundschau Oktober 1919.
1180 764 3064 881 Uraufführung. Wien Burgtheater, 26.3. 1920
1171 908 3431 1006 Komödie der Verführung in drei Axten. (1920-23).
1174 988 2911 1098 Erschienen bei s. Fischer, Berlin 1920.
1186 1021 3345 1168 Erstdruck des 1. Aktes: Wien, Neue Freie Presse.?
1183 1140 3241 1263 Uraufführung: Wien Burgtheater, Oktober 1924.
1168 1266 3330 1382 Spiel der Sommerlüfte. In drei Aaten.
1195 1367 3470 1458 (1928/29). Erschienen bei S. Fischer, Berlin, 1930.
1180 1440 3541 1575 Uraufführung: Wien Deutsches Volkstheater, 21. Dezem
1177 1517 1853 1672 ber 1921 1929
1165 1666 3623 1767 Der Gang zum Weiher. Dramatische Dichtung in 5 Aufzü
1171 1743 1810 1880 gen. (1918-25
1202 1825 3311 1938 raufrührung. Wien Burgtheater 16.Februar 1931.
