2365 3992
678 265 1505 393 1 1/2 " „ „ 9, 5, 4, 8, 0,
320 289 556 405 1 „ „ —:
1735 742 1869 835 146
848 767 990 839 -84-
1185 837 1629 918 23.8.99.Ischl.
269 877 579 976 Telegramm
281 945 1900 1067 Sprach Singer. Einsendung Ihrer Hovelle möglichst be-
275 1003 1902 1104 schleunigen, wenn Terminwünsche erfüllt werden sollen.
273 1096 844 1181 Herzlichst Arthur.
287 1187 757 1296 (nach Soeboden)
881 1232 1013 1286 ====  =====
1795 1274 1915 1365 147
1172 1282 1571 1396 Ischl, 9.9.99
287 1400 1867 1518 Mein lieber Richard, Dienstag verlasse ich Ischl und
323 1468 1811 1561 fahre vorerst nach München. Ich möchte dort gern
294 1503 1817 1625 Mittwoch oder Donnerstag eine Nachricht von Ihnen
306 1561 1958 1683 post.rest. finden. Mir ist's mit meinem Stück moment¬
302 1602 1960 1728 weise gut, öfters mässig gegangen, und ich habe es heute
298 1673 1958 1772 mit einem vorläufigen durchaus undefinitiven Abschluss
335 1724 1865 1824 bei Seite gelegt; — auf 1 - 2 — 3 Tage. Ich hoffe,
306 1766 1902 1890 is fühlen sich mit mehr Kraft Ihrem Stoff gegenüber
314 1881 1929 1981 - Hugo ist schon wieder fort; ich bin sehr froh gewe¬
304 1873 560 1937 als ich.
314 1941 1867 2041 sen, dass er da war, Sie werden ihn wohl bald sehen.-
310 2003 1863 2103 Ich bin recht sehr gequält, durch allerlei; - durch
347 2039 1906 2142 das Ohr wohl am meisten u. tiefsten augenblicklich.
316 2103 1873 2189 Grüssen Sie Frau und Kinder. Von Herzen Ihr Arthur.
325 2202 1038 2322 (nach Vahrn bei Brixen)
1850 2299 1970 2392 148
1166 2345 1580 2427 München, 13.9
316 2421 1946 2553 Lieber Richard, ich fahre von hier (nicht ganz direct)
329 2502 1919 2601 wahrscheinlich Frankfurt zu Goldmann; nehme an, even-
329 2543 1933 2644 tuell Mittwoch dort zu sein. Ist Hugo bei Ihnen? Von
327 2593 1840 2700 Fr. fahr ich noch - pardon - will ich nach Berlin
329 2671 1830 2756 fahren. Bitte Nachricht Frankfurt a.M. post.rest.
329 2735 796 2822 Herzlich Ihr A.
329 2832 709 2921 (nach Vahrn)
910 2894 1085 2965 ====
