2450 4008
233 280 473 403 1.° ̃.
1332 301 1568 405 .. ...,.
518 276 904 416 V. P. 1/2. [4]7
1199 312 1302 420 1.°
1930 303 2060 426 14.
969 825 1145 906 -1 O-
439 946 2109 1071 man hat die Empfindung, dass man es jeden Augenblick
431 1008 1992 1122 könnte, was fast noch mehr werth ist.- Hübsch wärs,
439 1063 2013 1186 wenn wir das nächste Frühjahr die ganze Quisisana
433 1095 2138 1230 miethen könnten!- Ah, diese Luft - einfach entzückend!
443 1169 2022 1266 - Es ist doch recht traurig zu den "Müssenden" zu
475 1273 2049 1379 Grüssen Sie Loris und Salten aufs allerherzlich-
445 1266 704 1347 gehören!
441 1326 2022 1438 ste, desgleichen Schwarzkopf, der mir doch zwei Zei
441 1383 1964 1502 len über das Befinden seines Bruders schreiben
443 1436 2019 1540 möchte; und grüssen "ie nebstbei jedermann, der die
454 1498 1954 1597 Freundlichkeit hat nach mir zu fragen.- Schade,
456 1525 2030 1650 dass Sie nicht auch da sind! Hof entlich find ich
456 1587 2030 1695 Sie aber in gesegneterer Stimmung als ich Sie ver-
465 1678 687 1746 lassen!
488 1699 1207 1803 Stets der Ihre Arthur.
465 1799 1220 1913 (Nach Wien Wollzeile 15)
1061 1913 1237 1975 ====-
1423 1979 1918 2081 Abbazia, 8.3.93.
471 2062 2053 2187 Lieber Richard, ich habe eine Bitte an Sie. Wollen
496 2145 1952 2234 Sie die Liebenswürdigkeit haben, mir für Sonntag
479 2185 2096 2297 Abend einen Sitz ins Volkstheater zu besorgen? Gern
477 2234 1990 2359 ginge ich mit Ihnen, Sie werden aber wohl Samstag
482 2295 1920 2401 gehn?- Vielleicht sitzt Loris oder Salten oder
484 2335 2094 2454 Schwarzkopf an meiner Seite? - Dass ich den Sitz am
479 2380 2106 2499 liebsten Mittelgang Ecke, 1., 2.3. oder 4.Reihe hätte,
492 2437 2036 2556 brauch ich Ihnen nicht zu versichern.- Finde ich
490 2486 2174 2605 ihn nnicht bei mir, so schmeichle ich mir mit der Hoff-
486 2552 2007 2666 nung, dass Sie ihn mir am Sonntag Nachmittag um
583 2603 2002 2707 Uhr persönlich überbringen wollen; jedenfalls
496 2658 2155 2768 würde ich mich sehr freuen Sie und die oben Genann¬
498 2719 2000 2815 ten, wen n Ihr nichts besseres vor habt, auf eine
520 2768 2130 2864 tunde bei mir zu sehen. Sonntag Früh komm ich näm-
494 2853 2125 2995 Herzliche Grüsse und entschuldigen Sie die Mühe gü-
492 2866 757 2932 lich an.
501 2908 2125 3057 tigst! -Grüssen Sie mir auch die andern! Ich befinde
