2399 3993
632 264 816 379 V.
884 284 1162 398 1.° ̃
1160 812 1283 898 -31-
2079 847 2196 941 47
1397 857 1920 958 (undatiert ) 1895
496 954 952 1038 Lieber Richard
499 1028 2002 1102 1. ) Ich habe noch nichts zu Faust, da ich den be¬
496 1088 2103 1152 stechlichen noch nicht fand; ich zweifle aber nicht,
505 1133 1275 1197 dass ich morgen Vormittag
1302 1141 2087 1211 welche bekommen werde,re-
496 1187 1277 1248 flektiren Sie denn drauf?
1296 1189 1423 1263 Und
499 1226 2054 1308 2. ) wenn ich keine bekomme, wollen Sie mit mir mor-
496 1298 1969 1360 gen in ein andres Theater ("Karlsschülern" oder
496 1341 1065 1407 "Touristen") gehn?
499 1390 2068 1467 3. Herzl ist da, möchte mit uns, d.h.Ihnen, Hugo, mir,
499 1461 2087 1531 eventuell Bahr soupiren. Ich sagte ihm, Freitag nach
496 1510 2015 1582 dem Hubermann-Concert - Sie sind doch einverstan-
499 1564 1994 1627 den? Zu Bahr sagen Sie vorläufig nichts, weil ich
492 1617 2017 1700 noch ein definitives Wort von Herzl erwarte. Hugo
496 1662 1403 1718 theilen Sie's vielleicht mit?
490 1710 1986 1790 4. ) bitte kaufen Sie vis-à-vis bei Gold=schmidt
492 1757 2017 1852 die Münchner Allgemeine von Samstag den 23. d. mit
484 1809 1042 1885 Beilagen für mich.
490 1862 1345 1934 5.) hier ist Carlos Schnabl,
476 1920 2083 1990 6. ) vielleicht - so jetzt haben Sie mir telephonirt
484 1976 2072 2062 also es bleibt dabei, wir treffen uns im Griensteidl
478 2017 723 2081 gegen 8.
472 2052 1098 2151 Herzlich Ihr Arthur.
476 2161 1310 2278 (nach Wien I.Wollzeile 15.)
1090 2293 1211 2342 -- — —
1428 2385 1730 2478 (undatirt)
2035 2392 2130 2476 48
459 2478 2021 2569 Mein lieber Richard, beiliegendes erhalte ich heute
464 2538 2050 2604 von Paul Goldmann gesandt. Wenn Sie und Hugo es ge-
453 2587 2107 2680 lesen, geben Sie mir’s zurück. Ich habe die betreffende
453 2639 2062 2725 Nummer bestellt, auch eine für Sie und eine ###r Hugo.
507 2690 2124 2779 Vielleicht seh ich Sie heut Abend doch noch im Café,
455 2750 2006 2839 ich denke, dass ich nach zwölf dort bin. Lassen Sie
447 2806 1986 2896 mich für alle Fälle wissen, wo Sie und Hugo morgen
447 2855 1943 2942 aufzugreifen sind. Herzlich grüssend Ihr Arthur.
453 2894 1094 2995 (nach I.Wollzeile 15)
1075 2966 1232 3024 ====  =====
