2392 3990
1720 268 1896 393 G.C.F.P.
2010 242 2351 371 G. G. A. M. Mg.
1351 270 1603 395 V.1.
1109 714 1240 819 -61-
500 853 2019 964 , mir für 60 centimes gelassen - unaufgeschnitten!
536 942 1141 1028 (das Buch mein ich.)
571 946 2021 1061 Mit Ihr bin ich sehr zufrieden; sanft, lieb, ein
532 1024 2015 1113 bischen rührend. Ich hab sie wahrscheinlich viel
532 1089 1990 1172 lieber, als wenn ich sie lieb hätte.- Wir... na,
538 1133 1990 1218 wir reden ja in Wien darüber.- Der Graf,dem Sie
538 1190 2121 1264 die Empfehlung an Paul mitgegeben ist, losgelöst von
542 1236 2095 1325 den Leuten, unter denen er noch einer der anständig-
542 1287 2004 1373 sten ist, ein ganz widerliches Subjekt; verlogen
538 1343 2105 1426 und verlottert. Moralschule Altenberg, Beobachtungs-
546 1416 915 1498 schule Bahr.
553 1438 2055 1520 - Sie sitzt, während ich Ihnen schreibe, im Neben-
538 1488 2077 1585 zimmer und liest eben die Szene zwischen dem Dich-
548 1561 2069 1641 ter (Biebitz) und der Schauspielerin, die ich übri-
548 1609 2089 1690 gens geändert habe, so dass man sagen kann: Biebitz
544 1662 2097 1736 bleibt Bisbitz! - Aber sonst haben Sie hoffentlich
548 1716 2035 1789 mehr gearbeitet als ich. Nach diesen zwei Dingen
549 1752 2067 1849 sehn ich mich unbeschreiblich: nach dem Schreiben
549 1819 1938 1894 und nach dem Bicycle! - Können Sie's endlich?
553 1883 1166 1960 (Bicycle natürlich.)
553 1920 1779 1996 Seien Sie herzlich gegrüsst. Ihr Arthur.
553 2025 744 2121 (w.o.)
1133 2093 1283 2152 ==== =====
2089 2158 2180 2240 8
1399 2172 1865 2248 London, 29.5.97.
549 2226 2117 2315 Mein lieber Richard, Ihren Brief hab ich noch in Pa-
544 2285 2091 2351 ris bekommen.-Wie schätz ich Euch um dieses Elends
553 2329 2131 2404 willen!" Aber es scheint wirklich, ich treffe Sie in
555 2394 2004 2458 Wien nicht mehr an?- Möchte Mittwoch Abend oder
553 2448 2055 2515 Donnerstag Früh anlangen. Ich wünschte eine Zeile
555 2502 2008 2557 von Ihnen vorzufinden. Ja?- Nach Hause sehn ich
544 2547 2021 2626 mich wenig; sehr nach ein bissel Ruh und Arbeit.
549 2625 1406 2680 Herzlichen Gruss. Ihr Arthur,
553 2640 2144 2734 *)Ist ja gar nicht wahr; in London hab ich ihn gefun-
551 2720 690 2811 den.
1141 2813 1270 2884 ====
544 2801 772 2908 ( w.o.)
