2427 4007
1338 293 1563 380 .......
1107 305 1298 372 Votre â ...
2143 299 2322 428 ...
705 309 1047 436 5,1   ƒ
1103 769 1211 860 -2-
484 826 653 914 B.-H.
1360 864 2047 952 (Wien) 11. August 1891.
528 972 1965 1047 Dass Sie mir noch nicht eine Zeile geschrieben
528 1026 2043 1095 haben - na reden wir nicht drüber! Also,mein lie-
532 1093 2027 1145 ber, ich bin wahrscheinlich die zwei Feiertage in
528 1135 2043 1209 Ischl. Es wäre wunderschön, wenn wir uns da begeg-
520 1191 1985 1253 neten. Ich habe auch an Loris nach Strobl ge¬
522 1233 2081 1304 schrieben. Teilen Sie mir nur mit, ob Sie überhaupt
522 1296 2059 1372 zu erreichen sind, ob Sie nach Ischl kommen wollen
526 1352 812 1434 etc. etc. —
516 1384 2049 1456 Es geht ihnen doch so gut, wie ichs Ihnen wünsche?
516 1444 1388 1533 Herzlichen Gruss Ihr Arthur.
532 1537 1266 1639 (nach Aussee, Steiermark)
1105 1633 1284 1713 ====
522 1854 2069 1918 Lieber Richard, kommen Sie, wenn es geht, Sonntag 16.
528 1906 2057 1977 August Vormittag nach Ischl. Meine Adresse dort
526 1961 2053 2027 Pension Leopold. Telegraphieren Sie mir eventuell
528 2013 2097 2085 dahin die Stunde Ihrer Ankunft. Ich denke
528 2071 2067 2135 wir fahren dann zu Loris nach Strobl hinüber oder,
528 2117 1973 2184 besser ich werde ihn bitten, auch nach Ischl zu
522 2179 2091 2238 kommen. Ich freue mich sehr mit Ihnen beisammen zu
520 2220 1705 2318 sein. Mit herzlichem Gruss Ihr Arthur.
583 2288 976 2382 (Nach Aussee)
1109 2314 1251 2390 ----
1388 2372 1959 2457 Halle a.S.22.9.91.
1410 2431 2214 2525 (Naturforscherversammlung)
568 2535 2095 2605 Lieber Richard, das muss man erleben, dieses Halle!
575 2587 2173 2664 Tramways,die an die Ehrlichkeit der Menschheit glau-
577 2648 2131 2712 ben - im Waggon sind Kästchen, wo man sein Fahrgeld
564 2696 2153 2778 hineinwirft.-Und diese Menschen selbst - Immerfort
575 2752 2186 2830 schreien sie und sind stolz auf das geeinte deutsche
570 2796 1995 2889 Reich.Lauter Nationalparvenüs. - Ich komme bald,
1055 2860 1404 2949 Ihr Arthur
2119 2830 2222 2929 Ba
2139 2929 2232 3039 4
1091 2949 1237 3031 ====
