2427 4007
1417 257 1534 333 le 1e
549 237 1009 406 1: 4: 9: 4 1: 1: 9
2120 270 2369 374 Votre très de l'im̃.
1383 315 1491 386 16
1217 792 1334 880 -5-
537 862 719 962 B.-H.
1499 923 1728 1011 3.5.92
554 1013 2089 1148 Wenn ich Ihnen wiederhole, lieber Richard, dass ich
554 1095 2026 1193 Ihre entzückende Pantomime ungeheuer gern sehen
547 1134 2083 1240 möchte, so will ich damit nicht sagen, dass ich sie
547 1181 2179 1293 nicht mit grossem Vergnügen noch ein halbes Dutzend
545 1250 1767 1368 Mal lesen werde. Herzlichst Ihr Arthur.
568 1375 1495 1464 (Nach Wien III. Seidlgasse 30).
1191 1454 1354 1538 ==== =====
1544 1528 1967 1632 Wien, 11.8.92.
558 1648 2130 1755 Mein lieber Richard! Mir aber auch keine Zeile zu
568 1722 2055 1797 schreiben!! Ich will Sie heute auch nur fragen,
666 1759 2063 1863 wie lang Sie in Ischl zu bleiben gedenken und
699 1804 2030 1900 ob Sie sich entschliessen könnten, von Ischl
572 1869 2061 1957 aus in den ersten Septembertagen weiterzureisen.
570 1838 682 1916 2)
570 1900 2038 2002 Ich brauch -hnen wohl nicht zu versichern, dass
572 1940 2071 2055 ich Sie nicht verbannen, sondern nur eventuell an
576 1996 2081 2100 Ihnen einen liebenswürdigen Reisebegleiter haben
576 2094 2218 2206 Mehr schreibe ich Ihnen heute nicht: Ihre Verpflich-
574 2098 778 2161 will. —
580 2143 2110 2255 tung während des Sommers war es zu dichten und zu
582 2198 2128 2308 trachten, und ich bin begierig was von ihnen zu er-
582 2232 2136 2373 fahren. Und ich -! Ach Gott! - Und doch hab ich was
586 2300 1705 2416 geschrieben!- Herzlichst Ihr Arthur.
600 2388 1464 2533 (Nach Ischl, Grazerstrasse 6)
1209 2520 1377 2594 ====  =====
