2432 4039
1524 312 1606 432 1 e
1827 752 1976 848 238
919 770 1101 872 -120-
1108 848 1566 961 Wien.17.12.06.
251 943 1918 1095 Lieber Richard, morgen Dienstag Rose Quartett wäre bei
256 992 1827 1139 folgende Karte frei (neben mir) und ich würde mich
260 1057 1862 1195 freuen, wenn Sie mitkämen. Höchst wahrscheinlich, da
260 1108 1862 1250 meine Frau etwas verschnupft, folgt morgen Vormittag
263 1179 1862 1277 eine zweite Karte, zu Ihrer,resp. Paula's Verfügung.
260 1266 810 1380 Herzlichst Ihr A.
1862 1406 1985 1511 239
1108 1428 1377 1531 20.2.97.
271 1509 1951 1655 Lieber Richard, erlauben Sie mir Ihnen Herrn Dr.Feucht
285 1575 1853 1695 wang vorzustellen, resp. ihn Ihnen in Erinnerung zu
291 1658 1408 1751 bringen. Herzlich grüsst Ihr Arthur.
1882 1778 2031 1862 240
300 1878 1931 2011 Lieber Richard, Ende Feber soll ein Vortragsabend für
1259 1940 1822 2018 es ist der einzige
303 1976 1237 2049 lüdischen Waisen stattfinden;
1293 1974 1960 2076 habe; ausser mir sol-
300 2009 1273 2112 Fall, in dem ich heuer zugesagt
305 2031 1960 2172 len Wassermann und Salten lesen - vielleicht bestimmt
309 2134 1224 2214 Sie der gute Zweck mitzuthun.
305 2189 852 2274 Herzlichst Ihr A.
309 2278 997 2392 (nach Hasanunerstr.) -
1115 2345 1885 2448 St. Johann, Wocheiner-See.
1148 2423 1417 2519 28.6.07.
316 2514 1460 2634 Herzliche Grüsse Ihr Arthur. Olga S.
1947 2505 2076 2597 241.
1224 2654 2005 2788 Schloss Walsberg, 12.7.07
334 2806 2123 2930 Sind seit 8 Tagen hier, fühlen uns sehr behaglich, blei 242
334 2866 1905 2988 ben voraus sichtlich den ganzen Sommer. Gestern ist
332 2910 2009 3042 Heini nachgekommen. Lassen Sie sehr bald von sich hö-
334 2975 1911 3119 ren. Herzlichst Ihr A. Viele Grüsse von uns an Sie
336 3095 507 3186 Alle.
