2405 3994
999 260 1318 366 '   ̃   =
495 268 606 370 1
239 241 481 370 1: „ „
1334 268 1453 354 1
923 773 1056 839 -46 -
336 861 1917 935 vor 8 Jahren bewohnt hatte. Jedes Poetchen hat sein
338 925 1921 988 Pietätchen. Schneit es in Wien noch so vehement, und
338 976 1915 1042 wie geht es Paula? (Ja wenn Sie wüssten was ich ur¬
342 1029 1874 1099 sprünglich in diese Klammer schreiben wollte!)
336 1080 1977 1138 Jarno lässt Sie grüssen; Sie waren seine erste Frage.
336 1125 1833 1199 Die Staglé ist engagiert, spielt im "zerbrochenen
338 1193 1717 1246 Krug" mit, der zur Liebelei dazu gegeben wird.
342 1252 1942 1312 Jetzt kleid ich mich um, gehe zum König Chilperich.
336 1293 1971 1359 Dann bin ich eingeladen. Si vous croyez,que c'est ri-
338 1348 499 1410 golo!
336 1404 1923 1479 Grüssen Sie Salten, Hugo und manche andre. Schreiben
338 1453 579 1514 Sie mir.
329 1494 1168 1586 Herzlichst der Ihre Arthur
364 1600 1048 1694 (nach I. Wollzeile 15).
1042 1709 1177 1782 -- — —
1273 1801 1684 1883 Wien, 25.2.96
1903 1829 1997 1932 67
1273 1876 1747 1952 Abend, Dienstag.
317 1954 792 2030 Lieber Richard,
323 2016 1962 2083 Heute erhielt ich diesen Brief. Ich habe sofort tele-
323 2079 1938 2142 grafisch 25 fl. angewiesen. Wenn Sie können,thun Sie
323 2128 982 2192 dasselbe; nicht wahr?
323 2175 1091 2247 Herzlich der Ihre, Arthur.
317 2222 1445 2302 Könnte man auch an Hugo herantreten?
325 2314 970 2400 (nach I.Wollzeile 15)
994 2429 1136 2490 æviter
