2399 3993
1177 277 2280 417 1 1 1/2 1/4 r, p. p.
860 287 1123 405 G. A. M.
665 691 787 797 xx
1059 791 1196 866 -33-
464 917 1991 1019 nicht.) Will die Kleine Komödie (die ihm sehr gut
472 996 1928 1076 gefällt was mir unheimlich ist) in der Collect.
472 1033 1987 1131 Fischer mit Zasche’schen Illust. bringen,will sie
484 1100 1964 1177 aber zuerst in der Freien Sühne (Augustheft, ohne
476 1155 1844 1228 Illustr.) veröffentlichen. Wie denken Sie? -
472 1204 1977 1285 An N. hab ich die 20 fl. gesandt; ich sprach ihn
478 1263 2048 1328 zufällig am selben Tag, und er wollte sie nicht neh-
474 1304 2025 1387 men, was ich aber heftig abwehrte.- Die betreffende
478 1381 1997 1448 Dame - nun sind Sie ja aus allen Sorgen — hat na¬
506 1415 2060 1485 türlich doch Lues gehabt - secundäre; auch im Mund.
488 1468 1995 1541 Wenn wir also bei dem Hugo'schen Märchen bleiben,
490 1533 2023 1594 kann man sagen: Alles ist eingetroffen nur - unbe-
490 1590 1969 1649 rufen — hat das Pferd nicht ausgeschlagen.- Dass
490 1629 2025 1696 Sie mir nicht Schreiben, ist durchaus nicht schön.-
488 1694 1253 1753 Herzlich der Ihre Arthur,
478 1731 2013 1802 Haben Sie die Kritik Sokols über Sterben gelesen?
482 1788 2060 1859 Merkwürdig von Osten-Wengrafscher Animosität durch-
478 1842 1755 1932 tränkt. Ich schreib jetzt an einem Stück.
484 1922 1846 2036 (nach Caslau Nr. 12,k.k.Landw.-Inf.-Regiment)
1094 2054 1259 2133 ====  =====
2028 2139 2129 2215 52
1332 2119 1842 2227 Wien, 15. Juni 95.
502 2233 2044 2320 Lieber Richard, heut bin ich so schlecht aufgelegt,
512 2310 2025 2363 als wär ich in Caslau.- Einer der Gründe: schiefe
508 2359 2084 2434 Stellung in der Familie; Bemerkungen, dass ich "ohne
512 2408 2044 2479 einen Kreuzer Gelu zu haben" im Sommer nach Kopen-
512 2465 2019 2536 hagen fahren will - Bemerkungen, die mir von drit-
508 2514 1690 2573 ter,nein vierter Seiter zurückkommen.-
506 2562 2009 2636 Dörmann ist da und erzählt viele Dinge von sich -
506 2625 1999 2684 er hat 3 Stücke geschrieben und hat in Berlin 65
512 2664 2054 2743 Verhältnisse gehabt. Ich übertreibe nicht. Er aber
502 2729 874 2800 ja...a...a —
508 2774 1987 2863 - Die Kritik vom kleinen Kraus in dem Abendblatt
