2432 4039
1892 315 2006 402 V.
992 791 1171 879 -121-
1152 870 1970 984 Welsberg-Waldbrunn. 243
1146 942 1465 1024 14.7.1907.
305 1030 925 1142 Mein lieber Richard
313 1091 1913 1188 eben lese ich in der Zeit die Anzeige vom Tod Ihres
320 1156 1783 1240 Vaters. Gerade um die Stunde, da ich Ihnen diese
317 1203 1943 1289 Zeilen schreibe, wird er zu Grabe getragen. Im Herzen
320 1262 1882 1346 bin ich bei ihnen und drücke Ihnen die Hand, so wie
320 1333 669 1407 Sie wissen.
320 1371 1913 1449 Sie haben meine Karten wohl erhalten. Hier in Wels-
320 1415 1888 1505 berg-Waldbrunn denken wir möglichst lange zu blei-
326 1468 1913 1554 ben, bis Mitte, vielleicht Ende August. Heini ist mit
322 1526 1924 1608 uns. Später wollen wir, Olga und ich, südlicher, Meran
326 1585 1934 1650 vielleicht. Ich hoffe sehr, dass der Sommer nicht zu
320 1604 2006 1707 Ende geht, ohne dass wir einander in schöner Landschaft
326 1686 1903 1766 begegnen. Lassen Sie bald, sehr bald von sich hören,
322 1714 1978 1804 wär es auch nur ein paar Zeilen. Von Olga an Sie, Pau-
322 1777 1857 1867 la, die Kinder, ebenso wie von mir, alles herzliche,
326 1865 921 1939 theilnehmende, gute.
944 1884 1295 1983 Ihr Arthur.
332 1995 940 2088 (nach Hasenauerstr.
1854 2121 1997 2235 244
1129 2128 1770 2229 Waldbrunn.29.7.1907.
320 2245 1863 2323 Lieber Richard, im Lidohotel, Riva, war ich ein oder
326 2292 1949 2376 zwei Tage,vor 4 Jahren. Ende August,mit Goldkann; es
322 2342 1953 2437 war ein comfortables, sogar elegantes Hotel, das Essen
334 2407 1922 2483 damals mässig; eine Badeanstalt wenn ich mich recht
353 2466 1943 2531 erinnere im Park. Würde wohl wieder dort absteigen.
328 2521 1854 2584 Gerühmt wurde mir s.Z. (weiss nicht mehr von wem)
322 2563 1892 2632 "Hotel Riva", Hotel du lac kenn ich nicht. Torbole
322 2613 1735 2698 kenn ich nur ausflugs-nicht aufenthaltsweise.
332 2634 1924 2744 Auch wir haben Dohomitenstrassenpläne, Pordoi, Karer-
322 2691 2014 2788 see - wollen in Meran einige Zeit verweilen, vielleicht
324 2765 1896 2851 auch am Gardasee. Vielleicht fügt es sich, dass wir
326 2813 1903 2914 zusammen passwandern? Wir sind hier (denk ich) bis
