2427 4007
1246 251 1588 427 qui nous avez
2004 269 2288 450 ce 2e.
1658 234 1979 421 Monsieur le
920 645 1007 698 chez
483 887 657 964 B.-H
1275 893 1720 991 Wien, 6.6.1891.
499 1022 2139 1152 Lieber Richard, ich grüsse Sie vielmals und danke Ih-
502 1113 2166 1204 nen für Ihre liebenswürdigen Zeilen. Nächstens werden
508 1171 2141 1260 Sie etwas schreiben müssen; das steht fest. Ich habe
514 1227 2135 1314 die Idee angeregt, zusammen ein Buch zu edieren (was
499 1283 2077 1362 nicht von Edi- Kafka kommt) Titel: Aus der Kaffee-
504 1328 2131 1411 hausecke. Sammlung von Skizzen, Novelletten,Impres-
508 1376 2104 1465 sionen, Aphorismen,- jeder hat möglichst individuell
516 1426 2102 1517 zu sein - ausserdem würde ich einen erhöhten Wiener
516 1494 2081 1571 Ton (jenen Ton, der nicht im Dialekt besteht) be¬
514 1542 2060 1608 vorzugen. Ich spreche noch näher mit Ihnen drüber
504 1581 2126 1670 Sie haben meiner Idee nach sehr viel damit zu schaf¬
508 1646 2012 1731 fen. Interessant ist,wie einige, als Ihr Name ge-
504 1710 2068 1780 nannt wurde, mit einer gewissen Wehmut sagten: "Ja,
510 1753 1695 1836 wenn man von dem was kriegen könnte -
576 1811 2099 1886 In Ihnen muss ja schliesslich die Poesie herange-
508 1876 2079 1938 glaubt werden. Ich mache Sie auf dieses Wort ganz
520 1913 2019 1998 besonders aufmerksam. - Die Zwischengespräche und
510 1973 2023 2043 Zwischengeschichten der Kaffeehausecke bedürfen
510 2023 2046 2091 besonderer Ueberlegung - ich freue mich sehr,mit
510 2085 2023 2147 Ihnen drüber plaudern zu können.Darüber und über
510 2133 2160 2203 anderes bitte recht sehr, desertieren Sie ehebaldigst.
504 2186 2079 2274 Wie lang wird man Sie den, dann in Wien geniessen
510 2249 2072 2321 können! Man sehnt sich nach Ihnen, und die meisten
504 2298 2046 2371 grüssen Sie herzlichst. Haben Sie wirklich gar so
510 2363 883 2429 viel zu tun?
508 2381 2066 2472 Schreiben Sie mir, sobald Sie wieder hier sind, d.h.
504 2458 2072 2531 lieber früher, wenn Sie Laune haben,und sobald Sie
514 2518 1440 2582 da, kommen Sie zu Ihrem Arthur.
522 2613 2162 2690 (nach Brünn, Hotel Neuhauser;-vermutlich Waffenübung).
