2469 4041
1867 787 2003 879 336
877 822 1038 927 -149-
1235 879 1921 1015 Alt-Aussee,20.7.1916.
323 1011 1886 1152 Lieber Richard, Mittwoch dürften wir bei xxxxxxi
338 1061 1986 1193 schönem Wetter in Ischl sein und dort (wahrscheinlich
336 1093 2022 1240 Kaiserkrone) übernachten. Ich will zu Fuss hinüber und
344 1162 1863 1288 um 1,1/2 2 in der Kaiserkrone speisen. Olga kommt
344 1204 1898 1340 erst Nachmittag (Kopfwaschen,Aschau etc.) Am Abend
340 1248 2026 1395 hoffen wir bei Sonnenschein mit Ihnen Beiden zu nacht-
344 1307 1959 1445 mahlen - aber ich suche Sie (finden Sie sich nicht!)
352 1357 1913 1502 wenns irgend geht, schon vorher auf. Herzlichst mit
359 1428 1680 1546 vielen Grüssen von uns zu Ihnen Ihr Arthur.
363 1533 1254 1670 (nach Ischl.Grazerstrasse 52)
1907 1540 2045 1634 337
1242 1630 2081 1766 Alt-Aussee, Fischerndorf 79
1286 1735 1611 1816 14.7.1916.
367 1821 1957 1942 Lieber Richard, wir sind in unserm Haus sehr gut in-
382 1852 1984 2001 stallirt und durchaus gut (daheim und beim Seewirth)
382 1930 1932 2045 versorgt. Die Lage unserer Wohnung ist wundervoll.
378 1974 1938 2102 Die Landschaft behagt mir sehr, ich fliege viel aus
388 2001 2001 2150 und arbeite weniger. Im übrigen bin ich mit der Welt
384 2072 1938 2202 wenig zufrieden. Wird man Sie bald hier sehen? Sie
384 2125 1951 2253 haben (wirklich!) bessere Verbindung als wir, wegen
384 2160 1978 2311 Zurückfahrens. Jedenfalls lassen Sie möglichst bald
390 2221 1980 2353 von sich hören. Herzlichste Grüsse von uns allen zu
390 2330 906 2429 Ihnen Allen! Ihr
405 2406 776 2536 (nach Ischl)
1963 2452 2079 2540 3381
1193 2517 1848 2626 Alt-Aussee,1.8.1916.
403 2555 2085 2712 Lieber Richard, wir haben in der Kaiserkrone kein Zimmer
417 2632 2085 2765 bekommen, übernachten daher nicht in Ischl. Statt Mitt-
417 2681 2062 2809 woch gedenke ich Donnerstag hinüber zu wandern und um
417 2737 2091 2865 1/2 2 (oder etwas früher) beim Sonnenschein zu essen.
415 2783 2049 2911 Ebenso abends schon um oirea 1/2,16,da wir um 9 nach
411 2830 2043 2974 Aussee zurückfahren müssen. O. isst zu Mittag in der
415 2882 2012 3014 Aschau. In jedem Fall hoffen wir also zum Nachtmahl
420 2939 2049 3071 mit Ihnen zusammen zu sein; ich melde mich natürlich
417 2987 1951 3117 früher bei Ihnen, ganz unverbindlich, auch für Sie!
944 3060 1655 3161 Herzlichst Ihr Arthur,
432 3117 816 3241 (nach Ischl)
