2424 4023
1074 320 1162 438 1/1
959 783 1120 892 -100-
1859 831 1966 932 182
322 936 1968 1064 Lieber Richard, seien Sie nicht bös, dass ich Ihnen da
329 995 1993 1106 einen Herrn schicke, der mich ungeheuer dringend darum
335 1045 2000 1160 bittet und der thatsächlich in sehr traurigen Verhält
329 1097 1997 1216 nissen zu sein scheint. Vielleicht können Sie auch et
333 1191 879 1260 was für ihn thun.
337 1221 1032 1311 Herzlichst Ihr Arthur.
335 1275 1131 1401 Samstag hoffentlich Club.
341 1378 913 1482 (nach I. Wollzeile)
934 1415 1091 1520 ------
1859 1426 1976 1531 183
1212 1499 1698 1600 Wien.27.7.1902.
343 1564 2010 1673 Lieber Richard, ich bin vorläufig wieder nach Wien ge-
345 1612 1981 1721 zogen, habe noch keine "Villa", bin sehr enervirt. Die
345 1665 1920 1778 Damen sind zu Schönberger gezogen, da es im Kurhaus
350 1715 2018 1826 auf die Dauer absolut nicht auszuhalten war. Ich weis
343 1778 1886 1878 noch nicht wann ich nach Rodaun komme, grüssen Sie
350 1859 867 1928 bitte auch Hugo.
350 1893 1049 2004 Herzlichst Ihr Arthur.
356 1987 1583 2100 (nach Rodaun b. Liesing, Liesingerstr.1.)
1924 2144 2031 2215 184
1229 2169 1610 2263 Wien, 3.3.02.
358 2224 2020 2335 Lieber Richard, ich weiss nicht,ob Sie Sitze haben, je-
368 2284 1972 2389 denfalls lasse ich Ihnen bis Dienstag Mittag an der
364 2339 2025 2450 Carltheater Casse 2 Parkett reserviren. Holen Sie sie
358 2393 2004 2510 nicht, so werden sie anderweitig verkauft.- Sie haben
358 2441 1941 2546 sich also nicht weiter zu kümmern.- - Dem Hugo sagen
364 2498 2048 2603 Sie bitte, aber sicher dass Brahm Dienstag nicht zu mir
362 2559 2008 2661 kommt.- Ich hoffe übrigens Sonntag Nachmittag Hodaun
358 2621 1853 2728 au durchradeln. Herzliehet Ihr A.
364 2734 572 2843 (w.o.)
