2401 3991
74 255 183 350 III
623 259 756 383 1
396 261 586 379 Pieter Jänner
836 775 982 838 -70-
1742 762 1851 874 115
1104 845 1498 937 Wien, 2.6.98.
225 960 1841 1070 Lieber Richard, ich habe ganz den Eindruck, als ob ich
236 984 1927 1112 Sonntag Früh von hier wegfahren und vielleicht Dienstag
242 1068 1862 1167 am Ossiacher See eintreffen würde. Weiteres und nähe-
232 1116 1767 1211 res, was ganz dasselbe ist, merkwürdigerweise, weiss
244 1171 1807 1262 ich noch nicht. Doch scheints mir, dass ich ein paar
242 1215 1824 1314 Tage im Annenheim wohnen werde; eventuell radie ich
238 1274 1841 1359 aber mit Kramer weiter ins Lavantthal. Vom Semmering
236 1325 1870 1426 aus will ich die ganze Tour per Rad machen. Ich freue
246 1396 944 1464 mich Sie bald zu sehen.
244 1428 1502 1519 Grüssen Sie Paula, Mirjam und sich selbst.
244 1491 1099 1584 Herzlichst der Ihre Arthur.
249 1582 1474 1691 (nach Steindorf a. Ossiachersee, Kärnthen)
1068 1767 1940 1856 Wien,Samstag Nachmittag 11G
1068 1854 1283 1929 4.6.98.
246 1906 1856 2030 Lieber Richard, ich habe heute eine Postkarte an Ihre
244 2003 1847 2085 Adresse aufgegeben und komme bald nach. Morgen Sonn-
259 2051 1856 2140 tag Früh 7.45 fahre ich auf den Semmering; dort setz
259 2098 1818 2186 ich mich aufs Rad und will sehn, wie weit ich komme.
257 2155 1841 2233 Von der Reise aus verständige ich Sie. Dienstag bin
257 2214 1826 2281 ich wohl in Steindorf. Ob Kramer mitfährt ist unge-
257 2254 1894 2336 wiss. Ich glaub nicht. Eben telephonirt er
255 2300 1830 2391 mir, dass ihm sein Rad gestohlen worden ist; er will
255 2359 1805 2439 sich gleich ein neues kaufen, aber - zum mindestens
257 2433 1335 2490 das letztere ist unwahrscheinlich.
257 2481 1868 2536 Herzlichen Gruss. Ihren Brief hab ich heute Früh be-
263 2515 1906 2591 kommen; - "bete und arbeite" - d.h. schreiben Sie und
259 2586 1038 2652 lernen Sie Bicyclefahren.
257 2633 731 2719 Ihr Arthur Sch.
265 2728 758 2818 (nach Steindorf)
874 2787 973 2848 --
