2399 3993
368 168 468 262 G.C.P.
558 248 684 380 1.°
1678 278 1928 386 1:   ̃.
952 290 1058 376 J 4
2220 290 2304 412 11
1078 826 1206 912 -30-
514 976 2082 1066 wenn er zu seinen ausserordentlichen Eigenschaften
514 1052 1972 1104 auch noch die der Verlässlichkeit hätte. Er ist
524 1100 1992 1190 einer von den glänzenden - aber nicht einer von
518 1148 888 1218 den Echten. -
520 1192 1946 1266 Heut geh ich zur Première von den Komödianten.
518 1258 2016 1324 Haben Sie auch in theatralibus was gesehen? Gahn
520 1302 1078 1370 Sie nach Sicilien?
520 1352 1938 1424 Heute holt der Abschreiber meinen letzten Akt.
508 1404 1970 1468 In acht Tagen hoff' ichs einreichen zu können.-
508 1470 2070 1536 Hugo und Salten finden: Burgtheater. Bahr hat auch
508 1524 2000 1584 schon mit Burchh. gesprochen und Burckh. "erwar-
506 1568 2116 1658 tet“ das Stück. Charakteristisch übrigens, dass Bahr,
514 1626 2008 1688 nachdem er mit Burckh. gesprochen und nach dem er
512 1674 2012 1740 von dem Stück nichts wusste als, was ihm Hugo ge¬
512 1720 1974 1796 sagt, dass es sehr gut und "Burgthe ater" sei,mir
506 1776 1998 1848 gegenüber äusserte: "Ich hab die Empfindung, dass
542 1832 2092 1912 es ins Raimundtheater gehört." - Man kann übrigens
506 1888 2092 1970 weniger als je ans Raimundth, denken - es wird dort
506 1934 2000 2024 gespielt wie an einem Provinztheater, wo die Leut
506 1992 2056 2076 eben zehn Proben haben, statt einer oder zwei. Aber
500 2024 1982 2120 dadurch kriegen die Herrn Heding und Nerz u. s.w.
494 2088 2016 2162 nicht mehr Talent als sie haben.- Burgtheaterver-
496 2142 2022 2224 such muss natürlich strenges Geheimnis bleiben, da
498 2188 2020 2294 ich da dann, wenn B. es refüsirt beim Volkstheater
500 2238 1022 2302 einreichen will. -
492 2290 1542 2366 Ich freue mich auf Ihre Rückkehr.-
482 2344 1352 2414 Herzlichen Gruss Ihr Arthur.
488 2430 1350 2548 (nach Neapel Hotel Hassler).
