2448 4038
1702 283 1851 414 10/7
338 285 487 395 1 ij1
822 280 914 400 1
1878 289 2104 391 1 1/2
1791 729 1908 816 312
861 816 1033 924 -143-
1203 897 1774 999 Venedig. 15.5.1912.
280 958 1938 1139 Bin schon da. Wir wohnen Hotel Europe. Vorläufig pro-
289 1054 1940 1194 visor, Zimmer. Bitte holen Sie uns etwa um 10 ab oder
287 1124 1572 1256 schauen Sie vorbei oder telephoniren Sie.
818 1194 1354 1277 Herzlichst Ihr A.
1836 1318 1953 1411 3:3
1222 1362 1553 1460 19.7.1912.
304 1447 1998 1609 Lieber Richard,viel Dank für Ihre Karten, aus denen ich
302 1511 1968 1660 allerdings nicht mehr entnahme als dass Sie dort sind
310 1564 1938 1713 und wieder wegreisen werden. Aber ich hoffe Sie sind
312 1619 1938 1760 alle wohl und (verzeihen Sie) vergnügt und wir hören
308 1679 1938 1813 mehr von Ihnen nach Brioni bei Pola,wohin wir morgen
319 1734 1940 1864 absegeln. Herzlichst mit allseitigen Grüssen. Ihr A.
321 1840 1269 1985 (nach St.Moriz,Hotel Waldhaus)
1866 2023 1980 2104 „
1224 2021 1738 2146 Brioni,2.8.1912.
332 2121 2040 2278 Herzliche Grüsse Ihnen Allen.- Es ist wunderschön hier,
338 2187 1904 2325 wir bleiben wohl bis nach 20.8., fahren dann direct
346 2242 1995 2386 Sils Maria. Schreiben Sie ein Wort, wie es Ihnen allen
340 2333 1498 2433 geht. Ihr Arthur. Herzl.Grüsse! Olga.
1885 2408 1995 2488 315
346 2442 833 2556 (nach St. Moriz)
1194 2482 1696 2573 Brioni, 9.8.1912.
332 2548 1915 2669 Lieber Richard,unser Plan ist am 20.od.21. über die
332 2595 1936 2722 ital.Seen nach Sils Maria, dort bis Ende August, dann
340 2658 1953 2773 München (Tutzing) circa 8 Tage.u.direct nächst Wien.
340 2686 1978 2828 Vielleicht trifftman sich in München? (Sitze besorgt?)
368 2754 1991 2890 Wie lange bleibt Kaufmann im Engadin? Herzlichst Ihr
346 2884 837 3007 (nach St.Moriz)
