2392 3990
664 270 801 386 G.H.F.P.
833 290 923 348 1 7
1707 270 2385 384 „ —„  —  „ — „    —: —”  —
1013 280 1653 394 4 „ „ —: — „ 4 „ 7 „ 9
416 326 494 398 1
1155 786 1287 875 -54-
478 879 2067 961 derzulegen weil sich der Fedor Denner nicht mit ihm
484 947 1969 1033 schlagen will, und der Moritzki wäre vom Direktor
482 1001 1945 1081 Schneider ins Haus der alten Geigerin gesandt.-
478 1055 1997 1131 Die Athenerin hat grossen Erfolg gehabt, und Bauer
478 1109 1961 1179 war bei der Première aufgeregter als der Autor,
494 1157 1755 1237 (wie er (B.) selbst im Parquet erzählte.)
478 1229 1103 1305 Herzlich Ihr Arthur.
488 1309 1387 1419 (nach Baden b.W.Franzensg.54)
2069 1503 2161 1585 84
1401 1507 1843 1597 Wien, 17.10.96
512 1605 2121 1709 Lieber Richard,morgen Sonntag Abend nicht bei Ihnen,
514 1683 2095 1749 sondern Imperial.- Näheres heut Abend nach den Müt¬
522 1721 2117 1811 tern. Wir (Hugo etc.) im Riedhof. Ich komm mit Brahm,
520 1785 1939 1867 Hirschfeld nach. Sahe Sie übrigens Zwischenakt.
518 1853 985 1937 Herzlich Ihr A.
522 1935 1203 2049 (nach I.Wollzeile 15)
1379 2135 1817 2231 Wien, 23.10.96
2121 2133 2207 2237 85
514 2201 991 2281 Lieber Richard,
514 2235 2043 2331 Morgen geh ich ins Raimundtheater (Ebene Erde und
524 2289 2093 2369 erster Stock.) Montag reise ich spätestens ab. Pre-
518 2361 2109 2420 mière schon am 31.- Schreiben Sie mir wo Sie morgen
518 2416 989 2484 Abend sind etc.
524 2452 1293 2562 Herzlich der Ihre Arthur.
526 2550 1173 2644 (nach I.Wollzeile 15)
1105 2660 1211 2748 -- —
