2448 4038
1022 748 1200 830 -144-
1894 779 2013 886 316
1171 824 1722 946 Tutzing.2.9.1912.
368 923 1968 1037 Lieber Richard, sind Sie schon in Wien? Wie lang wa-
370 995 1873 1078 ren Sie in Ischl? Wie gehts Ihnen? Wir wollen hier
380 1051 1970 1136 bis circa 7.bleiben. Lassen Sie was von sich hören!
836 1111 1530 1189 Herzlichst Ihr Arthur.
374 1163 1103 1266 Herzliche Grüsse! Olga.
376 1266 737 1361 (nach Wien)
1923 1320 2026 1423 hi7
1183 1346 1815 1433 Baden, 22. April 1913.
1183 1419 1751 1485 Hotel Grüner Baum.
376 1458 2034 1534 Liebe Paula, ich wollte während der letzten Tage immer
380 1514 2007 1602 zu Ihnen kommen und für den schönen Kamm danken, aber
380 1565 1918 1640 es ist mir so schäbig gegangen, dass ich plötzlich
376 1607 1972 1706 herausgefahren bin. Hier ist es schön und still und
386 1677 1910 1751 die Nerven benohmen sich auch besser. Auf Wieder-
376 1730 1933 1813 sehen, und herzliche Grüsse Ihnen Allen? Ihre Olga.
1892 1904 2013 2003 31 8
1185 1910 1660 2018 Wien. 23.7.1913.
380 2015 2003 2102 Lieber Richard, heute fahren wir nach Brioni, Lili ist
376 2098 1949 2172 schon seit ein paar Tagen dort - schreiben Sie mir
382 2139 1987 2224 doch ein Wort dahin. Es war eine etwas unruhig-ruhi-
382 2195 1949 2269 ge Zeit. Sie haben wohl kein schönes Wetter gehabt
382 2263 1879 2317 bis heut, nun wirds hoffentlich besser - überall.
386 2315 1605 2385 Wir grüssen Sie alle herzlichst. Ihr A.
376 2397 855 2490 (nach St.Moriz)
1920 2420 2030 2542 iyi
1183 2488 1693 2575 Brioni, 6.8.1913.
386 2554 1912 2625 Vielen Dank für die ausführlichen Grüsse. Ferner:
388 2604 1980 2672 wie lange bleiben Sie drüben? Und möchten Sie nicht
382 2662 2034 2734 einmal herüber kommen? Zweimal die Woche gahn Schiffe
382 2715 2011 2802 von Venedig hieher.einmal xxx bei Tag; schöne Fahrt.
776 2765 1313 2837 Herzlichst Ihr 4.
382 2798 1514 2922 (nach Venedig,Grand Hotel des Bains)
