2401 3991
1353 285 1441 392 1e
563 285 838 414 1 „ „ — „
1066 295 1279 420 1.
15 344 122 437 7
912 331 1025 452 Pour Votre
954 762 1095 846 -63-
1861 745 1948 848 99
1137 840 1542 939 Wien, 12.6.97.
257 909 1865 1017 Mein lieber Richard, ich danke sehr für Ihre Bemühung
211 960 1810 1066 bei Leopold. Wahrscheinlich komm ich früher, so gegen
211 1013 1779 1123 27.28. Bitte schaun Sie sich doch im Vorüberwandeln
217 1068 1770 1171 das Zimmer an, ob nicht alles wackelt, was in diesem
217 1116 1728 1222 Wirtshaus immer vorauszusetzen ist. Notwendig ein
209 1173 1724 1272 grosser Tisch (zum Schreiben.) Da meine Mama eine
219 1205 1825 1321 kleine Cousine, Grethel, zur Begleitung hat, brauch ich
217 1296 1173 1376 gar nicht nah von ihr zu sein.-
215 1338 1907 1420 Nun, wegen Bayreuth, da müssen Sie sich rasch entschlies-
247 1380 1825 1475 sen, aber nicht gleich Nein sagen, weil es rasch sein
224 1441 1734 1532 muss. Parsifal ist am 27., 28. u. 30. Juli soweit es
215 1488 1831 1576 für mich in Betracht kommt. Ein Sitz 12 Gulden. Ich
219 1555 1781 1627 habe auch an Paul geschrieben. Soll ich einen Sitz
224 1601 1802 1684 für Sie nehmen? Am liebsten 28. Man bringt ihn auch
230 1667 1857 1728 immer wieder los, da ein grosses Geriss ist; also ris-
219 1699 1857 1787 kirt ist nicht viel. Ueberhaupt! 12 Gulden- Zwei Gul-
232 1764 1825 1834 den — und noch vier — Und noch sechs — Man hält es
219 1817 1770 1895 und hat vier achter gegen vier zehner, das ist doch
230 1867 1205 1935 die Parsifal-Chance eher werth.-
281 1910 1762 1996 Ich spiele mich mit einem Komödienplan herum....
230 1971 1732 2036 aber ich fang nicht an, bevor die Sache von der 1.
226 2034 1823 2097 bis zu letzten Scene absolut feststeht und alle Per-
230 2085 1823 2144 sonen zuteinander einen wirkliche sowohl äusserliche
226 2131 1812 2207 als innerliche Beziehung haben. Ich habe keine Lust,
232 2178 1770 2253 wieder ein Stück zu schreiben, wo man Personen nach
226 2241 1779 2306 Belieben entfernen und dazuthun kann.- Freiwild in
806 2285 1342 2359 für den Fall, dass
224 2294 781 2363 Prag freigegeben -
226 2336 1850 2410 Man räth mir sehr, besonders Gustav Schwarzk. Habe
226 2395 964 2469 noch nicht geantwortet.
779 2416 1720 2509 "mit ahnungsvoller Gegenwart?"
228 2450 755 2517 - Aengstigt Sie's
806 2490 1051 2557 nichts. -
226 2494 787 2568 Ich spüre noch gar
230 2530 1732 2610 Ich freu mich sehr auf Sie. Wenn Sie "fesch"
226 2600 1815 2669 sind, so kommen Sie mir nach Lapaa, oder, billiger,
226 2656 1821 2716 nach Gmunden entgegen auf dem Rad und wir fahren zu-
230 2701 1426 2783 sammen u.s.w. Äntworten Sie mir gleich.
226 2758 844 2844 Herzlich Ihr Arthur,
266 2836 996 2948 (nach Ischl, Egelmoos 22)
