2379 3992
288 270 423 338 " " 1"
795 293 1035 382 '̃̃ ̃ •
1100 288 1411 403 1 „ „ —
1193 400 1741 492 • ̃̃
1828 396 2112 477 cette autrement le Décembre
961 797 1108 876 -71-
1876 853 1977 942 119
1150 892 1567 969 Wien, 17.6.98
382 967 1990 1071 Lieber Richard, beiliegend mein Interpunktionsgefühl.
394 1054 1934 1120 Im wesentlichen liegt ja nicht viel dran. Hugo ist
392 1104 1980 1166 in der Brühl, ich wollte gestern zu ihm; aber es reg-
384 1172 1955 1224 nete. Am Tag meiner Abfahrt hatte ich Regen bis Wr.
384 1208 1938 1266 Neustadt — dann war es schön und blieb so bis ges¬
394 1266 1932 1338 tern. Meine Sommerpläne sind verpfuscht. Man lässt
384 1318 1907 1376 sie nicht mit mir reisen, so wird ein enervirendes
394 1370 1953 1436 Hin und Her herauskommen. Ich bleibe vor allem ein-
390 1417 1928 1492 mal bis Mitte Juli in Wien; bin dann ein paar Tage
388 1475 1894 1548 mit ihr und ihrer Schwester sowie Schwager in Gr.
396 1525 1872 1594 zusammen - wohin ich vom 20.-27. Juli gehe, weiss
390 1589 1874 1654 ich nicht. (Wollen Sie irgendwo mit mir zusammen
394 1637 1959 1699 sein? Aber nicht in Steindorf) Dann per Rad mit ihr
382 1685 1942 1758 und den Ihren nach Tegernsee.- Von dort verschwind
384 1743 1969 1803 ich sofort;- wahrscheinlich in die Schweiz. Da werd
388 1795 1994 1851 ich eine Zeitlang mit der Mama zusammen sein. (Vier-
382 1841 2025 1909 waldstädtersee) Die letzte Augustwoche wahrscheinlich
386 1897 2052 1963 in Tegernsee - dann in den ersten Septembertagen wenns
390 1940 1668 2004 geht, durchs Ampezzo per Rad nach Venedig.-
382 2002 2004 2058 Im übrigen arbeite ich und fühl mich aus den bekann -
378 2050 1735 2121 ten Ursachen nicht wohl.- (Milder Ausdruck.)
378 2104 1892 2175 Brief und Carton hab ich erhalten, danke sehr. Wie
382 2158 1921 2226 gehts Ihnen? Machen Sie was? Paul G. hat Recht, sag
382 2210 1924 2278 ich Ihnen! - Gustav Schw. und Leo V. werden sicher
378 2251 1975 2334 Ihre Grüsse erwidern, sobald ich sie ihnen ausgerich-
378 2309 1963 2378 tet habe.- Das gleiche nehm ich von Paula, ja beinah
378 2361 1874 2426 von Mirjam an. Sie wird einmal sehr gerührt sein,
376 2411 1849 2480 wenn sie als alte Frau ihrer Enkelin das Gedicht
376 2463 2000 2544 vom Urgrosspapa vorlesen wird. Und auch Ihrer Urenke-
369 2511 1791 2583 lin werden vielleicht Thränen ins Auge kommen.
374 2554 1515 2631 Auf Wiedersehn, womöglich noch vorher.
367 2606 990 2695 Herzlich Ihr Arthur.
376 2691 863 2789 (nach Steindorf)
988 2756 1108 2832 ====  =====
1598 3787 1735 3876 Monsieur le dernier
