2421 4040
595 340 726 430 :
1006 797 1179 895 -133-
1898 830 2051 924 280
1296 878 1738 970 Wien, 16.12.09.
382 983 1992 1102 Lieber Richardkheute Abend kann ich Poldi nicht er-
392 1049 1938 1162 warten,gehe eben, längst geladen, mit Olga zu Spei-
403 1074 2032 1214 dels; morgen früh.. doch eben sah ich, dass er schon
401 1135 1965 1258 morgen früh abreist. Nun, für alle Fälle, von10-10
405 1189 2082 1302 bin ich zu Hause. (Aber, wenn nicht dringend gewünscht,
405 1245 2038 1356 sagen Sie's nicht. Gratulire herzlich zu Ihrem Tele-
405 1300 1942 1408 fen. Der Einfachheit wegen könnten Sie eigentlich
411 1344 1976 1475 telephoniren, Ihre Karte hat uns nicht mehr zu Haus
407 1442 1291 1546 getroffen. Herzlichst Ihr A.
1936 1556 2057 1654 281
415 1654 2040 1775 Lieber Richard, wir kommen heut nicht mehr, Poldi mor-
421 1717 1949 1832 gen Vormittag. Herzlichst mit Grüssen an die Ver-
421 1805 968 1901 sammelten. Ihr A.
1969 1901 2101 1988 282
426 2003 2049 2128 Meine Lieben, Arth. lässt Euch um einen Gefallen bit-
430 2072 2088 2188 ten: Andrian kommt heut Abend zum Nachtmal, wir bitten
438 2134 2082 2232 Euch.auch zu kommen, oder falls die Paula zu müde ist,
434 2180 1963 2301 so bitten wir Sie „lieber Herr Doctor,ev. nach dem
457 2232 2022 2337 Nachtmal. Aber am schönsten wär's, Ihr kämet beide.
901 2297 1508 2380 Herzl. Grüsse Olga.
1988 2414 2124 2529 283
444 2514 2070 2643 Liebe Beer-Hofmanns,morgen Abend kommen Kaufmann, Leo
438 2585 2090 2685 und wahrscheinlich auch Salten zu uns, wir würden uns
446 2639 2093 2754 sehr freuen und das Gefühl von zwei aufgesetzten Kro-
442 2683 2097 2806 nen haben, wenn Ihr auch kämet. Herzliche Grüsse! Olga.
444 2775 1031 2879 Bitte früh kommen!
