<?xml version="1.0" encoding="UTF-8" standalone="yes"?>
<PcGts xmlns="http://schema.primaresearch.org/PAGE/gts/pagecontent/2013-07-15" xmlns:xsi="http://www.w3.org/2001/XMLSchema-instance" xsi:schemaLocation="http://schema.primaresearch.org/PAGE/gts/pagecontent/2013-07-15 http://schema.primaresearch.org/PAGE/gts/pagecontent/2013-07-15/pagecontent.xsd">
    <Metadata>
        <Creator>prov=READ-COOP:name=TrHtr:version=2.1.0:model_id=51170:date=25_07_2023_01:00</Creator>
        <Created>2023-05-01T21:48:26.368+02:00</Created>
        <LastChange>2023-07-25T01:00:20.987+02:00</LastChange>
        <TranskribusMetadata docId="1416402" pageId="54944716" pageNr="29" tsid="130579426" status="IN_PROGRESS" userId="64420" imgUrl="https://files.transkribus.eu/Get?id=FYYJICSSXIUQTSETWCFPXYTF&amp;fileType=view" xmlUrl="https://files.transkribus.eu/Get?id=OBYNCFPGMLIACLQDUEWKPRVT" imageId="44448802"/>
    </Metadata>
    <Page imageFilename="1416402_0029.jpg" imageWidth="2400" imageHeight="3994">
        <ReadingOrder>
            <OrderedGroup id="ro_1711832848121" caption="Regions reading order">
                <RegionRefIndexed index="0" regionRef="tr_1"/>
                <RegionRefIndexed index="1" regionRef="tr_2"/>
            </OrderedGroup>
        </ReadingOrder>
        <TextRegion id="tr_1" custom="readingOrder {index:0;}">
            <Coords points="453,839 2092,839 2092,2048 453,2048"/>
            <TextLine id="tr_1_tl_1" custom="readingOrder {index:0;}">
                <Coords points="1030,892 1043,890 1065,904 1072,898 1082,906 1094,904 1103,910 1111,904 1132,906 1144,896 1154,900 1173,896 1173,846 1156,846 1148,852 1138,846 1132,852 1125,848 1109,856 1088,848 1070,852 1061,844 1043,856 1030,856"/>
                <Baseline points="1041,889 1086,892 1131,889 1176,892 1179,892"/>
                <TextEquiv>
                    <Unicode>-25—</Unicode>
                </TextEquiv>
            </TextLine>
            <TextLine id="tr_1_tl_2" custom="readingOrder {index:1;}">
                <Coords points="472,1067 1996,1043 1998,964 1475,993 1283,954 474,1022"/>
                <Baseline points="483,1056 525,1059 570,1059 614,1059 659,1056 704,1056 749,1053 794,1053 838,1050 883,1050 928,1050 973,1050 1017,1047 1062,1047 1107,1047 1152,1044 1197,1047 1241,1044 1286,1041 1331,1035 1376,1038 1420,1035 1465,1032 1510,1032 1555,1029 1599,1029 1644,1026 1689,1026 1734,1026 1779,1023 1823,1023 1868,1020 1913,1020 1958,1020 2002,1020"/>
                <TextEquiv>
                    <Unicode>Einige Thatsachen: Ludassy ist Chefred. der Wr.</Unicode>
                </TextEquiv>
            </TextLine>
            <TextLine id="tr_1_tl_3" custom="readingOrder {index:2;}">
                <Coords points="447,1125 1918,1090 1918,1043 1814,1030 739,1092 449,1065"/>
                <Baseline points="459,1113 489,1113 534,1113 579,1113 623,1113 668,1110 713,1110 758,1110 802,1107 847,1104 892,1104 937,1104 982,1104 1026,1101 1071,1101 1116,1098 1161,1098 1205,1095 1250,1092 1295,1092 1340,1092 1385,1089 1429,1089 1474,1086 1519,1083 1564,1083 1608,1083 1653,1080 1698,1080 1743,1077 1788,1077 1832,1074 1877,1077 1922,1077"/>
                <TextEquiv>
                    <Unicode>Allg.Ztg. (mit einem nicht übeln Gehalt)worden.</Unicode>
                </TextEquiv>
            </TextLine>
            <TextLine id="tr_1_tl_4" custom="readingOrder {index:3;}">
                <Coords points="451,1177 1641,1138 1750,1192 1818,1134 1953,1140 1955,1084 451,1123"/>
                <Baseline points="462,1164 483,1161 528,1164 573,1161 617,1161 662,1161 707,1161 752,1158 797,1155 841,1158 886,1158 931,1155 976,1155 1020,1155 1065,1152 1110,1152 1155,1149 1199,1149 1244,1146 1289,1146 1334,1143 1379,1143 1423,1140 1468,1140 1513,1140 1558,1137 1602,1137 1647,1134 1692,1134 1737,1128 1782,1125 1826,1128 1871,1128 1916,1128 1961,1125"/>
                <TextEquiv>
                    <Unicode>Er rechnet auf das ganze junge Wien; „also“ auch</Unicode>
                </TextEquiv>
            </TextLine>
            <TextLine id="tr_1_tl_5" custom="readingOrder {index:4;}">
                <Coords points="765,1218 1732,1198 1732,1158 1672,1140 974,1161 914,1185 768,1161"/>
                <Baseline points="776,1208 799,1208 844,1205 889,1202 934,1197 949,1199 976,1202 1020,1202 1065,1199 1110,1199 1155,1197 1199,1194 1244,1194 1289,1194 1334,1194 1379,1191 1423,1188 1468,1188 1513,1188 1558,1185 1602,1185 1647,1182 1692,1185 1737,1185"/>
                <TextEquiv>
                    <Unicode>(Die Gänsefüsse sind 17gradig.</Unicode>
                </TextEquiv>
            </TextLine>
            <TextLine id="tr_1_tl_6" custom="readingOrder {index:5;}">
                <Coords points="453,1227 542,1227 581,1214 594,1225 621,1218 664,1231 722,1210 761,1210 761,1190 736,1196 710,1179 685,1190 662,1175 654,1181 614,1167 579,1175 548,1169 519,1185 507,1175 496,1183 453,1175"/>
                <Baseline points="465,1214 495,1211 540,1211 585,1211 629,1211 674,1211 719,1211 764,1205"/>
                <TextEquiv>
                    <Unicode>auf Sie.</Unicode>
                </TextEquiv>
            </TextLine>
            <TextLine id="tr_1_tl_7" custom="readingOrder {index:6;}">
                <Coords points="441,1283 1655,1231 1982,1260 1984,1181 443,1225"/>
                <Baseline points="453,1265 465,1265 510,1265 555,1265 599,1262 644,1262 689,1262 734,1262 779,1259 823,1259 868,1256 913,1253 958,1247 1002,1253 1047,1253 1092,1250 1137,1250 1182,1250 1226,1250 1271,1250 1316,1247 1361,1244 1405,1244 1450,1241 1495,1241 1540,1241 1585,1235 1629,1232 1674,1229 1719,1226 1764,1229 1808,1232 1853,1229 1898,1229 1943,1229 1988,1226"/>
                <TextEquiv>
                    <Unicode>Morgen ist die "Schmetterlingsschlacht" - ich hab</Unicode>
                </TextEquiv>
            </TextLine>
            <TextLine id="tr_1_tl_8" custom="readingOrder {index:7;}">
                <Coords points="451,1330 1465,1326 1574,1289 1717,1322 1872,1287 1874,1250 453,1287"/>
                <Baseline points="462,1322 489,1319 534,1316 579,1316 623,1316 668,1316 713,1313 758,1313 802,1313 847,1313 892,1310 937,1307 982,1310 1026,1307 1071,1304 1116,1304 1161,1304 1205,1301 1250,1301 1295,1301 1340,1298 1385,1298 1429,1295 1474,1292 1519,1292 1564,1289 1608,1289 1653,1289 1698,1286 1743,1283 1788,1286 1832,1283 1877,1280"/>
                <TextEquiv>
                    <Unicode>noch keinen Sitz, was mich geradezu aufregt.-</Unicode>
                </TextEquiv>
            </TextLine>
            <TextLine id="tr_1_tl_9" custom="readingOrder {index:8;}">
                <Coords points="463,1376 1177,1374 1365,1361 1396,1320 463,1330"/>
                <Baseline points="474,1355 507,1367 552,1367 597,1367 641,1364 686,1364 731,1358 776,1361 820,1361 865,1361 910,1358 955,1358 999,1358 1044,1358 1089,1355 1134,1355 1179,1352 1223,1352 1268,1349 1313,1349 1358,1349 1402,1340"/>
                <TextEquiv>
                    <Unicode>"Man sagt" ist durchgefallen.-</Unicode>
                </TextEquiv>
            </TextLine>
            <TextLine id="tr_1_tl_10" custom="readingOrder {index:9;}">
                <Coords points="453,1430 2007,1405 2087,1351 455,1378"/>
                <Baseline points="465,1423 480,1423 525,1420 570,1420 614,1417 659,1420 704,1417 749,1417 794,1417 838,1417 883,1411 928,1411 973,1411 1017,1411 1062,1408 1107,1408 1152,1405 1197,1405 1241,1402 1286,1402 1331,1399 1376,1399 1420,1397 1465,1397 1510,1394 1555,1394 1599,1394 1644,1391 1689,1391 1734,1388 1779,1385 1823,1388 1868,1385 1913,1385 1958,1382 2002,1382 2047,1382 2092,1379"/>
                <TextEquiv>
                    <Unicode>Mein Stück (gefährliche Nachbarschaft der Thatsachen-</Unicode>
                </TextEquiv>
            </TextLine>
            <TextLine id="tr_1_tl_11" custom="readingOrder {index:10;}">
                <Coords points="453,1479 1891,1461 1922,1403 453,1430"/>
                <Baseline points="465,1465 492,1465 537,1468 582,1468 626,1468 671,1468 716,1468 761,1468 805,1468 850,1465 895,1465 940,1465 985,1462 1029,1462 1074,1459 1119,1459 1164,1456 1208,1453 1253,1456 1298,1456 1343,1456 1388,1453 1432,1450 1477,1447 1522,1447 1567,1444 1611,1444 1656,1441 1701,1441 1746,1438 1791,1435 1835,1432 1880,1432 1925,1435"/>
                <TextEquiv>
                    <Unicode>Sie sehen, ich bin nicht abergläubisch, oder erst</Unicode>
                </TextEquiv>
            </TextLine>
            <TextLine id="tr_1_tl_12" custom="readingOrder {index:11;}">
                <Coords points="457,1545 2027,1506 2042,1446 457,1490"/>
                <Baseline points="468,1525 480,1525 525,1525 570,1522 614,1525 659,1522 704,1519 749,1519 794,1516 838,1516 883,1516 928,1516 973,1513 1017,1513 1062,1513 1107,1513 1152,1510 1197,1510 1241,1510 1286,1507 1331,1507 1376,1504 1420,1504 1465,1501 1510,1501 1555,1498 1599,1498 1644,1498 1689,1498 1734,1495 1779,1495 1823,1492 1868,1492 1913,1489 1958,1489 2002,1486 2047,1486"/>
                <TextEquiv>
                    <Unicode>recht. oder erst recht gar nicht, oder gar nichterst</Unicode>
                </TextEquiv>
            </TextLine>
            <TextLine id="tr_1_tl_13" custom="readingOrder {index:12;}">
                <Coords points="453,1595 1930,1564 1988,1558 1988,1510 455,1549"/>
                <Baseline points="465,1579 510,1579 555,1579 599,1579 644,1579 689,1573 734,1573 779,1573 823,1573 868,1570 913,1570 958,1564 1002,1564 1020,1564 1053,1567 1098,1564 1143,1567 1188,1564 1232,1564 1277,1561 1322,1558 1367,1558 1411,1555 1456,1555 1501,1552 1546,1552 1591,1555 1635,1552 1680,1549 1725,1549 1770,1546 1814,1546 1859,1546 1904,1546 1949,1540 1994,1537"/>
                <TextEquiv>
                    <Unicode>recht gar nicht-) ist... hier stock ich schon -</Unicode>
                </TextEquiv>
            </TextLine>
            <TextLine id="tr_1_tl_14" custom="readingOrder {index:13;}">
                <Coords points="453,1628 1738,1595 1837,1624 1854,1554 453,1601"/>
                <Baseline points="465,1617 471,1617 516,1620 561,1623 605,1623 650,1623 695,1620 740,1620 785,1617 829,1617 874,1617 919,1617 964,1614 1008,1611 1053,1611 1098,1611 1143,1608 1188,1608 1232,1605 1277,1605 1322,1602 1367,1602 1411,1602 1456,1599 1501,1599 1546,1599 1591,1597 1635,1597 1680,1594 1725,1594 1770,1597 1814,1594 1859,1591"/>
                <TextEquiv>
                    <Unicode>- vollendet?.. Nein.- Beendel? Nein. Fertig?</Unicode>
                </TextEquiv>
            </TextLine>
            <TextLine id="tr_1_tl_15" custom="readingOrder {index:14;}">
                <Coords points="447,1688 1736,1676 1938,1661 1961,1603 859,1618 681,1659 449,1630"/>
                <Baseline points="459,1677 489,1677 534,1677 579,1677 623,1671 668,1674 713,1674 758,1674 802,1671 847,1671 892,1671 937,1668 982,1665 1026,1665 1071,1665 1116,1662 1161,1659 1205,1659 1250,1659 1295,1656 1340,1656 1385,1653 1429,1653 1474,1653 1519,1653 1564,1650 1608,1650 1653,1650 1698,1647 1743,1647 1788,1647 1832,1644 1877,1644 1922,1641 1967,1638"/>
                <TextEquiv>
                    <Unicode>Nein.- Ich habe "nur mehr" dran zu feilen. Hab</Unicode>
                </TextEquiv>
            </TextLine>
            <TextLine id="tr_1_tl_16" custom="readingOrder {index:15;}">
                <Coords points="1773,1694 1792,1696 1818,1721 1864,1703 1874,1711 1899,1705 1909,1717 1926,1703 1945,1715 1957,1705 1986,1711 2003,1701 2034,1709 2052,1696 2067,1701 2067,1651 1994,1659 1955,1649 1934,1661 1897,1649 1880,1661 1831,1647 1773,1661"/>
                <Baseline points="1785,1686 1829,1698 1874,1698 1919,1695 1964,1695 2008,1692 2053,1689 2071,1689"/>
                <TextEquiv>
                    <Unicode>"Liebelei"</Unicode>
                </TextEquiv>
            </TextLine>
            <TextLine id="tr_1_tl_17" custom="readingOrder {index:16;}">
                <Coords points="453,1744 1607,1725 1734,1717 1736,1678 453,1692"/>
                <Baseline points="465,1731 483,1731 528,1731 573,1728 617,1728 662,1725 707,1725 752,1725 797,1725 841,1722 886,1722 931,1722 976,1722 1020,1719 1065,1719 1110,1719 1155,1716 1199,1716 1244,1713 1289,1716 1334,1710 1379,1710 1423,1707 1468,1707 1513,1704 1558,1704 1602,1704 1647,1704 1692,1704 1737,1701"/>
                <TextEquiv>
                    <Unicode>ich Ihnen den Titel schon geschrieben?</Unicode>
                </TextEquiv>
            </TextLine>
            <TextLine id="tr_1_tl_18" custom="readingOrder {index:17;}">
                <Coords points="453,1804 2011,1769 2067,1765 2069,1713 455,1744"/>
                <Baseline points="465,1782 507,1782 552,1782 597,1782 641,1779 686,1779 731,1779 776,1776 820,1776 865,1776 910,1773 955,1773 999,1773 1044,1770 1089,1770 1134,1770 1179,1770 1223,1767 1268,1764 1313,1764 1358,1764 1402,1764 1447,1761 1492,1761 1537,1758 1582,1758 1626,1755 1671,1755 1716,1755 1761,1755 1805,1752 1850,1752 1895,1749 1940,1749 1985,1749 2029,1749 2074,1752"/>
                <TextEquiv>
                    <Unicode>Anfangs wird er Ihnen wahrscheinlich nicht gefallen,</Unicode>
                </TextEquiv>
            </TextLine>
            <TextLine id="tr_1_tl_19" custom="readingOrder {index:18;}">
                <Coords points="459,1845 1750,1827 1794,1783 461,1802"/>
                <Baseline points="471,1835 501,1835 546,1835 591,1835 635,1829 680,1832 725,1832 770,1829 814,1829 859,1829 904,1826 949,1826 994,1823 1038,1823 1083,1823 1128,1823 1173,1823 1217,1820 1262,1820 1307,1817 1352,1817 1397,1814 1441,1814 1486,1814 1531,1811 1576,1811 1620,1811 1665,1811 1710,1808 1755,1808 1799,1805"/>
                <TextEquiv>
                    <Unicode>aber er ist gut,- auch praktischügenommen.</Unicode>
                </TextEquiv>
            </TextLine>
            <TextLine id="tr_1_tl_20" custom="readingOrder {index:19;}">
                <Coords points="463,1901 2009,1887 2009,1825 1912,1804 465,1847"/>
                <Baseline points="474,1889 492,1886 537,1886 582,1883 626,1883 671,1880 716,1880 761,1874 805,1877 850,1877 895,1877 940,1877 985,1877 1029,1874 1074,1874 1119,1877 1164,1877 1208,1871 1253,1871 1298,1868 1343,1868 1388,1865 1432,1865 1477,1862 1522,1862 1567,1862 1611,1859 1656,1859 1701,1856 1746,1856 1791,1856 1835,1856 1880,1856 1925,1853 1970,1847 2014,1841"/>
                <TextEquiv>
                    <Unicode>Ich lose: Rosenkranz, Diderot; - Keller,Musikge-</Unicode>
                </TextEquiv>
            </TextLine>
            <TextLine id="tr_1_tl_21" custom="readingOrder {index:20;}">
                <Coords points="453,1947 532,1957 581,1945 592,1955 614,1940 699,1945 718,1928 796,1947 809,1934 896,1930 898,1895 854,1909 836,1895 790,1909 741,1885 716,1907 691,1891 641,1901 629,1887 608,1903 577,1893 455,1903"/>
                <Baseline points="465,1934 501,1934 546,1934 591,1934 635,1934 680,1931 725,1928 770,1928 814,1928 859,1928 904,1919"/>
                <TextEquiv>
                    <Unicode>schichte u. a.-</Unicode>
                </TextEquiv>
            </TextLine>
            <TextLine id="tr_1_tl_22" custom="readingOrder {index:21;}">
                <Coords points="465,1998 1895,1972 1934,1922 465,1945"/>
                <Baseline points="477,1982 504,1985 549,1985 594,1985 638,1985 683,1982 728,1982 773,1979 817,1979 862,1979 907,1976 952,1976 997,1976 1041,1973 1086,1973 1131,1970 1176,1970 1220,1970 1265,1967 1310,1967 1355,1964 1399,1964 1444,1964 1489,1961 1534,1961 1579,1961 1623,1958 1668,1955 1713,1955 1758,1955 1802,1955 1847,1955 1892,1952 1937,1949"/>
                <TextEquiv>
                    <Unicode>Vorgelesen wurde mir - ein fünfaktiges Drama in</Unicode>
                </TextEquiv>
            </TextLine>
            <TextLine id="tr_1_tl_23" custom="readingOrder {index:22;}">
                <Coords points="465,2052 1829,2036 1961,2017 1961,1955 468,1996"/>
                <Baseline points="477,2035 489,2035 534,2038 579,2035 623,2038 668,2038 713,2035 758,2035 802,2032 847,2032 892,2032 937,2032 982,2029 1026,2029 1071,2026 1116,2026 1161,2026 1205,2023 1250,2023 1295,2020 1340,2020 1385,2020 1429,2017 1474,2017 1519,2014 1564,2014 1608,2014 1653,2011 1698,2011 1743,2011 1788,2014 1832,2011 1877,2005 1922,2005 1967,2008"/>
                <TextEquiv>
                    <Unicode>Verson, in dem aber gewiss Talent steckt; Phryne</Unicode>
                </TextEquiv>
            </TextLine>
        </TextRegion>
        <TextRegion id="tr_2" custom="readingOrder {index:1;}">
            <Coords points="471,2003 2125,2003 2125,2863 471,2863"/>
            <TextLine id="tr_2_tl_1" custom="readingOrder {index:0;}">
                <Coords points="457,2104 1959,2081 2003,2021 459,2052"/>
                <Baseline points="471,2092 486,2092 531,2092 576,2092 620,2089 665,2089 710,2086 755,2086 799,2086 844,2086 889,2086 934,2086 979,2086 1023,2083 1068,2080 1113,2080 1158,2080 1202,2080 1247,2077 1292,2077 1337,2074 1382,2074 1426,2074 1471,2074 1516,2071 1561,2071 1605,2071 1650,2068 1695,2068 1740,2068 1785,2065 1829,2065 1874,2065 1919,2062 1964,2062 2008,2053"/>
                <TextEquiv>
                    <Unicode>von Leo Ebermann, der mich aber als Mensch und be-</Unicode>
                </TextEquiv>
            </TextLine>
            <TextLine id="tr_2_tl_2" custom="readingOrder {index:1;}">
                <Coords points="463,2170 1920,2141 1994,2127 1994,2077 465,2106"/>
                <Baseline points="474,2149 519,2149 564,2146 608,2143 653,2143 698,2140 743,2140 788,2143 832,2140 877,2137 922,2137 967,2137 1011,2137 1056,2134 1101,2134 1146,2134 1191,2134 1235,2131 1280,2131 1325,2131 1370,2128 1414,2125 1459,2125 1504,2125 1549,2125 1594,2125 1638,2125 1683,2122 1728,2119 1773,2122 1817,2119 1862,2122 1907,2119 1952,2119 1997,2116"/>
                <TextEquiv>
                    <Unicode>sonders als Vorleser sehr nervös macht: er posirt</Unicode>
                </TextEquiv>
            </TextLine>
            <TextLine id="tr_2_tl_3" custom="readingOrder {index:2;}">
                <Coords points="465,2203 588,2199 627,2218 699,2199 743,2216 803,2189 846,2216 900,2191 1150,2193 1150,2164 1088,2170 1039,2143 465,2160"/>
                <Baseline points="477,2194 483,2194 528,2196 573,2196 617,2194 662,2194 707,2191 752,2191 797,2188 841,2185 886,2188 931,2188 976,2188 1020,2185 1065,2185 1110,2185 1155,2188"/>
                <TextEquiv>
                    <Unicode>auf guten Sprecher...</Unicode>
                </TextEquiv>
            </TextLine>
            <TextLine id="tr_2_tl_4" custom="readingOrder {index:3;}">
                <Coords points="517,2263 612,2259 633,2269 654,2253 666,2259 697,2253 739,2265 753,2251 768,2253 768,2222 749,2222 720,2207 687,2214 660,2201 648,2211 573,2211 565,2218 540,2205 517,2218"/>
                <Baseline points="529,2246 576,2241 620,2247 665,2244 710,2244 755,2244 773,2247"/>
                <TextEquiv>
                    <Unicode>Kirryne..</Unicode>
                </TextEquiv>
            </TextLine>
            <TextLine id="tr_2_tl_5" custom="readingOrder {index:4;}">
                <Coords points="465,2313 1825,2282 1651,2222 468,2261"/>
                <Baseline points="477,2298 486,2301 531,2301 576,2298 620,2298 665,2298 710,2298 755,2298 799,2295 844,2295 889,2292 934,2292 979,2289 1023,2289 1068,2289 1113,2289 1158,2289 1202,2286 1247,2286 1292,2283 1337,2283 1382,2283 1426,2280 1471,2280 1516,2277 1561,2277 1605,2277 1650,2274 1695,2274 1740,2274 1785,2274 1829,2274"/>
                <TextEquiv>
                    <Unicode>Gawiss.. du darrfst nicht länger lebohn...</Unicode>
                </TextEquiv>
            </TextLine>
            <TextLine id="tr_2_tl_6" custom="readingOrder {index:5;}">
                <Coords points="459,2371 2040,2344 2118,2334 2120,2286 459,2315"/>
                <Baseline points="471,2355 513,2352 558,2355 602,2352 647,2349 692,2349 737,2346 782,2346 826,2346 871,2346 916,2346 961,2346 1005,2343 1050,2343 1095,2343 1140,2340 1185,2337 1229,2337 1274,2337 1319,2337 1364,2337 1408,2337 1453,2334 1498,2337 1543,2331 1588,2328 1632,2328 1677,2328 1722,2328 1767,2328 1811,2325 1856,2328 1901,2325 1946,2325 1991,2325 2035,2322 2080,2322 2125,2319"/>
                <TextEquiv>
                    <Unicode>Meine Gerechtigkeit hat Orgien gefeiert; eigentlich</Unicode>
                </TextEquiv>
            </TextLine>
            <TextLine id="tr_2_tl_7" custom="readingOrder {index:6;}">
                <Coords points="463,2414 2011,2402 2025,2338 465,2369"/>
                <Baseline points="474,2402 507,2405 552,2405 597,2405 641,2402 686,2402 731,2399 776,2399 820,2399 865,2399 910,2399 955,2396 999,2396 1044,2394 1089,2394 1134,2391 1179,2394 1223,2391 1268,2391 1313,2391 1358,2388 1402,2388 1447,2385 1492,2385 1537,2382 1582,2382 1626,2382 1671,2382 1716,2379 1761,2376 1805,2376 1850,2376 1895,2373 1940,2376 1985,2376 2029,2379"/>
                <TextEquiv>
                    <Unicode>wollte ich ihm ununterbrochen Ihre Büste "in' Kopp</Unicode>
                </TextEquiv>
            </TextLine>
            <TextLine id="tr_2_tl_8" custom="readingOrder {index:7;}">
                <Coords points="463,2474 1796,2462 1984,2435 1984,2396 465,2416"/>
                <Baseline points="474,2459 510,2456 555,2456 599,2456 644,2456 689,2453 734,2453 779,2450 823,2444 868,2441 913,2447 958,2447 1002,2447 1047,2447 1092,2444 1137,2444 1182,2441 1226,2441 1271,2438 1316,2438 1361,2438 1405,2438 1450,2438 1495,2432 1540,2432 1585,2432 1629,2432 1674,2432 1719,2429 1764,2429 1808,2429 1853,2426 1898,2426 1943,2423 1988,2420"/>
                <TextEquiv>
                    <Unicode>hereinhaun".- (Lachen Sie nicht; der Kellner be-</Unicode>
                </TextEquiv>
            </TextLine>
            <TextLine id="tr_2_tl_9" custom="readingOrder {index:8;}">
                <Coords points="465,2524 571,2516 625,2534 689,2511 734,2524 809,2511 838,2520 892,2503 925,2516 927,2480 869,2478 807,2454 763,2462 734,2485 710,2466 567,2480 468,2472"/>
                <Baseline points="477,2510 483,2510 528,2510 573,2510 617,2510 662,2507 707,2504 752,2504 797,2504 841,2504 886,2498 931,2501"/>
                <TextEquiv>
                    <Unicode>obachtet Sie. -</Unicode>
                </TextEquiv>
            </TextLine>
            <TextLine id="tr_2_tl_10" custom="readingOrder {index:9;}">
                <Coords points="459,2574 1920,2555 1938,2482 461,2520"/>
                <Baseline points="471,2564 510,2564 555,2564 599,2564 644,2561 689,2558 734,2558 779,2558 823,2558 868,2558 913,2558 958,2555 1002,2552 1047,2552 1092,2549 1137,2549 1182,2549 1226,2549 1271,2546 1316,2546 1361,2546 1405,2546 1450,2543 1495,2543 1540,2540 1585,2540 1629,2540 1674,2537 1719,2537 1764,2537 1808,2534 1853,2534 1898,2534 1943,2534"/>
                <TextEquiv>
                    <Unicode>Leben Sie wohl, schreiben Sie mir, und seien Sie</Unicode>
                </TextEquiv>
            </TextLine>
            <TextLine id="tr_2_tl_11" custom="readingOrder {index:10;}">
                <Coords points="463,2627 571,2648 747,2617 768,2634 856,2615 902,2640 937,2617 1045,2636 1082,2627 1084,2563 854,2567 811,2588 776,2565 751,2582 668,2582 650,2565 465,2576"/>
                <Baseline points="474,2620 504,2617 549,2614 594,2617 638,2614 683,2611 728,2611 773,2611 817,2608 862,2608 907,2608 952,2608 997,2605 1041,2602 1086,2602"/>
                <TextEquiv>
                    <Unicode>herzlichst gegrüsst.</Unicode>
                </TextEquiv>
            </TextLine>
            <TextLine id="tr_2_tl_12" custom="readingOrder {index:11;}">
                <Coords points="1117,2671 1206,2675 1272,2650 1299,2673 1390,2658 1440,2679 1477,2662 1477,2605 1394,2596 1376,2611 1332,2600 1278,2617 1181,2602 1117,2607"/>
                <Baseline points="1128,2650 1173,2653 1217,2650 1262,2650 1307,2650 1352,2650 1397,2650 1441,2650 1483,2650"/>
                <TextEquiv>
                    <Unicode>Ihr Arthur</Unicode>
                </TextEquiv>
            </TextLine>
            <TextLine id="tr_2_tl_13" custom="readingOrder {index:12;}">
                <Coords points="470,2780 548,2805 799,2770 844,2793 892,2766 995,2793 1146,2766 1289,2778 1289,2704 1262,2696 1214,2722 1005,2706 972,2729 908,2704 865,2729 813,2708 768,2729 472,2731"/>
                <Baseline points="483,2773 489,2773 534,2770 579,2770 623,2767 668,2770 713,2767 758,2767 802,2767 847,2767 892,2761 937,2761 982,2764 1026,2761 1071,2758 1116,2758 1161,2755 1205,2755 1250,2755 1295,2755"/>
                <TextEquiv>
                    <Unicode>(nach Rom Hotel Quirinal)</Unicode>
                </TextEquiv>
            </TextLine>
            <TextLine id="tr_2_tl_14" custom="readingOrder {index:13;}">
                <Coords points="1113,2857 1132,2859 1144,2871 1169,2859 1183,2867 1204,2859 1212,2865 1235,2855 1260,2859 1262,2820 1225,2826 1221,2820 1214,2822 1181,2809 1140,2826 1115,2824"/>
                <Baseline points="1125,2853 1131,2853 1176,2847 1220,2847 1265,2850"/>
                <TextEquiv>
                    <Unicode>====</Unicode>
                </TextEquiv>
            </TextLine>
        </TextRegion>
    </Page>
</PcGts>
