2578 3990
1970 276 2304 386 , '̃
1867 297 1957 384 xx
1441 288 1851 414 ' ̃  =
2341 326 2425 399 1 - 4
923 299 1209 403 :o. v. w.
1069 729 1197 825 -83-
1949 794 2085 873 143
1308 815 1798 927 Tarvis,29.7.99.
445 869 758 952 Telegramm
460 925 1920 1032 Gedenken morgen Frühstunde Villach Hotel Mosser
462 980 2011 1076 verlassen Vormittag bei Ihnen sein - Spital
460 1063 1642 1140 übernachten, übermorgen Toblach reisen.
460 1128 1023 1214 Herzlichst Arthur.
466 1197 940 1318 (nach Seeboden)
2024 1291 2145 1383 144
1299 1404 1445 1466 Spitt
1322 1385 2122 1512 Eben schlägt s 7.7.97 Ihr Früh.
466 1489 2080 1600 Lieber; es ist absolut unsinnig, am 1.Tag sich so ra-
474 1554 2045 1652 send zu straatsziren, insbesonders wenn der 2.Tag die
480 1617 2028 1702 schwierigste Partie (Giau) enthält und da wir doch
476 1669 2003 1757 immer möglichst arbeitsfrisch bleiben wollen. Wir
472 1721 1972 1811 werden daher die Tour I in 2 Tage zerlegen, dafür
474 1761 2024 1859 am 1.Tag den Pragser See mitnehmen. Dann bleibt es
478 1809 2034 1903 auch gewahrt, dass alle Nachmittage frei sind.- Ich
474 1867 2009 1963 schreibe Ihnen das gleich hier, um nicht nervös zu
480 1922 1531 2014 sein. — Herzlichst grüsst -hr A.S.
472 2018 942 2101 (nach Seeboden)
998 2062 1092 2143 nde — —
2020 2118 2135 2222 145
1260 2118 1738 2243 Toblach, 1.8.99.
472 2245 2039 2333 Lieber Richard, heute hab ich in Schluderbach wegen
472 2310 2055 2390 Führer resp. Träger gesprochen, wir werden einen für
476 2364 2049 2446 die gz. Tour nehmen, zusammen 6 fl. per Tag und Ver-
483 2419 2162 2494 pflegung. Aber telegr. Sie mir rechtzeitig Donnerstag.-
480 2469 1477 2540 Haben Sie Nachricht von Rob.H.?-
478 2523 1345 2619 Herzlichen Gruss Ihr Arthur.
489 2613 967 2711 (nach Seeboden)
1003 2711 1161 2788 ==== =====
