2450 4008
1960 280 2202 388 V. W. O. F.
1662 304 1793 413 1/4
1109 871 1206 938 -9-
1479 934 1884 1032 Wien, 11.1.93.
451 1049 1890 1167 Lieber Richard, der kleine Kraus wird Ihnen für
487 1119 1920 1206 Samstag Abend einen Sitz zu den Räubern in Ru-
457 1177 1791 1264 dolfsheim (Franz Moor - Herr Kraus) senden.
449 1216 1904 1320 Bitte gehen Sie, wir gehen alle. Sollte ich Sie
451 1260 1936 1367 nicht früher sehen, so wollen wir uns vielleicht
463 1308 1991 1429 im Griensteidl um 6 Uhr Abds. treffen. Herzlichst
457 1419 815 1501 Ihr Arthur
469 1489 1306 1588 (Nach Wien I. Wollzeile 15).
1455 1670 1823 1755 ℥ⵥⴾⵜⵔⴱ
1312 1723 1785 1807 Abbazia, 5.3.93.
1344 1793 1598 1878 Sonntag.
475 1870 2045 1993 Lieber Richard, für die Anempfehlung von Quisisana
1222 1928 1982 2001 Ich fühle mich hier sehr
479 1958 1200 2039 meinen besten Dank!
481 1964 2041 2085 wohl, und habe überdies ein sehr hübsches Parterre-
491 2041 2001 2150 zimmer mit Ausblick aufs weite Meer, das herrlich-
481 2075 1991 2196 ste Wetter (kenne keinen Ueberzieher mehr) und
487 2123 1866 2234 sehr sympathische Gesellschaft (die malende
491 2168 1997 2298 Schwester Rosenthals und die Sophie Link, seit 6
523 2226 1926 2335 Wochen in Berlin verheiratet) - Ich bin meist
491 2258 2089 2383 im Freien, und tendle zwischen Lovrana und Voloska
493 2315 1966 2435 hin und her.- gearbeitet - wenig; immerhin ein
501 2371 2081 2490 Stück der Nevellette.- Die "Familie" du chgelesen,
493 2415 2047 2544 merke, dass was fehlt, und bin nicht recht klar was.
503 2463 2015 2594 Ich werde es auch jedenfalls in 2-3 Wochen vorle-
499 2512 2019 2629 sen, aber um Rathschläge ersuchen müssen. Keines-
503 2562 2027 2697 wegs lese ich, bevor wir Ihre Novelle zu hören be-
499 2606 1970 2745 kommen, was hoffentlich kurz nach meiner Ankunft
497 2659 2089 2806 möglich sein wird! - Ich denke nicht gern ans Fort-
509 2713 2001 2846 reisen; die Ruhe hier tut mir ganz unbeschreib-
509 2759 1968 2910 lich wohl; wäre ich mein eigener Herr,so blieb'
511 2818 2069 2981 ich zwei Monate da. Wenn man auch nicht arbeitet,
