2397 3989
1215 280 1308 391 n. 1
1781 753 1932 845 309
910 923 1079 1037 -105-
1768 1001 1913 1093 201
1083 1018 1585 1131 Wien. 23.8.1903.
217 1104 555 1194 Telegramm.
217 1165 1909 1272 Ich bitte Sie also Mittwoch halb eins Schopenhauergas-
227 1255 1882 1358 se 37 als Beistand zu fungiren und die Sache durchaus
227 1314 1150 1398 als vertraulich zu behandeln.
225 1362 929 1465 Herzlichst Ihr Arthur.
227 1449 654 1575 (nach Rodaun)
1180 1608 1661 1711 Wien.23.8.1903.
1789 1594 1928 1709 202
257 1697 1846 1787 Lieber Richard, mein Telegramm ist eben an Sie abge-
257 1783 1785 1848 gangen; ich füge brieflich den Vorschlag bei, dass
257 1819 1846 1896 Sie dann gleich bei uns in der Gentzgasse essen mö-
254 1880 1854 1943 gen, Vielleicht hat Ihre Frau am gleichen Tag etwas
257 1936 1905 2004 in Wien zu thun, und dann gilt das gleiche, ebenso herz
257 1987 690 2058 lich, für sie.
248 2029 1880 2098 Möchten Sie mir auch in Kürze mittheilen, wie Sie das
248 2086 1785 2159 s.Z. in Ihrem Fall mit Honoraren und Trinkgeldern
263 2138 1529 2201 (von den Taxen abgesehen) gehalten haben?
257 2172 1842 2254 Ich verständige niemanden von dem Vorgang,ehe meine
248 2245 1917 2309 Mama wieder zurück ist, der ich auch erst dann Mitthei-
250 2298 1873 2367 lung machen werde. Also bagen Sie bitte auch nie man-
257 2346 719 2416 dem was davon.-
248 2395 1825 2466 Meine Reise war sehr schön; das neue Hotel in Riva
250 2447 1810 2512 scheint angenehm zu sein; ich denke mit Olga mitte
248 2475 1907 2597 September dorthin zu reisen. Vielleicht später Maran.
250 2557 952 2651 Herzlichst Ihr Arthur.
246 2649 450 2733 (r.o.)
