2427 4007
1464 278 1559 369 Juli
1851 284 1961 383 17/1
333 282 902 397 V-V:V:A:S:' 'V:'V:S'
2092 740 2234 847 45
1129 817 1235 914 -3-
499 896 669 971 B.-H.
1310 904 1882 1006 Wien, 11.März 1892.
505 981 2135 1121 Lieber Richard, Kalka habe ich die letzten Tage nicht
503 1064 2078 1180 gesehn. Das letzte Mal an unserm Vereinsabend, der
505 1125 2080 1219 nur einen Lichtpunkt hatte: Bahrs "treue Adele" von
503 1176 2100 1269 bahr vorgelesen. Er las entzückend. Meixner las Pa-
513 1225 2056 1324 rabeln von Kalka und ein Gedicht (von) Liliencron
511 1279 1952 1381 sehr schlecht vor. Polland das Kaffeehaus von
543 1324 2161 1419 Salten, Gedichte von Loris, Korff und mir unbeschreib-
507 1375 2072 1484 lich entsetzlich. Es ist unmöglich sich von dieser
519 1435 2082 1527 talentlosen Brüllerei einen Begriff zu machen,wenn
503 1484 2009 1594 man nicht dabei war.- Zum Schluss wurde getanzt.
560 1561 1198 1640 Von mir nicht, bitte.
509 1579 2105 1675 Blumenthal war hier, ich sprach ihn. Er will Kürzun-
517 1634 1993 1748 gen und einige Aenderungen am Mährchen. Einiges
525 1679 2105 1780 wird sich wohl thun lassen; ich habe mich schön da-
523 1725 2060 1829 ran gemacht, und die schöne Fremdheit, die mich vom
517 1778 2107 1892 Märchen bereits trennt, lässt mich die Dinge leich-
525 1827 2013 1932 ter vollbringen. Dass Blumenthal auch den Titel
523 1873 2115 1991 des Stücks geändert haben möchte, ist Caesarenwahn¬
525 1934 2050 2044 sinn. Es ist ihm auch schon selbst ein neuer ein-
535 1973 2084 2094 gefallen - erschrecken Sie nicht - "die Vergangen-
523 2025 2098 2145 heit." Erkennen Sie ihn!? Und noch immer lässt man
529 2060 2151 2196 die erst-und zweitgradigen frei herumlaufen, die doch
523 2123 2121 2238 nur dazu da sind, um den dritt-und viertgradigen das
535 2228 2094 2344 Gestern hab ich mein neues Stück begonnen. Ausser-
527 2216 1158 2305 Leben zu vermiessen.
535 2277 2096 2399 dem schreibe ich slowly, langsam an meiner Novelle.
543 2319 2105 2443 Fortane (Verlag) hat mich freundlichst ersucht, den
543 2376 2100 2494 Anatol-Cyclus - nicht einzusenden, „da sie kaum die
541 2421 2094 2553 Zeit finden dürften, meiner Sammlung einen sorgfäl-
549 2474 2098 2593 tigen und energischen Vertrieb angedeihen zu las-
606 2585 2184 2697 Aus den „Aveugles“ scheint wirklich was zu werden,
547 2573 927 2658 sen etc. etc.
1229 2624 2169 2719 Pantamime noch Abschiedssouper
1367 2670 2182 2759 "l'Intrus".- Zu den beiden
543 2664 1204 2770 Doch soll dazu weder
549 2713 1389 2804 gegeben werden, sondern xxx
554 2733 2167 2851 ein Vortrag von Bahr. Später soll ein Pantomimen u.
551 2784 2123 2905 Lustspielabend arrangiert werden. Man kam mit dem
562 2828 2098 2960 fait accompli zu uns, das freilich meinen Beifall
554 2946 920 3041 nicht hat. -
