2427 4007
1705 285 1917 349 Votre â¢
1941 281 2085 374 ' ̃
1295 293 1471 404 I. I.
1172 812 1271 895 -7-
473 927 644 1008 B.-H.
1479 957 1893 1040 Wien, 24.8.92
2002 957 2095 1030 10
485 1052 1879 1147 Lieber Richard, ich theile Ihnen mit, dass ich
481 1133 1974 1190 Samstag in Ischl eintreffen werde; wo ich wohne
491 1182 2046 1242 ist noch nicht bestimmt - Leopold wahrscheinlich -
479 1226 1935 1311 möglich Elisabeth. - Viele herzliche Grüsse bis
485 1297 755 1368 dahin! -
485 1321 1909 1402 Meine Absicht ist es, Touren zu machen; jawohl
491 1380 2056 1456 lachen Sie nicht; ich brauche nothwendig physische
491 1436 1965 1505 Bewegung, vielleicht sogar Abmattung, um mich aus
487 1493 1996 1561 einer unerträglichen Dumpfheit des Seelischen zu
487 1541 1943 1616 retten. Ich freue mich auf Sie, ich hofte sogar
487 1604 1113 1705 auf Sie. Ihr Arthur
499 1695 1281 1794 (Nach Ischl, Grazerstr.6)
1147 1802 1319 1875 ====
1517 1879 1939 1970 Riva, 13.9.92.
493 1988 2024 2075 Lieber Richard,-es ist so schwer Ihnen zu schrei¬
499 2042 2036 2125 ben! Sie wissen ja alles.- Der tiefblaue See! der
505 2103 1941 2182 italienische Himmel. Die Einwohner, die nichts
493 2147 2101 2234 zu tun haben, Kinder, die in der Kirche spielen. Ein
501 2212 1992 2291 kleines Mädel mit lächerlich schwarzem Haar, die
501 2258 2091 2329 wie ich vor einem verhüllten Altarbild stehe, plötz-
501 2309 1939 2392 mittels eines herabhängenden Stricks die Hülle
505 2343 2054 2440 fallen lässt - und da ist nun die brave unbefleck-
511 2400 2060 2489 te Maria dahinter, was ja nicht einmal eine Ueber-
505 2466 2062 2543 raschung ist.- Ein Balkon, auf dem die Sonne liegt,
511 2507 1978 2584 und unten der Park, und weiter, nun natürlich, der
507 2567 2103 2628 See, der See, der tiefblaue See. Uns gegenüber Berge.
537 2610 2093 2695 Das Hotel deutsch, posirt nur ein wenig das italie-
499 2666 2119 2755 nische durch Fliegen und zarte Unreinlichkeit. Schön,
537 2707 2105 2794 sehr schön.- Und ich verstimmt. Wenn ich mich nicht
505 2765 2040 2860 schämte, würd ich sagen: traurig.- Viele herzliche
505 2840 947 2933 Grüsse Arthur.
507 2919 1299 3032 (Nach Ischl, Grazerstr. 6.)
1246 3038 1359 3109 -- — —
