2396 4040
193 330 293 430 xx
975 311 1424 436 Votreur sérieuse, et c'est avec le
568 340 744 465 1
705 793 875 887 -145-
1705 834 1834 930 320
951 867 1498 973 Brioni, 20.8.1913.
125 971 1711 1086 Wir fahren Freitag Abend von hier nach Venedig, wol-
125 1024 1721 1139 len Samstag Vormittag an den Lido kommen und werden
137 1094 1635 1190 wohl drüben speisen, - freuen uns herzlich Sie zu
133 1137 1598 1248 sehen. Eine ev. Nachricht trifft uns in Venedig
131 1201 1594 1291 Grand Hotel. Die herzlichsten Grüsse Ihre Olga,
131 1248 1713 1340 Sonntag oder spätestens Montag fahren wir nach Mai-
129 1309 1453 1416 land, ev. Engadin weiter. Herzlichst Ihr A.
135 1412 807 1532 (nach Venedig, Lido) -
1727 1453 1842 1545 321
969 1465 1512 1596 Maloja, 27.8.1913.
137 1592 1784 1694 Herzliche Grüsse. Wir sind vom Engadin ganz entzückt.
143 1672 1668 1750 Der angenehmen Lido-Stunden gern gedenkend Ihr E.
137 1721 1733 1803 Hier ist die Welt besonders schön! Alles Herzliche,
639 1778 967 1862 Ihre Olga.
117 1881 592 1989 (nach Venedig)
1737 1971 1887 2090 am 322
1012 2002 1578 2104 Salzburg, 2.2.1914.
180 2120 1160 2254 Herzliche Grüsse! Arthur Olga.
188 2243 545 2358 (nach Wien)
983 2370 1438 2463 Wien.9.4.1914.
1797 2372 1916 2473 323
191 2444 1787 2594 Herzliche Grüsse. Wir freuen uns, dass es Ihnen wohl
195 2530 1811 2641 gefällt und gut geht, und wagen es ohne Fragezeichen,
199 2594 1789 2676 die auch nichts nützen, ein gutes Wiederschen zu er-
199 2655 1012 2756 hoffen. Ihr Arthur. Olga.
197 2715 1235 2868 (nach Menton,Hotel Regina Palace)
