2336 3994
1413 268 1830 412 V.J.C.
295 264 1156 400 '̃ ̃
2170 291 2284 404 ...
1830 748 1940 846 138
920 756 1071 837 -81-
1386 829 1770 926 Wien, 6.7.99.
321 918 1936 1084 Lieber, Mayer kommt keineswegs mit; hat er Ihnen noch
397 1039 1866 1169 Ich komme Mitte Juli nach Velden zu meiner Mama,
332 1041 899 1135 nicht geschrieben?
342 1073 2042 1241 besuche Sie dann gleich (oder Sie mich?) wir besprechen
357 1139 1970 1277 dann näheres. Eigentlich möcht ich am 31.Juli in Bay-
357 1243 1995 1375 Es ärgert mich dass Sie mir mit keinem Wort schreiben
353 1239 1065 1341 reuth zu Parsifal sein.
351 1298 1868 1411 was Sie thun oder nicht thun.- Den Todten muss es
1305 1349 1864 1428 "Erleben" nennen. -
363 1375 1284 1477 sehr komisch vorkommen,was wir
359 1449 1043 1543 Herzlichst Ihr Arthur.
372 1530 865 1636 (nach Seeboden)
948 1647 1111 1713 ====  =
1887 1624 2010 1702 120
1405 1685 1817 1772 Wien, 13.7.99.
376 1785 2025 1921 Lieber Richard, wenn Sie schon nichts von sich schrei¬
382 1823 2048 1970 ben wollen, bitte sehr, es handelt sich auch ein bischen
382 1898 1919 2025 um mich. Sie schreiben heute, wir sind "vielleicht"
391 1946 1983 2087 ein paar Tage zusammen, während doch sowohl von einer
391 2002 2057 2138 gemeinschaftlichen Tour als von einem möglichen kurzen
389 2066 1889 2191 Aufenthalt meinerseits in Millstadt die Rede war.
397 2110 1927 2240 Also schreiben Sie freundlichst wenigstens so viel
397 2176 1742 2284 von sich, dass ich mich danach richten kann.
393 2257 1160 2338 Noch hieher, aber gleich.
400 2293 1290 2410 Herzlichen Gruss. Ihr Arthur.
406 2406 892 2516 (nach Seeboden).
1912 2416 2014 2497 139
984 2467 1148 2539 ====  =====
1398 2516 1817 2614 Wien, 11.7.99.
406 2620 1987 2743 Lieber Richard, meine Absicht ist, Montag nach Velden
419 2650 2129 2803 zu reisen. Schreiben Sie mir vorher ein Wort. Von Velden
414 2728 2046 2843 aus möchte ich Sie eventuell Mittwoch oder Donnerstag
414 2794 1917 2911 besuchen. Sagen Sie mir - auf wie lang Sie event.
412 2837 1859 2960 Seeboden verlassen könnten. Herzlich Ihr Arthur.
