2405 4041
939 813 1123 937 -113-
1926 841 2052 946 220
1157 901 1751 1023 Sonntag,26.2.1905.
386 986 845 1100 Lieber Richard
397 997 1954 1136 ich reise am Freitag 3.Genua zu Mittelmeerzwecken;
393 1089 1921 1189 und, unter günstigen Umständen bin ich erst gegen
399 1140 1913 1238 den 20. wieder hier. Könnte man sich nicht vorher
401 1179 1973 1294 doch einmal sehen? Den Hugo's hab ich für Mittwoch
391 1247 1919 1343 Abend, Hietzing geschrieben; kommen Sie etwa auch
406 1298 1885 1392 mit Paula? Oder wollen Sie nicht endlich einmal
399 1381 858 1456 bei uns essen?
406 1396 1606 1499 Lassen Sie gelegentlich ein Wort hören.
401 1490 950 1576 Herzlichst Ihr A.
401 1554 828 1680 (nach Rodaun)
1326 1691 2041 1796 Pegli 4.3.1905.  22
401 1783 831 1883 Herzlichst A.
1337 1879 1838 2018 Wien, 23.3.1905.
408 1996 2124 2112 Lieber Richard, ich höre, dass Sie krank waren, bitte 222
412 2073 1926 2165 um ein Wort wie's Ihnen geht. Ferner hör ich und
414 2133 2009 2214 weiss ich, dass Sie täglich in Wien sind und Wohnun-
421 2182 1951 2278 gen ansehn. Da Sie in unserer Gegend suchen dürf-
421 2233 1958 2323 ten, könnten Sie wirklich einmal mit Paula bei uns
416 2276 2018 2372 speisen. Vielleicht nächste Woche. Oder mit uns bei
421 2336 1900 2423 meiner Mama. Nicht das Speisen ist mir übrigens
427 2419 888 2498 die Hauptsache.
478 2419 1936 2521 Die Reise war sehr schön; die See beinah immer
427 2515 965 2592 vollkommen still.
427 2521 1847 2673 Schreiben Sie mir ein Wort. Herzlichst Ihr A.
425 2652 880 2756 (nach Rodaun)
