2510 4040
1010 877 1188 994 -110-
1965 930 2094 1014 214
1229 990 1721 1084 Wien.2.11.1904.
424 1102 2016 1180 Lieber Richard, ich bekomme heute beiliegendes Tele-
397 1151 2014 1231 gramm. Mir sehr ärgerlich, weil auf mein Ersuchen im
406 1217 2026 1280 Volkstheater Freiwild-Première wegen meiner Berliner
406 1268 1916 1336 Première hinausgeschoben wurde und es jetzt erst
400 1321 1946 1391 recht zu einer Collision kommen dürfte. Ich nehme
404 1373 2034 1434 an, dass nun der Graf v. Charolais gleich (vor Rueders
404 1420 2028 1483 drankommt (wobei ich allerdings noch immer nicht ver
397 1475 2036 1555 stehe, weshalb er plötzlich meine Sachen nicht besetz
397 1530 1909 1586 kann) - jedenfalls bitte ich Sie mir ein Wort zu
404 1573 2034 1639 schreiben sobald Sie aus Berlin eine Nachricht haben
404 1629 1877 1725 und mir auch dieses Telegramm zurückzuschicken.
397 1678 949 1774 Herzlichst Ihr A.
404 1776 815 1856 (nach Rodaun)
1924 1834 2055 1934 215
1203 1932 1682 2004 Wien, 9.11.1904.
1203 1973 1764 2057 XVIII. Spöttelg.7.
391 2041 2034 2102 Lieber Richard, ich fahre voraussichtlich Samstag nac
397 2090 1934 2178 Berlin. Soll ich Ihnen dort irgendwas besorgen, so
400 2143 1936 2204 schreiben Sie mir ein Wort. Meine "Première" soll
397 2192 1975 2262 am 19. sein.- Hörte von dem echt jüdischen Vorgehen
397 2252 1883 2329 Ihres Hausherrn. Immerhin wäre es eine "fertige
391 2303 563 2370 Sach.
400 2344 1967 2413 Wie gehts Ihnen denn? Ich kann die Bemerkung nicht
391 2397 1969 2469 unterdrücken, dass es mir lieber wär, wenn wir nicht
393 2444 1903 2522 so weit von einander wohnten.- Herzlichst Ihr A.
391 2555 596 2657 (w.o.)
