2405 4041
1012 813 1184 913 -114-
1940 863 2105 953 223
1320 916 1783 1012 Wien.8.5.1905.
388 945 706 1048 Telegramm
394 1001 1969 1127 Gratulire von Herzen zum Schillerpreis, freuten uns
394 1075 1984 1175 sehr. Möchte zur Charolais-Première zwei Sitze mög-
394 1133 1988 1232 lichst erste Reihe. Bitte Nachricht wann und wo ab-
392 1186 1969 1307 holbar. Viele Grüsse von Haus zu Haus. Ihr Arthur.
404 1303 815 1410 (nach Rodaun)
1303 1412 1760 1531 Wien.9.5.1905.
402 1527 2041 1642 Lieber Richard, heute erst erfahre ich, dass Ihr Onkel
400 1592 1913 1695 gestorben ist. Meine herzlichste Theilnahme! Und
1965 1613 2124 1720 224
406 1676 1699 1749 hoffentlich auf sehr baldiges Wiedersohn.
409 1739 765 1823 Ihr Arthur.
417 1810 605 1929 (w.d.)
1347 1873 1835 2001 Wien, 11.5.1905.
406 1959 867 2057 Lieber Richard
421 2003 1959 2108 ich erfahre eben von den wahnsinnigen Preisen bei
415 2068 1957 2162 Reinhardt. Also bitte (wenn Sie so gütig sind mir
2015 2082 2139 2162 225
411 2118 1984 2204 zu bestellen) nicht 1. Reihe Orchester, sondern Par-
421 2177 2009 2267 ket vorn sehr vorn. Ecke unbedingt. Ist die Bestel-
421 2231 1953 2319 lung schon erfolgt, so bitte nichts mehr zu verfü-
421 2288 1161 2395 gen.- Herzlichst Ihr A.
432 2386 624 2497 (w.o.)
1355 2447 1686 2556 23.5.1905.
417 2520 2099 2629 Lieber Richard, ich bestätige den unerwarteten Empfang
429 2587 1969 2671 des Frisch'schen Buches;- bedeutet das vielleicht
2053 2587 2210 2692 226
432 2631 1963 2734 den Anfang der Uebersiedlung? Haben Sie den Grund
432 2703 2024 2786 schon gekauft? Könnte man sich nicht wieder einmal,
429 2740 1999 2832 in Ruhe,sehen? Sprechen? Ihre Sommerpläne? Wir auf
429 2782 1990 2887 3-4 Wochen Reichenau; mehr dürfte nicht herauskom-
427 2862 1973 2931 men. - Zum Charolais (nicht gerade zur Aufführung,
427 2893 2003 3006 in der ich nur Kaysaler und Reinhardt hervorragend
453 2971 1978 3057 fand,-zunächst: Hartau) kann ich Sie immer wieder
