2469 4041
1566 283 1698 413 G.C.H.
1200 327 1331 441 11 1
1883 806 2015 900 339
835 858 1007 957 -150-
1142 911 1941 1035 Altaussee, Fischerndorf 79
1175 1022 1503 1106 20.8.1916.
309 1087 1977 1221 Lieber Richard, darf ich Sie um die grosse Gefälligkeit
321 1152 1916 1284 bitten, uns für Mittwoch oder Donnerstag Mittag zwei
323 1207 1883 1322 einbettige Zimmer (womöglich nebeneinander) in der
319 1249 1998 1375 Kaiserkrone - event. Post reserviren zu lassen? Lieber
325 1305 1895 1423 Mittwoch als Donnerstag und lieber Kaiserkrone als
319 1354 1939 1475 Post*). Ich komme bei schönem Wetter zu Fuss hinüber,
334 1421 1916 1528 ev, über Koppen oder Pötschen, wohl erst Nachmittag.
332 1459 1954 1580 Am Abend des Ankunftstages hoffen wir mit Ihnen beim
332 1509 1935 1624 S-schein zu nachtmahlen, vorher kommen wir natürlich
344 1549 1996 1685 (wenn's Innen passt) zu Ihnen. Am nächsten Tag Aschau
344 1610 1933 1729 und Retourfahrt nach Aussee. Für telegr. Verständi-
346 1660 1990 1780 gung - welcher Tag welches Hotel wären wir sehr dank-
344 1748 1177 1834 bar! Von Herzen Ihr Arthur.
346 1734 1969 1872 *) aber im Grunde gleichgiltig,insbesondere ob Mitt-
344 1855 1012 1960 woch oder Donnerstag.
355 1948 743 2057 (nach Ischl)
1901 1967 2036 2063 340
1186 2034 1830 2168 Altaussee,23.8.1916.
357 2153 1927 2290 Lieber Richard, vielen Dank für Ihre Bemühungen und
365 2202 1988 2336 das Telegramm - nun kommen wir doch nicht nach Ischl
371 2271 1935 2395 (dem Kreuz hab ich natürlich schon abtelegrafirt)
359 2319 1933 2443 nicht so sehr wegen des Wetters, als weil sich
367 2378 1956 2489 Steiners gerade für Freitag bei uns angesagt haben.
369 2422 2057 2546 — Von meiner Schwägerin kommen etwas bedenkliche Nach-
371 2470 2002 2586 richten; es ist sehr möglich, dass Olga (wenn sie das
371 2527 1975 2642 Paasvisum bekommt) auf 8-12 Tage nach Partenkirchen
369 2563 2059 2695 führt.- auch ich bemühe mich um ein Visum.- warte aber
384 2617 2009 2743 jedenfalls, wenn Olga reist, ein Telegramm von ihr aus
382 2657 2050 2798 Partenkirchen ab, ehe auch ich hinfahre. So wäre es al-
388 2722 2042 2854 so denkbar, dass wir gegen Ende des Monats in Salzburg
397 2781 2009 2892 wären, wohin ich 01 jedenfalls begleiten würde; viel-
384 2825 2040 2947 leicht haben Sie auch noch einen Salzburger Abstecher
388 2879 1918 2999 vor, und man könnte dort zusammen sein? Nach Ischl
392 2932 2048 3056 also kommen wir in den nächsten Tagen kaum. Von allem
403 2974 2080 3096 weiteren verständige ich Sie. Hören Sie was von Arthur
390 3045 1990 3150 Kaufnann? Kommt er nach Ischl? Herzlichst Ihr Arthur.
403 3129 779 3222 (nach Ischl)
