2432 4039
977 765 1154 879 -115-
293 904 1836 1036 nur beglückwünschen. Gewisse Einwendungen bleiben
295 993 1834 1093 bestehen; meine Liebe zu dem Werk erhöht und ver-
299 1064 1245 1156 tieft sich. Herzlichst Ihr A.
305 1162 718 1282 (nach Rodaun)
1203 1225 1691 1345 Wien, 26.5.1905.
1882 1264 2047 1378 227
299 1323 1868 1449 Lieber Richard, eigentlich hab ich mir gedacht, dass
311 1412 1789 1496 das viele unverständige und perfide,das Sie nun
303 1465 1905 1557 lesen mussten (mussten?),Sie kühler gelassen hätte-
311 1512 1819 1608 aber es scheint wirklich: auf etwas gefasst sein
311 1573 1842 1663 hilft uns immer nur so lange, als es nicht da ist,
305 1612 1874 1707 Mir war am zuwidersten Polgar, der mir nebstbei Ta-
313 1661 1950 1760 lent zu haben scheint und gut schreibt,- und der sich
309 1728 1817 1817 am Schluss, in seiner Sehnsucht nach dem gemeinen
317 1760 1901 1868 Kerl, so anmutig verräth. Er.hat doch bisher so sel-
317 1813 1791 1911 ten vergeblich gelechzt;- man dürfte ihm sagen:
315 1870 1911 1972 Warum in die Ferne schweifen? Ach das gemeine liegt
317 1939 1856 2017 so nah. Auch er gehört übrigens zu denjenigen,de-
317 1980 1947 2080 nen man doch einmal Zeit gönnen sollte - meinetwegen
317 2043 1880 2127 12 Jahre, damit sie ungestört ihren Grafen von Cha-
317 2090 1864 2173 rolais oder auch nur die 10 schönen Verse dichten
330 2129 1888 2230 können - dann würde man doch sehen, was herauskommt
324 2212 1608 2289 ... mit Bildung und Fleiss und Willen...
324 2247 1821 2332 - Was mich nicht hindert mit dem Wunsche mancher
324 2289 1905 2385 andern zu schliessen, dass Sie bald was neues anfan-
324 2348 1856 2442 gen—; wohl aus anderen Motiven wünsch ich das, als
324 2405 1836 2493 die manchen andern; aber ich wünsch es sehr. Vor
324 2466 1834 2530 allem darum, weil Sie dann die Empfindung hätten,
322 2501 1856 2584 dass die Leute, die über den Dichter das Charolais
330 2554 1864 2641 schreiben, eigentlich nicht mehr über Sie, sondern
324 2609 1832 2688 über einen andern schreiben, und es ist Einem, ich
326 2652 1919 2743 versichere Sie, ziemlich gleichgültig.
324 2721 1638 2794 was die Leute über einen andern schreiben.
330 2778 1893 2847 — Heute erst hab ich wieder Ihren Grund bewundert.
322 2816 1809 2910 Frl. Erl, die mit uns war, sagte; Wieso ist er ihm
319 2890 1276 2981 noch nicht weggekauft worden? -
