2400 3994
212 255 348 405 1.4.
1964 267 2108 382 : 1:
621 271 1026 397 Votre très-ciès de l'â¬
1018 804 1153 886 -23-
1970 844 2065 941 41
1228 893 1707 988 Wien, 9. Sept. 94.
462 1020 910 1113 Lieber Richard
812 1041 1694 1151 geht eben unter Kreuzband ab.
479 1109 1987 1211 2. ) an P.Horn schrieb ich, weil Schenker immer be¬
467 1100 606 1166 1) B
471 1162 1945 1255 setzt ist und das telefoniren mich nervös macht.
473 1226 1887 1313 Ich bat ihn, Ihnen direct sofort zu antworten.
475 1277 1550 1361 3. ) Bahr werde ich morgen sprechen.
467 1323 1488 1406 4.) Adele S. wohnt Opernring 19.
812 1363 1923 1442 Artikel der Marholm ist sehr schön,
473 1395 785 1469 5.) Der
473 1419 1877 1510 sehr werthvoll besonders.- Hiess "Ein Märchen
479 1446 1978 1563 und beschäftigt sich nach 1½ Seiten allg. Einlei-
488 1516 1997 1620 tung auf 2 1/2 Seiten mit mir.- (Bestellt;Sie krie-
484 1595 884 1675 gen ihn dann)
488 1597 1997 1724 6.) Vergessen Sie nicht mir den Stock, welcher in
503 1665 2023 1768 Ihrer Hand so elegant wird, nach Wien zu schicken.
490 1743 1045 1817 7. ) Glücklicher! -
479 1777 1363 1885 Herzliche Grüsse Ihr Arthur
526 1866 1330 1985 (nach Ischl Egelmoos 22 )
1045 1980 1181 2070 ----
1981 2042 2084 2129 42
1325 2038 1734 2152 Wien.29.9.94
488 2161 1961 2280 Lieber Hichard, zwei (due) Karten hab ich Ihnen
500 2218 2019 2328 nach Pallenza geschrieben - das ist doch mehr als
505 2280 1834 2385 Mau? - Sie sind offenbar verloren gegangen.
528 2309 1930 2451 Wer,- ich? (Leon und Waldberg,Blumenthal und
503 2366 1813 2483 Kadelburg, Brociner und Gerhard) J.
515 2409 2034 2525 Gestern Eröffnung Josefstadt; mit Dank des Herrn
515 2470 2012 2583 Léon im Frack, mit gekränkter Miene. Sehr amüsant,
517 2547 1137 2638 abgesehn vom 1. Akt.-
558 2559 1910 2691 Mein Stück - zwei Akte bis auf letzte Feile
532 2610 1997 2735 (exclus.) vollendet. Wohl in acht Tagen fertig,
522 2676 1911 2790 bühnenfertig in etwa 4 Wochen, bühnenwirksam
526 2755 1976 2886 Wie fühlen Sie sich? "Fliesst die Arbeit munter
524 2774 776 2837 wann? -
513 2871 729 2945 fort?"
