2400 3994
903 277 1023 371 III
1236 275 1400 381 in
813 640 917 698 aussi
556 640 634 722 8
1025 829 1162 917 -18-
2036 921 2131 1007 32
1194 939 1607 1029 Wien,11.8.93.
484 1013 1930 1113 Lieber Richard, warum schreiben Sie mir nicht? -
514 1099 2054 1170 Haben Sie Ihre Hovelle vorgelesen? - Was macht
496 1138 2083 1226 der Götterliebling? - Erfuhren Sie was über Freund
490 1200 2010 1276 und Jäckel? Sahen Sie Benedikts? - Haben Sie ge-
486 1268 1960 1328 hört, wie schauerlich und wie dumm die Abendpost
490 1330 1974 1414 den Anatol verriss? - Wann rücken Sie ein? Wann
490 1362 1946 1443 sind ie in Wien? - Ich reise vielleicht am 19.
498 1422 2066 1495 oder 2 0. ab.- Sind Sie glücklich? - Sind Sie arro-
498 1457 2054 1553 gant?- Wissen Sie, dass Sie noch im Herbst Bicycle
502 1521 1998 1599 fahren lernen werden? Was macht Frau Flegm? Was
484 1561 2079 1643 macht das Theater? - Sprachen Sie Jarno? - Die Wre-
496 1625 1942 1705 den?- Stand was in der Ischler Ztg. über mein
492 1675 2095 1756 Stück?- Senden Sie - ich vertrage alles.- Goldmann
492 1745 2022 1820 kommt im September nach Salzburg.- Herzlich der
492 1802 901 1890 Ihre. Arthur
504 1888 875 1976 (nach Ischl)
2101 1962 2183 2056 33
1463 1982 1798 2075 (undatiert)
490 2077 2016 2171 Lieber Hichard, Donnerstag 11 Uhr hol ich Sie ab,
496 2147 1972 2231 wenn's Ihnen recht ist. Sie können das Fahren
498 2221 2028 2279 ein paar Mal probiren, ohne sich i geringsten zu
502 2269 2052 2329 verpflichten,und schlimmstenfalls zahlen Sie einen
520 2313 2018 2377 Mitgliedsbeitrag auf ein Vierteljahr,wodurch Sie
498 2367 1962 2444 zu gar nichts genötigt werden, weder zum Kaufen
492 2434 1986 2490 eines Rades, noch zum Weiterverbleiben im Klub.-
494 2478 1930 2538 Bitte sehr, senden Sie diesen Brief gleich an
490 2526 2046 2588 Hermann Behr, welcher hiedurch unter einem gebeten
498 2580 2006 2646 wird, sich um 11 am Donnerstag bei Ihnen einzufin-
498 2642 1924 2698 den, wenn er es nicht vorzieht,um 11 Uhr 30 vor
492 2668 1958 2745 dem Hause Untere Augartenstrasse 28 auf mich
492 2729 2040 2795 resp. uns zu warten. Beifolgende Statuten,von de-
484 2791 1960 2855 nen ein Exemplar an Bahr. In diesem hab ich den
496 2835 1926 2929 § 15 unterstrichen. Für Sie den § 5.- Herzliche
490 2891 923 2973 Grüsse, Arthur.
490 2981 867 3072 (nach Ischl)
1144 3042 1306 3104 ====  =====
