2407 4023
792 287 1407 416 ' '' 'V' '•'
767 769 896 839 -90-
184 839 1783 959 ist bald einer — aber die Dinge so sagen—! Um Goethe
190 906 1724 1003 zu variiren- Alles gescheidte ist schon einmal ge-
190 949 1783 1054 sagt worden: man muss nur versuchen,es - ganz anders
190 1020 1557 1113 zu sagen. Und „ma foi“ das haben Sie gethan.
196 1067 1796 1160 Während ich dieses schreibe, sitz ich allein im Spei-
196 1120 1829 1223 sesaal, Abends 9 Uhr. Ausser mir lebt hier nämlich nur
196 1175 1798 1270 ein (noch) älterer Herr. Montag fahr ich wohl wieder
194 1215 1734 1325 nach Wien. Ich sehne mich nach niemandem - niemand
201 1276 1656 1369 sehnt sich nach mir. Dies ist nicht sentimental
203 1318 1865 1422 sondern das ist eben so. Heut vor einem Jahr war alles
201 1379 1829 1479 noch so anders — und doch schwebte es schon über uns.
205 1434 1639 1525 Ja ja, es schwebt immer "Zeit ist nur ein Wort,"
205 1500 1772 1578 könnte von Ihnen, von Hugo und von mir sein (und et¬
211 1555 1502 1631 lichen andern). Zufällig sagt es Beatrice,
209 1589 1690 1684 Wie lang denken Sie noch auf Reisen zu sein? Ich
218 1627 1766 1734 schicke diesen Brief nach Florenz, wo ich Sie, glück-
239 1701 1783 1787 licher und wenn Sie wünschen weniger witzig als in
209 1753 1774 1844 Sanremo vermuthe.- Mirjam hoffich so lustig als sie
218 1798 1791 1895 war und Ihre Frau so erholt, als man es von italieni-
218 1878 1071 1931 scher Luft erwarten sollte.-
213 1893 1783 1984 Von Hugo weiss ich noch immer nichts,und Gustav hab
213 1943 1810 2041 ich von Ihnen gegrüsst. Thun Sie das gleiche von mir
218 2005 1762 2106 an Mayer, wenn er schon mit Ihnen zusammengestossen
213 2081 1557 2146 ist (-was hoffentlich nicht weg gethan hat.)
211 2119 1048 2199 Leben Sie wohl! Ihr Arthur
226 2233 653 2339 (nach Florenz)
708 2279 862 2347 ===--
1741 2330 1848 2402 163
1063 2358 1477 2450 Rom,3.4.1900.
213 2446 1791 2550 Lieber Richard, bitte, welches Hotel in Florenz haben
220 2512 1920 2592 Sie mir empfohlen? Und wie geht es Ihnen und bei Ihren?
226 2590 898 2679 Von Herzen Ihr Arthur
226 2674 875 2782 (nach I.Wollzeile 15)
720 2757 877 2822 ====  =====
2089 311 2178 416 : 1:1
