2412 3991
990 752 1123 838 -57-
1255 863 1648 939 Wien, 23.3.97.
1261 906 1917 996 Sie morgen (Mittwoch)
394 914 1234 1007 Lieber Richard, bitte kommen
1226 972 1808 1043 Ihr Rath erwünscht.
398 984 1191 1043 nach dem Nachtmahl zu mir.
1283 1021 1921 1111 Georg Hirschfeld und
402 1039 1263 1121 Ihre Gesellschaft noch mehr.
400 1093 797 1158 bahr sind da.
394 1125 1041 1228 Herzlich Ihr Arthur.
1531 1160 1822 1279 (siche 57a)
408 1230 594 1316 (w.o.)
920 1281 1084 1361 ==== =====
1218 1382 1786 1460 Paris, Ostermontag,
1220 1443 1470 1513 19.4.97
392 1472 1999 1552 Lieber Richard, ich weiss ja doch nicht, wann ich end-
394 1548 1962 1626 lich Lust zu einem wirklichen Brief bekommen werde;
394 1601 2042 1673 so schreib ich Ihnen lieber diese paar Worte, um Ihren
426 1665 1997 1722 zu sagen, dass ich an Wien mit heftigem Widerwillen,
394 1708 1915 1769 aber an ein paar Menschen, die ich nicht zu nennen
400 1761 1966 1818 brauche,mit einer Art von nicht besonders schmerz-
398 1814 1937 1882 licher Sehnsucht denke. Es geht mir ganz gut; aber
394 1863 1847 1927 es ist eine verwidkelte Art von Wohlbefinden, so
394 1915 1962 1972 dass ich durchaus nicht verwundert bin, mich zu Zei-
394 1972 1911 2027 ten sehr miserabel zu befinden. Ich bin natürlich
387 2017 1964 2085 nicht allein und doch viel allein; bin im wesentli-
394 2079 1878 2132 chen frei und doch zuweilen gebunden; freue mich
387 2128 1991 2191 sehr hier zu sein, weiss aber nicht wieviel auf Rech-
387 2187 1898 2255 nung der Freude kommt, nicht in Wien zu sein. Viel
387 2232 1880 2298 hier interessirt mich — und doch hab ich bei den
385 2282 1872 2339 allgemeinen Eindrücken nicht das Gefühl,neues zu
387 2333 1841 2394 erfahren; es bestätigt sich nur das meiste. Ich
394 2388 1870 2448 glaube dass ich gerne hier leben würde; man ver-
385 2440 1902 2503 schwindet und ist durchaus nicht beleidigt. Dass
398 2487 1929 2560 Verkehr etwas sehr grosses bedeuten kann,spürt man
385 2534 1925 2622 hier; nicht durch Multiplicationen kann man da mit
385 2587 1794 2659 Wien vergleichen; es ist was anderes; brutaler
383 2628 1921 2726 schöner und gemeiner. - Paul ist auf ein paar Tage
373 2704 1898 2796 nach Frankfurt. Mir schreiben Sie nur weiter (nur
1831 2843 1978 2938 Cont
