2392 3990
679 261 944 396 Votre très de l'adresse.
1135 292 1314 400 Londres de
1979 298 2077 392 1
2100 302 2250 427 P. S.
1149 768 1285 864 -52-
2026 842 2118 944 79
1314 862 1930 950 Wien, 8.9.96. Montag
521 965 2040 1045 Lieber Richard, Ihre Karte hab ich bekommen. Mor-
528 1037 2051 1094 gen wollte ich zu Ihnen; aber plötzlich ist Sorma
528 1092 2067 1158 und Gemahl in Wien und ich speis morgen mit ihnen.
526 1143 1997 1199 Ich kann Ihnen also noch nicht genau sagen, wann
526 1193 2022 1260 ich nach Baden fahre. Wie lange bleiben Sie noch
536 1246 2049 1303 draussen? Arbeiten Sie? Haben Sie mit Fischer, mit
526 1291 2096 1357 Brahm gesprochen? - Von Hugo weiss ich auch nichts,
528 1355 2044 1402 vor 8 Tagen hab ich ihm nach Alt-Aussee geschrie-
532 1398 1970 1457 ben.- Burckhard hat Freiwild gelesen und gratu-
528 1443 2028 1523 lirt Brahm, ders aufführen darf,hälts für den "pu¬
528 1509 2018 1568 pillarsichern Sensationserfolg, fährt nach Berlin
523 1556 1605 1632 zur Première. - Herzlich Ihr Arthur.
521 1646 1537 1724 (nach Baden b.W. Franzensgasse 5)
1121 1759 1236 1835 ==== =====
1308 1852 1724 1956 Wien, 14.9.96
2005 1874 2176 1966 80 81
507 1946 2032 2036 Das hab ich gewusst, mein lieber Richard! Ich habe
511 2028 2049 2085 sogar scherzhaft (in der bestimmten Hoff-
538 2081 1971 2147 nung,Sie schauen durch die Fensterritzen,)nach
511 2131 2030 2184 Ihrem unglaublich verschlossenen Fenster hin ge-
511 2176 2059 2242 droht und ernsthaft gelächelt. Zeugs: Der bereits
515 2235 1936 2301 gestern erwähnte Doctor Schwarzkopf.- Aber was
505 2280 1968 2348 hätte mein Klopfen genützt? Ich hoffe, Sie wären
509 2334 1741 2400 nicht in der Lage gewesen,mir zu öffnen.
509 2381 1946 2457 Ich komme wohl noch einmal vorm 24. nach Baden,
505 2445 1956 2506 aber da telegrafir ich vorher (ohne Bindung für
505 2480 1303 2553 Sie). Herzlich Ihr Arthur.
497 2523 1989 2617 Sehr decorativ wirklich gestern in Ihrem kleinen
505 2584 1970 2662 Garten die Zusammenstellung: dicke Däne, Ihr Die-
493 2636 1574 2736 ner mit Ihrem Strohhhut und Flirt.-
497 2724 1026 2820 (nach Baden s.o.)
1049 2843 1205 2917 ====  =====
