2432 4039
1738 292 2108 455 Votre très obéissant seuleur avec le
558 300 740 434 "    "
1120 331 1238 442 „ „
768 863 944 951 -122-
275 921 1927 1065 nach dem 20.-25. etwa - wenn Sie von Ihrem Kärnthner-
283 994 1781 1116 see kommen, könnten Sie hier,in Welsberg ein paar
283 1045 1850 1180 Tage Station machen; vielleicht dass wir gemeinsam
281 1138 981 1232 aufbrechen, südwärts -?
281 1146 1796 1275 Hugo's waren 10 Tage da, wie Sie schon wissen; es
326 1198 1852 1326 sind wirklich schattenlos angenehme gewesen.- Wir
292 1253 1850 1380 fühlen uns alle hier recht wohl; ich arbeite nicht
292 1314 1863 1440 unfleissig und hoffe mit dem Roman,ch wir von hier
296 1376 1857 1481 abfahren, recht, sehr weit zu gedeihen. Waldspazier-
298 1410 1927 1545 gänge lassen sich täglich neue entdecken; das Essen
300 1477 1809 1599 ist gut, mein Zimmer ein von mir längst gesuchtes
337 1522 1897 1635 Ideal; Balkon, Blick ins frais, vom Hotel nichts zu
298 1580 1859 1687 sehen (sovorgebaut); die Gesellschaft indifferant,
305 1635 1693 1732 da man sich absolut nicht umeinander kümmert
303 1681 1902 1796 Lassen Sie sehr bald von sich hören; dass wir Hoff-
307 1726 1938 1850 nung haben. Sie beide unter Reisehimmel, und wenn sich
313 1788 1884 1893 alles gut fügt, für nicht gar zu kurze Zeit wieder-
311 1872 1092 1949 zusehen, freut uns riesig.
320 1863 1951 2030 Von Herzen, mit Grüssen von Höhe zu Höbe, Haus zu Hans
871 1957 1260 2041 Ihr Arthur,
320 2058 914 2166 (nach Maria Schutz)
1245 2163 1794 2290 Misurina, 2.8.07.
1837 2196 2017 2303 245
322 2286 1569 2404 In Erinnerung und herzlichst Ihr Arthur.
322 2335 1972 2451 Auf einer Fusswanderung Schluderbach-Cortina. Morgen
328 2440 882 2518 wieder in Welsberg
326 2464 1277 2599 Die herzlichsten Grüsse! Olga.
1245 2606 2080 2734 Waldbrunn.19.8.1907. 246
331 2683 2056 2820 Lieber Richard,wir bleiben hier bis 26.(27.,28.?); (Don-
339 2775 1895 2874 nerstag kommt vielleicht Goldmann), Dann Dolomiten-
350 2801 2065 2932 strasse (wahrscheinlich) Grödner Thal, Grö dner Joch, Por-
343 2876 2007 2990 doj-Vigo-Karersee-Bozen.) Dann Maren,eventuell Garda-
346 2906 2063 3069 see, zurück zwischen 5.u.10, mit event.Aufenthalt (Inns-
