2448 4038
1830 267 2214 384 " " "
949 741 1121 832 -142-
1842 778 1961 875 30 S
359 914 1904 1037 Lieber Herr Dr., ich antworte in Arthurs Namen, der
366 1000 1926 1091 bei d'Albert zum Thee ist: morgen können wir nicht
366 1052 1875 1138 kommen, haben schon bei Schmidl's abgesagt, - ich
374 1115 1967 1195 bin zu Bett. hoffentlich gehts an einem der nächsten
374 1173 1618 1243 Tage, - wir werden mit Vergnügen kommen.
378 1218 1561 1327 Viele Grüsse Ihnen Allen! Ihre Olga S.
1869 1392 1986 1464 309
1292 1403 1631 1499 14.2.1912.
372 1489 1947 1596 Lieber Richard, Rosenbaums Privat-Telephonnumer mir
374 1573 1959 1659 unbekannt, will mich auch im Burg-Th. nicht erkundi-
374 1629 1939 1705 gen, da ich einen Refus fürchte - oder feurige Koh-
372 1670 1994 1760 len. Stucken's wohnen Hotel Regina. Sie kommen Sam-
372 1719 1998 1813 stag gegen 5 Uhr zum Thee zu uns und wir bitten Sie
366 1787 1505 1865 mit Paula gleichfalls zu erscheinen.
680 1838 1230 1916 Herzlichst Ihr A.
1240 2015 1972 2111 Salzburg,Hotel Oesterr.
1243 2087 1659 2167 Hof.3.4.1912.
1931 2091 2021 2193 310
372 2173 1655 2278 Herzliche Grüsse Ihnen und Paula. Arthur,
380 2261 1008 2347 Olga,Lisl Steinrück.
1177 2425 1725 2534 Brioni, 13.5.1912.
376 2557 2027 2627 Brioni ist bezaubernd, Hotel vorzüglich. Wir haben ge-
380 2614 1945 2680 mietet. Rathen Ihnen vom Herzen das gleiche! Meer,
382 2676 1197 2731 Wald, Wiesen, Vergangenheit.
386 2697 1978 2791 Herzlichst Ihr A. Hoffen Mittwoch Abend in Venedig,
386 2777 867 2871 Europe zu sein.
376 2855 1487 2978 (nach Venedig.Hotel Bauer-Grünwald)
