2407 4023
547 305 706 420 i e e
790 784 918 868 -89-
1774 790 1887 868 162
1080 864 1498 953 Edlacher Hof,
1090 934 1463 1010 2. März 1900.
237 1021 1753 1123 Mein lieber Richard, vorgestern Abend bin ich hier
241 1109 1776 1167 angekommen, ich wollte dem Frühling entgegenfahren
245 1142 1726 1218 und seit gestern schneit und friert es. Immerhin
239 1189 1786 1267 ist es in der Mittagsstunde schön. Heut sowohl als
241 1232 1835 1325 gestern bin ich nahezu 6 Stunden spazieren gegangen.
239 1296 1819 1381 Weniger lang schrieb ich an der Novelle, für die ich
241 1350 1897 1432 keinen Namen habe. Ihre hab' ich in 2 Etappen gelesen,
245 1393 1819 1469 die ersten 2 Capital in der Eisenbahn,die letzten 2
247 1438 1866 1541 gestern Abend auf meinem Zimmer (3.ausser 4. im Bett)
245 1520 1809 1582 Also glauben Sie mir: es ist ein wundervolles Buch.
247 1555 1804 1646 Man hat allerdings das Gefühl, als wenn die aneinan-
247 1609 1809 1683 dergereihten Edelsteine nicht auf einer Schnur,son-
253 1658 1728 1734 dern auf einem Zwirnsfaden - oder gar nur in der
241 1708 1788 1796 Luft aneinandergereiht wären — aber man muss nicht
251 1774 1878 1839 alles als Kette um den Hals tragen können. Im vierten
253 1827 1848 1901 Kapitel steckt übrigens irgendwo ein frecher Schwin-
251 1883 1737 1944 del - das dürfte Ihnen nicht unbekannt sein. Sie
247 1911 1844 1983 setzen sich sozusagen plötzlich an eine andre Orgel,
251 1988 1806 2041 die auch herrlich klingt - aber das beweist nichts.
249 2025 1755 2111 Nicht überall scheint es mir geglückt, dass gegen-
247 2086 1782 2146 wärtiges und erinnertes sich gegeneinander abhebt,
253 2144 1734 2202 wie es soll; dass man das Bedürfnis hat, das Buch
253 2193 1819 2249 wieder zu lesen ist ja sehr schön; aber dass man es
251 2243 1763 2311 entschieden 2-3 Mal lesen muss, ist vielleicht ein
251 2292 1757 2356 Fehler. Ihre Bilderpracht schreit nach Jamben und
253 2350 1827 2411 nach Drama. Ja es verlangt mich geradezu, einige von
251 2395 1769 2465 Ihren Vergleichen in Ihren Stücken wiederzufinden
253 2448 1821 2522 und sie auf der Bühne sprechen zu hören.- Wunderbar
259 2506 1790 2584 ist,wie scheinbar belanglose Details zu ihrer Zeit
251 2584 1823 2625 ausgenützt und nachträglich voll Belang erscheinen.
253 2617 1763 2675 Das gibt den gewissen Schauer. Ueberhaupt: meiner
245 2667 1889 2724 Empfindung nach steckt viel mehr Dichterisches in dem
251 2718 1806 2782 Buch als, wie gewiss vielfach behauptet werden wird,
257 2765 1854 2831 Verstand. Sie wissen wie ich das meine. So gescheidt
