2392 3990
558 272 911 396 4.   ƒ
926 788 1071 877 -58-
524 900 2233 1030 weiter ist gut) an die Adresse Pauls, die ist jetzt 95
526 1011 2069 1069 10 rue de la Bourse.- Ich wohne woanders, angenehm.
534 1067 2046 1122 Schreiben Sie mir was es Neues gibt. Aber sicher,
532 1111 1984 1173 bitte. Grüssen Sie Hugo, Leo, Salten, Schwarzkopf,
526 1171 1826 1256 Paula und andere à discretion. Ihr Arthur.
532 1243 1184 1365 (nach I.Wollzeile 15)
1326 1435 1767 1543 Paris,26.4.97.
2078 1441 2184 1528 96
532 1507 994 1594 Lieber Richard,
536 1556 2150 1675 allerdings würden Sie für Paris einige hundert Jahre
536 1635 822 1705 brauchen!
536 1646 2067 1756 Nur die Bouquinerien! — Und die Eimaux aus dem
536 1733 1445 1795 16.u.17.Jahrhundert im Louvre
541 1735 2063 1850 Ich schreibe so beiläufig her, wobei ich am heftig¬
1196 1824 1941 1909 und die Chinoiserien im
541 1835 1156 1914 sten an Sie gedacht
547 1895 758 1958 Guimet
536 1939 1712 2012 Wäre ich Altenberg so würde ich sagen:
532 1993 1343 2069 Paris ist "die" Stadt....
541 2048 1030 2116 La ville
536 2080 1435 2190 Paris ist la grande ville...
541 2193 2022 2256 Im Ernst gesprochen (im Gegensatz zu Altenberg):
543 2252 2110 2316 Die Form für alles ist da, das ist das wesentliche.
541 2310 2029 2363 Die ganz grossen schöpferischen Talente scheinen
541 2348 2078 2414 heute noch zu fehlen. Dagegen sind die reproducie-
536 2414 2078 2476 renden da; die ununterbrochen für die Form sorgen.
536 2463 1995 2531 Auch die Decoration ist für alles da; jederzeit
536 2512 2095 2574 können die grossen Künstler auftreten, ohne sich um
536 2563 2078 2616 etwas anderes kümmern zu müssen als um ihr Genie.-
536 2618 2099 2680 Auch grosse Menschen jeder Art finden alles bereit:
536 2661 2120 2725 der Concorde-Platz scheint eigentlich nur auf einen
536 2723 1305 2776 neuen Napeleon zu warten.
541 2750 2088 2844 - Aber diesen Brief hab ich nur angefangen um mich
532 2821 1993 2914 bei ihnen nach Ihnen zu erkundigen. Wie geht es
