2448 4038
1161 261 1303 361 ...
232 293 418 396 1
974 784 1143 876 -140-
1865 845 2006 946 300
1120 886 1434 970 31.10.10*
316 995 1799 1089 Lieber Richard, heute Abend (8) sind Bruder und
326 1036 1828 1136 Schwägerin (sonst niemand) bei uns, mit denen Sie
332 1106 1881 1192 (-Ihr) schon immer so gorn beisammen sein wollten;
322 1143 1912 1237 sie, und wir (und hoffentlich auch Sie) würden sich,
359 1208 1883 1298 uns (und sich) sehr freuen, wenn Sie (=Ihr) kämen.
693 1264 1395 1339 Herzlichst Ihr Arthur.
1887 1403 1996 1512 301
1159 1442 1489 1536 3.11.1910.
332 1553 1957 1647 Lieber Richard, für den "Mutterschutz" kann ich nicht
328 1623 1959 1694 lesen - weil ich sonst auch für so und soviel andere
336 1662 1951 1750 Vereine lesen müsste, die mich schon aufgefordert ha-
334 1711 1887 1799 ben und noch auffordern werden; und weil ich über-
328 1785 1860 1858 haupt in Wien nicht gern lese. Leo nimmts mir ge-
338 1840 1370 1928 wiss nicht übel. Haralihst Ihr A.
1920 1947 2037 2080 302
1159 2010 1532 2119 22.11.1910.
328 2119 1906 2205 Die einzige Erste Stock Loge ausser der für meinen
347 2189 1682 2295 Bruder! In der Hoffnung einer guten Parodie
913 2250 1130 2328 Ihr A.
1926 2402 2068 2492 303
1134 2416 1434 2527 27.12.10.
334 2546 1932 2621 Lieber Richard, wenn irgend möglich werd ich gegen 6
341 2605 1906 2673 ins Pucher kommen. Herzl. Dank. Ich sags immer man
347 2667 1994 2738 soll entweder kein Telephon oder keine Freunde haben.
896 2712 1110 2804 Ihr A.
