2448 4038
1297 284 1453 387 i1: 1/2
908 723 1091 828 -141-
1886 805 2032 900 304
299 898 1946 1046 Lieber Richard, wir fahren morgen Freitag (11.25) auf
311 986 1929 1095 den Semmering (bis Sonntag). Wenn Sie und Paula mit-
307 1029 1904 1161 fahren wollten wird es uns besonders freuen. Ja wir
309 1097 1812 1202 würden Sie sogar mit dem Auto um 3/4 11 abholen.
315 1149 1670 1287 Der ich wohl zu leben wünsche, herzlichst A.
1913 1297 2040 1400 305
1180 1340 1519 1433 15.6.1911.
321 1427 1976 1554 Lieber Richard, wollen Sie heute nach dem Nachtmahl, so
331 1499 1900 1614 um 9 etwa mit ihrer Frau herüberkommen, so würde es
329 1548 1902 1666 uns freuen. Sie werden, bereits gesättigt.Rosenbaum
336 1585 1931 1723 (nicht den vom Berg (Semmering),sondern den vom Ber-
336 1645 1892 1779 ger) samt Towska vorfinden; der erstere sehr nett,
336 1729 1468 1810 die zweiters mir noch wenig bekannt.
338 1768 1598 1871 Und wann reisen Sie? Wir gegen 26.-Sais,
764 1828 1313 1917 Herzlichst Ihr A.
1913 1970 2044 2096 306
1141 2007 1731 2112 Hamburg, 7.11.1911.
340 2083 1736 2252 Herzliche Grüsse Ihnen Allen. Arthur Olga.
1126 2312 2102 2423 Partenkirchen.14.11.1911. 307
356 2421 2009 2543 Herzliche Grüsse und auf baldiges Wiedersehen Ihr A.
369 2491 1851 2594 Olga, ergebene herzliche Grüsse Lisl Steinrück.
