2390 3992
1155 268 1242 343 G.H.F.P
1310 268 1661 382 1 ̃  =
1772 254 2027 386 V. P.
981 264 1137 369 : 1
386 260 894 422 V. P. v. M.
1015 822 1167 904 -68-
1986 848 2097 979 110
1328 862 1766 991 Wien, 27.12.97.
460 981 2081 1104 Lieber Richard, aus nicht unwichtigen Ursachen möchte
474 1060 2079 1161 ich Ihnen mein Stück sehr gern morgen Dienstag Abend
472 1112 2057 1201 vorlesen. Wenn Sie Zeit und Lust haben, bitte kommen
472 1189 1024 1270 Sie um10 zu mir.
470 1235 1460 1318 Mit herzlichem Gruss Ihr Arthur.
474 1308 1288 1387 Antwort erbeten, wenn nein.
478 1391 676 1502 (w.o.)
997 1439 1149 1516 ====
1296 1506 1740 1629 Wien, 30.12.97.
478 1623 1952 1722 Lieber Richard, die verschiedenen Anregungen von
478 1690 1908 1789 Dienstag hab ich, für den 2.Akt vorläufig, nicht
476 1754 1980 1831 unglücklich benützt - er sieht jetzt, ich muss es
480 1803 2059 1886 selber sagen, etwas besser aus. Ich möchte Ihnen das
487 1849 1982 1930 bald einmal zeigen, Sagen Sie das auch Hugo, den
482 1904 1898 1978 Sie wahrscheinlich früher sehn werden, als ich.
487 1946 2033 2043 Wenn ich bestimmt weiss, dass Sie in der Sylvester-
480 2029 1847 2095 nacht im Pucher sein werden, so komm ich hin.
480 2075 1167 2160 Herzlichst Ihr Arthur.
480 2164 684 2261 (w.o.)
975 2231 1149 2293 ====  =====  =
