2404 3992
1084 257 1307 361 "    "  .  "
1420 242 1548 374 1:10:
1771 265 1998 379 V. P.
883 317 969 376 11 1
1014 749 1155 836 -40-
1127 862 1253 928 XIII.
359 900 1818 982 ber. Böse Zungen, länherliches Stück von Laube.-
400 958 1921 1042 Die Eltern Hugos neulich im Kaffeehaus. Hugo ritt
370 1012 1927 1084 durch Wien; sie standen beim Tegethoffmonument und
400 1063 1993 1140 schauten zu. Er war in Göding sehr unglücklich; die
370 1129 2017 1198 Manöver sollen ihm enorm gefallen haben. Jetzt ist er
379 1178 1985 1249 in Bruck.- Gesprochen: Salten oft, Schwarzkopf einige
374 1228 1987 1302 Mal, Gold selten, Bahr (Guten Tag,wie gehts dir denn?)
370 1292 1961 1354 seine Frau heute ein Stück begleitet, mich dringlich
374 1356 2075 1407 zum Besuchs aufgefordert. Auch er fährt schonebicycle.-
404 1394 1968 1456 gearbeitet noch gar nichts — schämen Sie sich, dass
404 1437 1767 1499 ich mich nicht vor Ihnen zu schämen brauche.
404 1484 2034 1555 Die Brion soll über uns geäussert haben: Setzen sich
381 1555 2040 1621 in die Prosceniumsloge - und man kriegt kein Bragelet,
370 1604 2017 1662 nicht einmal eine Einladung zum Souper! - Quelle un-
370 1655 1985 1707 lauter, nämlich Paul Horn. Dieser tadelt an der Klei-
370 1707 1933 1764 nen Komödie die Unmöglichkeit, dass sich ein Mensch
404 1758 1861 1814 wirklich von den Seidenstrümpfen und den grande
370 1803 1987 1886 marque Cocotten zu einem lieben Vorstadtmädel hinge-
374 1854 1035 1927 zogen fühlen sollte.-
372 1897 1901 1976 Hier regnet es immer - und Sie? - Alles erkundigt
400 1963 1861 2028 sich nach Ihnen; sind Sie stolz? Leben Sie wohl
379 2015 1993 2075 lassen Sie schnell wieder was von sich hören, bringen
368 2062 2049 2137 Sie den fertigen Götterliebling und viel Lust zu neuen
370 2102 2040 2167 Werken mit. Sagen Sie, wie hat denn die Lou das Allein-
372 2167 2010 2226 fahrenmüssen aufgenommen? Hier ist es "bekannt gewor-
368 2220 2008 2301 den" dass wir miteinander nicht über Literatur reden;
364 2278 1983 2338 man findet das höchst anmassend - "so gross sind sie
364 2333 2081 2413 nicht, dass sie nicht mehr über Literatur reden müssten.
456 2370 1014 2430 Lasst uns lächeln.
364 2415 1790 2513 Ihr Arthur Sch. mit vielen herzlichen Grüssen.
394 2504 1322 2605 (nach Schönberg im Stubaithal)
