2392 3990
342 277 588 411 G. G. A.
1786 285 1877 399 wähte
1110 776 1232 847 -59-
544 857 1812 957 Paula? Bei "uns" - mit "Riesenschritten."
544 931 1232 1008 Bleiben Sie in Wien? -
609 947 1993 1073 Darüber sein Sie ruhig: zu einem "wirklichen"
550 1038 1352 1098 Brief komm ich hier nicht.
552 1075 2099 1155 Graf ist hier, Sie wissen ja, dem Sie eine zärtliche
548 1130 2136 1214 Empfehlung an Paul gegeben. Den treff ich natürlich
552 1203 2099 1260 immer. Also könnte der kleine Kraus bald einen Ar-
556 1240 1843 1330 tikel über die Flucht aus Wien schreiben.-
550 1293 1049 1366 Wie leben Sie?
550 1348 2061 1405 Ich: Vormittag Louvre oder Luxembourg oder so was;
550 1399 2187 1460 Abends immer im Theater. Entzückend die ganz kleinen.
550 1452 2160 1523 Es wimmelt von „Flohtheatern des Arthur Schnitzler.“
556 1507 2144 1570 Gestern oder vorgestern Nachm. in einem dieser klei-
552 1558 2160 1613 nen “la Bodinière“ Aufführung von französ. Musik des
556 1609 2162 1686 16.u.17. Jahrhunderts.- In andern werden die hübschen
550 1662 2028 1717 Kleinigkeiten von Lav edan, von Courteline aufge-
550 1715 2085 1776 führt. Oder, wie ich neulich in der "Roulette" sah,
550 1765 2061 1820 ein Volkslied von zwölf Zeilen wird einfach "auf-
550 1818 1222 1879 geführt". Er und Sie -
1248 1814 2055 1884 kein lebendes Bild, was be-
556 1869 2046 1963 kanntlich sehr todt ist, sondern sie spielen das
544 1922 894 1989 Volkslied, -
550 1963 2136 2034 Ueberhaupt "hier kann man schon einmal alles haben."
546 2020 1265 2085 Schreiben Sie mir bald.
544 2075 1352 2150 Adresse 5 rue de Maubeugs.
544 2130 1224 2201 Herzlichst Ihr Arthur.
542 2175 1906 2250 Paul schon 9 Tage in Frankfurt; kommt bald.-
542 2277 747 2360 (w.d.)
