2394 4008
173 262 431 337 Votre â¢ j'yst
785 273 1016 396 :
1056 279 1400 389 1 1/2 1/4 4/2
181 321 287 402 1
920 785 1064 862 -15-
419 925 1903 1037 im Szeps verschimpfirt (las es nicht) - nachdem
429 998 1845 1089 ich vor 3 Tagen gelobt war. Gute Redaction!-
454 1037 1903 1122 Was macht der Götterliebling?- Ist Löbl noch
427 1083 1931 1202 in Ischl? Wohin schreibt man ihm? Las übrigens
431 1147 1849 1229 die Nummer noch gar nicht.- Schreibt Loris? -
437 1175 1941 1275 Grüssen Sie alle. Ich würde mehr schreiben, wenn
439 1245 1854 1337 ich nicht auf diesem blöden Kartel angefangen
431 1331 625 1404 hätte.
446 1400 1129 1506 (nach Ischl Schulg.8.)
1035 1504 1152 1576 ====
1981 1576 2066 1672 29
1341 1581 1751 1693 Wien, 22.7.93.
446 1697 1972 1795 Lieber Richard, die Abschrift Ihrer Novelle dürfte
473 1747 1920 1833 Montag oder Dienstag beendet werden, obwohl sie
446 1799 1883 1893 erst heute begonnen wird. Mein designirter Ab-
454 1853 1866 1939 schreiber war ausgezogen - und schreibt nicht
448 1891 1895 1995 mehr; ein zweiter, den er mir empfahl, refüsirte
456 1941 1989 2056 gleichfalls und empfahl mir einen dritten, welcher
464 2003 1905 2107 heut bei mir war, einen guten Eindruck auf mich
452 2058 1854 2151 machte, und dem ich endlich das Kind übergab.-
469 2095 2014 2193 War was in der alten Presse über Abschiedssouper?-
458 2143 1987 2258 Was sagen Sie zu der Allgem. Zeitung? Champagner
485 2199 1945 2291 also Murger - weil sie beim Murger verhungern.
454 2239 1939 2341 Soll ich mich bei Osten bedanken! - War im Bör¬
454 2293 1872 2389 sencourier was? Den krieg ich auch nie zu Ge-
464 2335 1987 2439 sichte.- Neulich machte ich mit Salten eine wun-
458 2380 1872 2495 derschöne Bibycletour von Klosterneburg nach
504 2432 1945 2547 Tulln am Donauufer. Ihr müsst unbedingt fahren
469 2536 714 2601 lernen. -
466 2512 1881 2636 - Meine Stimmung ist recht schlecht; die Luft
473 2586 1931 2703 ist drückend und unausstehlich, und manche Hypo-
471 2637 1993 2743 chondrien quälen mich. Geschrieben - noch nichts,
469 2686 1889 2805 die Zeit ist so zersplittert; ein ewiges Hin
466 2741 1887 2841 und Her von der Klinik auf die Druckerei -in
471 2791 1941 2924 die Grillparzerstrasse - auf den Burgring - zu
