2424 4023
1365 331 1504 437 V.J.
1038 823 1186 903 -97-
403 899 2017 1017 warm. Ich schreibe (3a-Stück). An der Zerstörung der
405 971 2047 1070 "Grämli hkkit" wird von berufener Seite mit Talant ge-
405 1006 2102 1127 arbeitet. Wenn mich etwas stört, ist es nur der Umstand,
411 1066 2072 1188 dass man in der betreffenden Familie Sie für den weit-
411 1129 2047 1220 aus hervorragendsten von... hm... Alt-Wien hält,eine
424 1190 2106 1274 Meinung, die Sie hoffentlich durch Ihr... wieder hin...
441 1243 1707 1323 nächstes Stück endgiltig begraben werden.
468 1262 1969 1369 Schreiben Sie - wenn bald, dann noch hieher, sonst
418 1361 587 1431 Wien.
424 1390 1711 1473 Heute Ausflug Karersee, wo Julius und Frau.
433 1435 2074 1523 Gehts den Ihren gut? Baden Sie viel? Sehn Sie die übri-
426 1498 922 1582 gen Rundwohner?
428 1549 1108 1648 Von Herzen Ihr Arthur.
426 1646 956 1745 (nach Pörtschach)
1002 1694 1112 1758 ===--
1988 1751 2097 1836 175
1310 1770 1815 1867 Vahrn.26.7.1901.
424 1878 2066 1975 Lieber Richard, haben Sie nicht einmal in Bozen in der
426 1933 2068 2030 Slingl-Pension gewohnt? Waren wir zwei nicht zusammen
433 1986 2068 2076 dort?- Liegt etwas gegen diese Pension vor? (für ganz
433 2040 2028 2127 kurzen Aufenthalt?) Bitte eins Zeile hieher, aber ol-
428 2121 633 2184 ligst.
430 2133 1281 2230 Haben Sie Paul schon gesehn?
430 2211 1116 2289 Herzlichst Ihr Arthur.
430 2308 968 2410 (nach Törtschach)
1019 2367 1127 2437 ===--
2021 2346 2118 2443 176
1312 2431 2064 2521 Sand in Taufers,30.7.01.
433 2500 2072 2578 Vielen Dank und vielen Gruss, Ich bleibe vorläufig in
439 2562 2121 2652 Vahrn, wo es mir sehr behagt. Hoffentlich dem Paul auch.
468 2604 2068 2688 Sehe mir eben Taufers, aber es sieht natürlich anders
437 2682 584 2762 aus.
435 2764 977 2859 (nach Pörtschach)
