2275 3994
811 292 906 363 17
875 828 1012 910 -34-
323 923 1815 1012 der N.Fr.Pr. über die Gröger haben Sie gelesen?
325 972 2024 1060 Er benützt die Gelegenheit, uns (Sie, Loris, mich Salten)
323 1048 1965 1120 in die Wade zu beissen. Wir werden noch schmerzliche-
353 1098 1107 1162 res zu überleben haben.-
319 1134 1912 1217 Frauenlob von Herrn Lothar an der Burg angenommen.-
323 1200 1910 1261 Gerücht über “Lebelei“ es werde Überhaupt nicht an
323 1261 1827 1329 der Burg zur Aufführung kommen. Entstehung liegt,
325 1322 1248 1386 nahe; werde Burckh. aufsuchen.
317 1365 1927 1426 - Für den Abdruck der Kl. Komödie in der Freien Bühne
325 1411 1908 1468 will Fischer mir 25, bitte, 25 Mark bezahlen. Ich ha-
323 1464 1855 1525 be ihm einen groben Brief geschrieben — da mir ja
317 1521 1842 1580 nichts dran liegt. Was haben Sie gegen Zasche? Er
323 1580 1878 1627 wird das ganz hübsch machen.- Die Novelle zu dati-
319 1618 1817 1692 ren hat keinen Sinn; es kümmert sich doch keiner
323 1671 1684 1726 drum und sieht aus wie eine Entschuldigung.-
346 1713 1848 1787 Ich schreibe an meinem Stück — vorläufig ohne an
317 1789 1555 1834 eine Aufführungsmöglichkeit zu denken.-
311 1817 1910 1886 Meine Absicht ist, Anfang Juli in die böhm. Bäder zu
317 1870 1846 1939 reisen und vor Mitte Juli in Ischl zu sein.- Wann
317 1929 1815 1979 wollen Sie nach München gehn? — Wie stehn Sie zu
317 1977 1751 2041 Kopenhagen? Beantworten Sie gütigst.- Goldmann
311 2030 1819 2079 wird im August Urlaub nahmen, genaueres unbekannt,
368 2074 1941 2146 Mein rechtes Ohr lass ich behandeln, das macht mich
308 2134 898 2203 auch recht nervös.
311 2189 1988 2273 Leben Sie wohl, seien Sie herzlich gegrüsst. Ihr Arthur.
344 2288 1684 2362 (nach Caslau Nr. 12 k. k. Landw. Inf.Regiment)
921 2393 1090 2465 ====
