2400 3994
845 321 1000 416 11 1
2060 778 2168 882 40
1178 815 1305 884 -22-
1350 909 1825 998 Wien, 2. Juli 94.
449 1011 953 1096 Lieber Richard,
457 1076 1848 1139 das Cachenez hoffentlich nach Wunsch besorgt.
463 1127 1985 1196 Stoll schickt’s noch heute, nimmt es auf Verlangen
457 1194 1946 1256 auch wieder zurück; ich finde es sehr schön, was
447 1233 1358 1307 keine Augustion sein soll. -
461 1290 1929 1354 Gratulation schicken Sie in die Frankgasse, und.
457 1331 2003 1407 wenn Sie die Braut kennen, auch auf den Lobkowitz-
461 1390 690 1456 platz.-
457 1445 1909 1501 Ich dürfte 13., 14.15. nach Ischl kommen, bleibe
461 1480 1972 1556 bis 2 0. und denk dann mit Ihnen und Bahr, der uns
453 1537 1909 1607 abholt, nach Salzburg zu fahren, wohin auch Hugo
457 1593 1978 1662 von der Fusch aus kommen wird. Ich denke, so ist’s
449 1656 1938 1713 gut? - Hugo war Freitag Früh auf der Durchreise
451 1715 1899 1776 von der Salesianergasse nach Döbling bei mir.-
457 1758 1968 1819 Was macht der Götterliebling? - Ich bin nicht un-
451 1817 1974 1872 fleissig. Paul Schulz und die Kapper’s lassen Sie
443 1860 1999 1921 nur alle wie sie sind - wenn wir alle Menschen än-
451 1913 1854 1966 dern könnten wie wir wollen, so würden sie uns
449 1958 1999 2017 schrecklich zuwider werden. (Denken Sie nicht drü-
449 2009 1976 2074 ber nach; es ist aussichtslos. Der obige Satz ist
443 2058 1780 2119 nämlich in mannigfacher Weise zu beenden.)
443 2111 1966 2168 Neulich waren Fels und Korff auf einmal bei mir.-
451 2162 2027 2229 Ich zerbreche mir den Kopf, warum Sie mir geschrie-
457 2223 2009 2283 ben haben; ob wegen Kapper oder wegen Schulz oder
449 2270 1946 2332 wegen meines Bruders? - Einen Augenblick hatte
449 2323 1850 2381 ich nämlich den schändlichen Verdacht, dass -
451 2374 1997 2446 das schwarze schwere, weiche,matte Cachenez - Ihres
472 2423 1940 2481 Briefes "erste Schuld und Ursach" wäre. (Kommt
445 2472 1968 2550 nirgends vor. Wenn man sich schämt, macht man An-
455 2524 982 2589 führungszeichen.)
443 2575 1991 2646 Leben Sie wohl. Ich freu mich nicht aufs Siegeln,
445 2619 1740 2687 obwohl ich mehr Grund dazu habe wie Sie. -
472 2675 1946 2746 Schreiben Sie mir bald wieder. Herzlichen Gruss
939 2726 1256 2803 Ihr Arthur
482 2799 1250 2916 (nach Ischl Egelmoos 22 )
1029 2926 1186 2995 ====
