2407 4023
76 279 297 359 .... 1.
1195 312 1389 409 Votre très de lui faire
1511 326 1599 409 7
1810 314 2008 433 Vuorikasvitu- ja wähden:
66 341 229 431 1/2/1
1798 689 1909 790 157
832 799 966 867 -88-
1063 854 1548 960 Wien, 17.2.1900.
219 974 1824 1081 Mein lieber Richard, Paul wohnt Berlin,Hotel Saxonia,
227 1019 1855 1143 in der Königgrätzer Strasse; sein Onkel heisst Fedor,
233 1081 1775 1191 und ich komme nicht nach Italien. Was ich mache? -
235 1129 1802 1234 eine Novelle schreiben, an der ich zeitweilig Freude
235 1187 1777 1292 habe, meinem Ohrensausen zuhören und dem was es be-
239 1228 1886 1339 deutet, - mich meistens einsam, oder besser vereinsamt,
239 1284 1806 1389 oder noch besser - vereinsamend fühlen - Ihnen heut
279 1329 1853 1445 eine Beatrice geschickt haben - und Sie - ohne Neid
239 1436 549 1509 beneiden.
248 1440 1758 1548 Ich möchte aber auch wissen, was Sie machen, ob Sie
241 1490 1855 1612 sich wohl fühlen, ob sich Ihre Frau erholt hat, ob Sie
248 1544 1876 1651 was arbeiten,ob Sie Menschen kennen gelernt
250 1616 1783 1698 haben, ob Sie schon eine Nachricht von Hugo haben.-
256 1668 1841 1750 Seit Sie und Hugo weg sind, bin ich fast nie im Club.
250 1707 1765 1812 Wassermann, auch Leo sind beinahe allabendlich bei
260 1752 1789 1859 dem asthmatischen Naschauer; ich war 2mal dort und
250 1808 1789 1911 habe bei dieser Gelegenheit einmal 21,einmal Poker
260 1888 1562 1961 mit Herzl und den Naschauerinnen gespielt.
256 1915 1775 2006 Ein neues Buch, von dem dempfenden Jüngling Messer
264 1963 1859 2055 verfasst, werd ich Ihnen schicken, damit Ihnn auch in
256 2018 1734 2124 Pegli einmal übel wird.- Der Roman von Wolff ist
266 2066 1841 2173 sehr anständig intentionirt und ohne Geschmacklosig
266 2140 1795 2229 keiten. Mit Vergnügen les ich die Kuh Hebbel Bio-
301 2192 1816 2276 graphie. Den Götterliebling heb ich mir auf einen
262 2229 1810 2324 Frühlingstag auf dem Land auf. Denken Sie, dass Ihr
274 2283 1748 2375 Buch erst vor 2 Tagen hier in den Buchhandlungen
266 2320 1925 2431 angekommen ist. Frau Ells Hirschfeld - um Ihnen nichts
268 2402 1870 2472 zu verschweigen — ist schon ganz,beinah ganz gesund,
268 2441 1892 2536 und Georg H. ist mir wieder viel sympathischer gewor-
279 2503 1899 2578 den. Frau Fulda ist seit ein paar Tagen in Wien, resp.
272 2545 1721 2633 Hietzing,- Schlenther hat die Bea. in im ganzen
274 2586 1837 2679 recht vernünftiger Weise zusammengestrichen und ist
274 2654 1905 2739 jetzt auch für Kainz Dichter, Reimers Herzog. Aber ich
279 2699 1841 2794 bin wieder schwankend geworden.- Ueber die Beatrice
268 2757 1816 2838 schreiben Sie mir nichts; vielleicht sagen Sie mir
268 2815 1548 2887 noch einiges, wenn Sie wieder zurück sind.
268 2887 1414 2951 Leben Sie wohl.Von Herzen Ihr Arthur.
279 2926 945 3017 (nach Pegli bei Genua)
