2388 3993
1382 261 1872 393 1½ „ „ —: —:
234 279 705 397 3.°  ̃   =  =
732 273 850 389 a le
968 761 1096 840 -27-
350 900 1905 1009 Leben Sie wohl und schreiben Sie einem doch wenig
345 951 1838 1049 stens endlich einmal, wann man Sie "wieder haben"
347 1040 511 1106 wird.
356 1069 1096 1156 Herzlich der Ihre Arthur
368 1106 1526 1197 ’Zeit“ wird besorgt. Sie ist sehr gut.
1574 1177 1820 1313 (s. S. 29)
360 1206 1158 1324 (nach Neapel Hotel Hassler)
972 1324 1111 1388 ----
1872 1390 1989 1479 45
1189 1394 1642 1495 Wien, 26.10.94.
352 1506 1899 1613 Lieber Richard, ich denke, der Brief da trifft noch
368 1574 1915 1652 vor Ihnen in Venedig ein - so bin ich also aller
368 1617 1915 1719 peinvollen Gedanken ledig, die Sie mir für den Fall
368 1669 1865 1760 dass etc. profezeihen.- Heut hab ich Ihren Brief
366 1717 1859 1814 über Pompeji bekommen. "Ueber Tompeji" - d.h. wo
370 1777 1892 1867 Sie sagen, dass Sie sich nach wirklichen römischen
360 1820 1830 1911 Bädern sehnen.- Von mir ist nichts neues zu sa¬
364 1849 1892 1967 gen; nicht viel.- Sie wissen, dass "Sterben" jetzt
364 1903 1836 2018 allmählig erscheint, wissen auch, dass ich grosse
366 1956 1863 2064 Angst vor den Correcturbogen hatte. Ich bin aber
370 2016 1737 2111 angenehm enttäuscht; es ist einiges wirklich
372 2060 1810 2172 schön drin.- Geben Sie nur Acht, was die Kritik
370 2122 1896 2211 sagen wird. Ich bin fest überzeugt, dass man mich
378 2171 1805 2269 viel schlechter, d.h.frecher behandeln wird als
370 2250 960 2333 zu Anatols Zeiten.
407 2256 1843 2368 Die „Liebelei“ werd ich Anfang nächster Woche
380 2324 1489 2422 einreichen (d.i.also vor 1.November.
376 2370 1929 2476 Meine Stimmung ist nicht sehr gut. Ich spüre
381 2422 1830 2515 die Enge meiner Existenz zuweilen schmerzlich.
380 2473 1777 2566 Und wenn man sich über die Enge schon hinweg-
387 2517 1839 2620 täuscht durch ehrliche Versuche, wenigstens mit
385 2571 1793 2668 des Geistes Flügeln (zu denen - ach so leicht
381 2618 1899 2718 kein körperliches u.s.w.) allein davonzuflattern;
381 2664 1783 2779 da kommt plötzlich das gewisse Damoklesgefühl
380 2718 1905 2842 über einen. Sie wissen: die vielen,vielen Schwer-
381 2777 1867 2895 ter - aber sie tödten nicht einmal alle gleich.-
