2375 4008
1853 315 2029 431 1
1199 811 1337 896 -12-
1288 940 1702 1037 undatiert,
1290 979 1993 1101 ofienbar Ende April 93
468 1114 1969 1230 Lieber Richard, hier ist der Sitz, Sie bringen ihn
460 1163 1958 1281 sicher noch leicht an.- (schlimmstenfalls an der
453 1205 1971 1337 Kasse) Ich kann nicht gehn, wegen Papa, der stark
466 1269 1873 1387 fiebert und meinetwegen, der Abends wenigstens
472 1317 1952 1435 schwach fiebert. Ich werde sehen, ob ich heut um
470 1381 1652 1499 10 ins Café kommen kann - ich hoffe! -
507 1426 1975 1534 Von Fels kam Telegramm: er bittet um 25 fl., um
472 1451 2068 1592 abreisen zu können. Ich sandte ihm die 15 von Loris
476 1552 1484 1644 resp. Fischer,u. von mir zehn.—
486 1590 1706 1693 Specht geht vielleicht zum ledigen Hof?
493 1625 1989 1739 Vielleicht theilen Sie mir irgendwie mit, was für
491 1675 2045 1803 Sonntag morgen Nachmittag projektirt ist; kann ich
491 1735 2151 1851 auf ein paar Stunden mit Euch sein, möcht ichs gerne.
511 1828 1325 1925 Herzlich der Ihre Arthur.-
1105 1913 1285 1983 ====  =====-
