2405 3994
381 274 555 366 1 1/2
1009 778 1150 847 -47-
1962 833 2054 929 68
1218 866 1635 962 Wien, 27.6.96.
417 949 1889 1050 Lieber Richard, ich bin hier noch bis zum 2. Juli
417 1046 1829 1113 für Briefe anzutreffen. Ich notire Ihnen hier
424 1097 1917 1175 gleich die Daten, wann und wohin Sie event. Tele-
424 1156 1175 1222 gramme abzusenden haben:
417 1195 1105 1271 am 6. Juli nach Hamburg
422 1250 1085 1328 am 9. Juli nach Bergen
1105 1236 1412 1324 (Norwegen)
422 1301 1238 1363 am 14.Juli nach Trondjheim
422 1355 1218 1422 am 23.Juli nach Trondjhem
417 1414 1254 1471 am 25. Juli nach Kristiania.
422 1457 1097 1529 Briefe, wissen Sie ja.-
417 1502 1977 1572 Wünsch Ihnen gute Stimmung und hoffe häufige Nach¬
411 1563 2056 1629 richten. Grüssen Sie Paula. Herzlich der Ihre Arthur.
444 1621 1191 1694 Brahm lässt Sie grüssen.
415 1711 1314 1811 (nach Salzburg post restante)
1203 1907 1588 1997 Wien, 2.7.96.
399 2009 1985 2083 Lieber Richard,wenn Sie nicht in der Correspondenz-
399 2075 1788 2140 kartenstimmung sind, raffen Sie sich zu einem
438 2136 1868 2194 Brief auf. Paul kommt nach Dänemark. Schreiben
399 2192 1983 2257 Sie ihm. Ich reise Freitag Abend Hamburg. Dort post
399 2245 1833 2304 rest. hoffe ich Nachricht von Ihnen zu finden.
399 2290 1862 2359 Am 7.geht mein Schiff ab. Nach Trondjhem senden
397 2347 1944 2408 Sie eine (briefl.) Nachricht am 9.Juli, eine zweite
393 2390 1887 2462 am 18.Juli. - Telegramme wissen Sie ja. Gehen Sie
391 2441 1862 2507 nicht nach München? Vielleicht doch mit mir auf
393 2503 1848 2548 der Rückseise.- Seien Sie vielmals herzlich ge-
397 2554 1793 2615 grüsst und grüssen Sie Paula. Ihr Arthur Sch.
397 2629 1260 2736 (nach Fürberg a.Wolfgangsee)
947 2738 1080 2812 ====
