2400 3994
877 268 1081 376 V. W.
1539 272 1773 390 1:° 1:
1893 284 2057 398 1
538 262 750 386 " " " "
2165 288 2245 388 1
2053 766 2137 853 34
1033 807 1171 897 -19-
1249 851 2113 947 Pörtschach am See, 27.8.93.
448 949 1989 1047 Lieber Richard, aus Pieve di Cadore schrieben wir
454 1013 2015 1093 dem Verfasser von Tizians Tod:- aus Pörtschach dem
460 1063 1915 1157 Verfasser des Kindes - Denn ebenso wahr es ist
462 1125 2069 1209 dass Tizian in Pieve di Cadore geboren wurde, ebenso
482 1169 1983 1251 wahr ist es, dass hier schon manches Kind geboren
452 1247 618 1315 ward
514 1277 1885 1359 Wir haben eine schöne Tour gemacht; näheres
448 1327 1863 1415 mündlich. Ihnen gehts hoffentlich gut und wir
466 1397 1337 1467 grüssen Sie herzlich! Arthur
460 1437 1991 1509 Ich habe Aie hier ohne Backenbart gesehen, sorgen
460 1479 2063 1565 dafür, dass er rasch wieder wächst. Frl. Anna Hiller,
460 1531 1835 1629 die mir das Bild zeigte, grüsst Sie. Ich auch
460 1603 839 1685 Ihr Salten.
472 1671 2025 1769 (nach Znaim, k,k. Lieutenant im Infanterie-Regiment
456 1759 654 1843 Nr. 99)
1141 1793 1279 1855 ====
1529 1809 2115 1909 (undatierte Visite-
1545 1891 1745 1967 karte)
468 1997 1343 2077 An den Verfasser des "Kinds"
472 2051 1965 2133 Wir haben eine Stunde ununterbrochen über Sie
472 2089 2059 2191 gesprochen. Auch der Autor des „Begräbnisses“ blieb
472 2149 1993 2241 nicht unerwähnt.- Es ist bedauerlich, dass solche
498 2195 2013 2281 Männer ihre Nächte in Dominoorgien verbringen.-
498 2255 1991 2337 In Hochachtung Dr.Arthur Schnitzler,in aufrich-
468 2319 1961 2385 tiger Bewunderung und Wertschätzung Karl Kraus,
470 2367 1347 2472 ergebenst A. Schick.
1153 2468 1293 2526 ====
