2405 3994
384 273 492 394 1e
1565 287 1724 392 1 1
904 830 1047 896 -48-
1117 912 1571 1000 Hamburg, 9.7.96
1971 940 2051 1039 70
1121 968 1784 1063 Hotel zum Kronprinzen
378 1079 1953 1157 Lieber Richard, leider muss ich Mitteleuropa verlas-
406 1143 1900 1197 sen, ohne weitere Nachricht von Ihnen gefunden zu
380 1187 1916 1251 haben. Ich war 3 Tage in Hamburg und schreibe die-
410 1249 1920 1312 se Karte in Lübeck, wohin mich ein Ausflug führte.
380 1300 1898 1356 Ich bin in guter, aber nicht hoher Stimmung. Heute
378 1352 1957 1414 Abend geh ich "an Bord" der Soerre Sigurdson, Ist's
378 1406 1852 1468 nicht ein trauriges Leben, darin man nicht, einmal
378 1458 1836 1521 mehr "an Bord" ohne Anführungszeichen schreiben
378 1505 1934 1569 kann? — Ich hoffe in Trondjhem Briefe von Ihnen zu
378 1557 1977 1633 finden. Grüsse Sie herzlich; grüssen Sie auch Paula.
378 1613 719 1697 Ihr Arthur,
378 1715 1241 1810 (nach Fürberg a/Wolfgangsee)
990 1834 1121 1888 -- — —
1193 1918 1760 2011 Trondjhem 15.7.96
366 2005 1916 2091 Mein lieber Richard, ich freu mich hier Ihren Brief
368 2083 1904 2147 gefunden zu haben - ich antwort Ihnen gleich diese
368 2135 1884 2200 2 Zeilen, weil es heut Abend wieder weiter und im-
360 2190 1818 2256 mer weiter geht. Glauben Sie mir, Sie haben viel
366 2238 1942 2298 versäumt - nun eben komm ich aus dem Dom von Dront-
358 2282 1312 2352 heim und hab Ihnen was gekauft.
358 2334 1971 2408 Sie wissen ja, wo mich Ihre Briefe treffen?- Arbeiten
356 2388 1912 2481 werden Sie hoffentlich mehr als ich-? Herzlich Ihr
1396 2447 1617 2527 Arthur.
358 2521 890 2613 (nach Kopenhagen)
