2407 4023
514 290 632 387 ###
798 321 883 418 4.„
1854 335 2006 428 1
1531 319 1761 449 1 1 1/1
1002 825 1130 903 -93-
1913 870 2035 963 168
1200 911 1673 1014 Ischl, 3.8.1900.
405 1012 2035 1101 Lieber Richard, ich kann den Vortheil Ihres neuen Vor-
416 1093 2018 1158 schlags nicht einsehn. Das missliche daran ist: doch
416 1146 2000 1214 per Bahn nach Jenbach fahren müssen, dann wieder von
416 1200 2008 1263 Sterzing nach Innsbruck zurück müssen. Vergessen Sie
412 1249 1967 1300 nicht, unsere Absicht ist: von Zell a. See nach Inns-
416 1298 2041 1372 bruck, auf einen neuen Weg, zu kommen. Ueberdies kostet
409 1350 2012 1409 Ihre Tour 1 Tag mehr, u. Kerr möchte uns in Innsbruck
412 1405 2006 1467 treffen. Nach meinem Reisebuch bietet das Pfitscher
409 1455 1973 1512 Joch kaum mehr als Krimmel und Gerlos, und die Sache
416 1506 1638 1562 ist weit bequemer. Ich schlage also vor:
412 1558 1979 1632 Salzburg ab Montag (spätestens Dienstag) Nachmittag
409 1613 1874 1695 3.12. Ankunft Zell am See 5.43. Post Kesselfall.
409 1656 809 1720 Uebernachten
405 1702 1171 1778 Dienstag (resp. Mittwoch)
409 1749 1905 1823 Spaziergang Moserboden, zurück Kesselfall, bis Zell
397 1815 1354 1891 am See, Bahn (4.50 nach Krimml)
409 1864 809 1924 Uebernachten.
403 1909 1841 1990 Mittwoch Krimml Gerlos (Fusspartie - 4 Stunden)
399 1961 1514 2035 Herlos — Zell (Zillerthal) 4 Stunden
403 2025 1872 2088 Zell-Jenbach (Wagen, abends Innsbruck,4 Stunden.)
393 2076 1926 2142 Das Pfitscher Joch ist einfach "lohnend", hat nicht
393 2117 981 2197 einmal einen Stern!
1097 2134 1868 2216 und ist viel schwerer als
399 2171 644 2237 Gerlos. -
397 2220 1994 2290 Was nun die Schweiz anbelangt: Uebergang direct nach
387 2276 1996 2348 Klosters dem Uebergang nach Kübl. vorzuziehn, da wir
397 2323 2039 2407 jedenfalls nach Klosters und von da nach Davos müssen;
393 2383 1998 2448 von da Flüelapass nach Samaden und Pontresina. (Fahr-
383 2426 669 2496 strasse).
449 2477 1951 2568 Im übrigen werden wir keinen Richter brauchen, da-
381 2527 788 2592 gegen Träger.
381 2578 1985 2652 Georg H. wird fast sicher nicht mitkommen, obwohl ich
377 2648 1971 2699 ihn auf den Knieen beschworen habe. Menschlicher Vo-
383 2687 1881 2767 raussicht nach (fassen Sie dieses "Mensch"- nicht
377 2736 2029 2817 falsch auf) wird ich Sonntag den 12. in Salzburg sein.
372 2792 1823 2887 Ich bin sehr dafür, schon Montag abzufahren. Von
