2379 3992
230 232 566 370 V. U....
1548 246 1836 368 Votre très jusqu'a près de moyen, et de l'a-
1878 246 2072 362 1 1
824 242 1068 386 18 "
1180 414 1410 498 Deutschermeuble
2042 414 2296 510 Examinierung.
1968 654 2060 762 131
986 716 1126 796 -76-
1320 788 1766 880 Wien, 16.12.98
434 866 2042 1020 Lieber Richard,Georg Hirschfeld liest Montag bei mir
452 950 1998 1066 (£10) sein neues Stück vor. Wenn Sie können kommen
452 982 2056 1122 Sie. Ich wollte Sie heute Vormittag sprechen; leider
454 1046 1934 1172 ohne Erfolg. Ich denke, Samstag Abend im Pfob, ja?
448 1142 1136 1234 Herzlichst Ihr Arthur.
460 1254 648 1346 (w.o.)
950 1298 1112 1354 ====  =====
1988 1318 2086 1412 132
1406 1356 1696 1446 28.12.98
458 1466 1946 1578 Lieber Richard, das können Sie auffassen wie Sie
464 1522 2040 1626 wollen, als Weihnachtsgeschenk, xxxx als Hochzeitsge-
464 1562 2062 1680 schenk, als Tauf(?) geschenk - oder nur als Geschmack-
474 1630 2080 1730 losigkeit - und auf die 2 Sesseln können sich Mirjam
478 1684 2050 1780 und Noemi setzen und auf das Tischerl gehören Viga-
478 1730 2046 1830 retten oder sin Buch oder ein hölzerner Engel; oder
482 1786 1996 1888 Sie können alles zusammen in den Ofen werfen oder
482 1842 1990 1940 ich kann es auch umtauschen; jedenfalls leben Sie
484 1898 2020 1988 wohl und seien Sie herzlich gegrüsst wie die Ihri-
484 1972 1104 2066 gen alle Ihr Arthur.
970 2072 1138 2132 ====  =====
