2394 4008
1062 322 1236 405 1 1/2
278 659 646 744 DATES DES ACTES
1035 817 1158 883 -16-
378 960 1773 1052 meinem Schwager - auf den Kahlenberg u.s.w.-
391 985 1910 1110 Was gibts in Ischl? - Sprachen Sie Benedikts häu-
395 1037 1854 1155 fig?- Was macht der Götterliebling? Hat Freund
386 1083 1850 1189 schon der Flegmann geantwortet?- Wird noch viel
389 1128 1831 1241 über das Stück geschimpft#) - wirds noch einmal
395 1168 1881 1288 aufgeführt? Sprechen Sie Jarno? - Wie gehts der
937 1230 1795 1316 Sie werden allerdings keine
393 1268 921 1343 kleinen Wreden? -
422 1266 1800 1388 Lust haben es zu erforschen.- Ist die Griebl
395 1315 1885 1438 und die alte Friese schon ins Kloster gegangen?
403 1363 1897 1488 Schreiben Sie bald, wenn auch wenig. Herzlich Ihr
405 1467 1866 1582 Senden Sie mir das Ischler Wochenblatt mit der
432 1465 769 1544 Arthur Sch.
393 1577 625 1650 Kritik.
449 1640 1081 1762 (nach Ischl, Schulg.)
1020 1754 1164 1821 ==== ̃
1970 1762 2057 1845 30
1338 1812 1725 1908 Wien, 3.8.93.
420 1916 1970 2049 Lieber Richard, eben habe ich die Camelia's wieder-
432 1974 1916 2097 gelesen und kann Sie versichern, dass sie die ge-
434 2012 1941 2140 fährliche Probe des Wiederlebens aufs glücklich-
424 2076 1891 2193 ste bestanden haben. Die Skizze ist eine Stief-
430 2120 1866 2244 schwester Ihres "Kind's"; das Blut des Vaters
441 2155 1989 2303 pulsirt drin und dass Sie nun eine neue Muse ha-
436 2217 1866 2346 ben, darf Sie gegen die frühere, mit der Sie die
476 2267 1893 2392 Camelias gezeugt haben, nicht ungerecht machen.
470 2321 1968 2456 Dagegen muss ich aber bemerken, dass mir die Mieß
443 2359 1974 2515 derstelle noch unangenehmer auffiel, als das erste
465 2406 1966 2548 Mal; sie ist absolut überflüssig und ausschliess-
445 2469 1922 2602 lich widerlich. Mit demselben Recht dürften Sie
449 2521 1920 2648 darauf bestehen, den abendlichen Stuhlgang Ihres
476 2569 1949 2697 Helden zu schildern; ja beinahe mit mehr Recht;
455 2618 1953 2760 denn er ist natürlicher und berechtigter als das
478 2675 1929 2812 Mieder. Zur Charakteristik Freddys gehört es
461 2718 1947 2862 auch absolut nicht. Sie sollten Freddy auch et-
463 2791 1850 2912 was älter machen; denn es ist mir unangenehm,
459 2808 1995 2986 dass man sich mit 38 Jahren schon so fürchterlich
515 2980 827 3090 +) Anatol
