<?xml version="1.0" encoding="UTF-8" standalone="yes"?>
<PcGts xmlns="http://schema.primaresearch.org/PAGE/gts/pagecontent/2013-07-15" xmlns:xsi="http://www.w3.org/2001/XMLSchema-instance" xsi:schemaLocation="http://schema.primaresearch.org/PAGE/gts/pagecontent/2013-07-15 http://schema.primaresearch.org/PAGE/gts/pagecontent/2013-07-15/pagecontent.xsd">
    <Metadata>
        <Creator>prov=READ-COOP:name=TrHtr:version=2.1.0:model_id=51170:date=25_07_2023_01:00</Creator>
        <Created>2023-05-01T21:48:40.604+02:00</Created>
        <LastChange>2023-07-25T01:00:56.250+02:00</LastChange>
        <TranskribusMetadata docId="1416402" pageId="54945110" pageNr="138" tsid="130579536" status="IN_PROGRESS" userId="64420" imgUrl="https://files.transkribus.eu/Get?id=BGPLJBNGJARQMEMRKASQKZVB&amp;fileType=view" xmlUrl="https://files.transkribus.eu/Get?id=ETDUJPWFVZTZQVXQFKYSWJCI" imageId="44449195"/>
    </Metadata>
    <Page imageFilename="1416402_0138.jpg" imageWidth="2421" imageHeight="4040">
        <ReadingOrder>
            <OrderedGroup id="ro_1711832939182" caption="Regions reading order">
                <RegionRefIndexed index="0" regionRef="tr_3"/>
                <RegionRefIndexed index="1" regionRef="tr_2"/>
                <RegionRefIndexed index="2" regionRef="tr_1"/>
            </OrderedGroup>
        </ReadingOrder>
        <TextRegion id="tr_3" custom="readingOrder {index:0;}">
            <Coords points="871,794 1996,794 1996,1057 871,1057"/>
            <TextLine id="tr_3_tl_1" custom="readingOrder {index:0;}">
                <Coords points="858,877 926,881 981,867 998,871 1010,858 1031,854 1033,807 1020,809 994,795 969,797 936,785 883,820 860,822"/>
                <Baseline points="871,850 901,850 945,850 990,850 1035,844"/>
                <TextEquiv>
                    <Unicode>-131-</Unicode>
                </TextEquiv>
            </TextLine>
            <TextLine id="tr_3_tl_2" custom="readingOrder {index:1;}">
                <Coords points="1840,959 1856,965 1860,961 1864,967 1879,961 1899,975 1916,969 1922,975 1930,969 1938,975 1955,965 1991,969 1998,895 1985,895 1934,846 1916,858 1889,856 1875,871 1848,867"/>
                <Baseline points="1852,945 1861,945 1906,939 1951,936 1996,933"/>
                <TextEquiv>
                    <Unicode>274</Unicode>
                </TextEquiv>
            </TextLine>
            <TextLine id="tr_3_tl_3" custom="readingOrder {index:2;}">
                <Coords points="1076,1020 1323,992 1444,987 1502,1012 1602,981 1711,992 1717,903 1680,916 1606,889 1469,918 1428,895 1305,944 1143,918 1080,944"/>
                <Baseline points="1089,993 1092,993 1136,993 1181,993 1226,990 1271,990 1315,987 1360,984 1405,981 1450,978 1494,975 1539,972 1584,972 1629,969 1673,969 1718,969"/>
                <TextEquiv>
                    <Unicode>Edlach, Edlacher Hof,</Unicode>
                </TextEquiv>
            </TextLine>
            <TextLine id="tr_3_tl_4" custom="readingOrder {index:3;}">
                <Coords points="1117,1061 1158,1051 1182,1061 1194,1053 1215,1059 1237,1047 1260,1059 1287,1049 1317,1055 1344,1041 1371,1047 1375,994 1352,1000 1323,992 1307,1002 1276,1004 1227,998 1209,1014 1188,1002 1119,1002"/>
                <Baseline points="1127,1044 1151,1047 1196,1044 1241,1044 1285,1041 1330,1038 1375,1035"/>
                <TextEquiv>
                    <Unicode>31.7.09.</Unicode>
                </TextEquiv>
            </TextLine>
        </TextRegion>
        <TextRegion id="tr_2" custom="readingOrder {index:1;}">
            <Coords points="286,1012 1945,1012 1945,2128 286,2128"/>
            <TextLine id="tr_2_tl_1" custom="readingOrder {index:0;}">
                <Coords points="275,1149 1735,1096 1815,1074 1817,1012 277,1084"/>
                <Baseline points="286,1136 298,1136 343,1136 387,1133 432,1130 477,1130 522,1127 566,1124 611,1121 656,1118 701,1118 745,1118 790,1115 835,1112 880,1109 924,1109 969,1103 1014,1103 1059,1103 1103,1101 1148,1098 1193,1095 1238,1092 1283,1092 1327,1089 1372,1086 1417,1086 1462,1080 1506,1077 1551,1074 1596,1071 1641,1071 1685,1071 1730,1071 1775,1065 1820,1062"/>
                <TextEquiv>
                    <Unicode>Lieber Richard, Ihnen allen innig theilnahmsvollen</Unicode>
                </TextEquiv>
            </TextLine>
            <TextLine id="tr_2_tl_2" custom="readingOrder {index:1;}">
                <Coords points="295,1207 1815,1133 1852,1076 297,1149"/>
                <Baseline points="307,1190 334,1187 378,1184 423,1184 468,1181 513,1178 557,1175 602,1175 647,1172 692,1172 736,1166 781,1166 826,1163 871,1163 916,1163 960,1160 1005,1157 1050,1154 1095,1151 1139,1148 1184,1148 1229,1142 1274,1145 1318,1142 1363,1142 1408,1136 1453,1133 1497,1130 1542,1127 1587,1127 1632,1124 1676,1121 1721,1121 1766,1118 1811,1115 1855,1115"/>
                <TextEquiv>
                    <Unicode>Gruss und Händedruck, auch von Olga. Wir wissen, wie</Unicode>
                </TextEquiv>
            </TextLine>
            <TextLine id="tr_2_tl_3" custom="readingOrder {index:2;}">
                <Coords points="293,1256 1860,1188 1907,1127 295,1209"/>
                <Baseline points="304,1244 343,1241 387,1238 432,1238 477,1232 522,1232 566,1229 611,1226 656,1223 701,1220 745,1220 790,1217 835,1217 880,1214 924,1214 969,1211 1014,1211 1059,1205 1103,1205 1148,1199 1193,1199 1238,1196 1283,1196 1327,1196 1372,1190 1417,1187 1462,1184 1506,1181 1551,1178 1596,1178 1641,1175 1685,1175 1730,1172 1775,1169 1820,1169 1864,1169 1909,1163"/>
                <TextEquiv>
                    <Unicode>gern Sie diese Frau gehabt haben; es müssen traurige</Unicode>
                </TextEquiv>
            </TextLine>
            <TextLine id="tr_2_tl_4" custom="readingOrder {index:3;}">
                <Coords points="291,1305 1864,1233 1866,1186 293,1256"/>
                <Baseline points="304,1291 349,1288 393,1288 438,1288 483,1285 528,1283 572,1277 617,1277 662,1277 707,1274 751,1271 796,1271 841,1271 886,1265 930,1262 975,1262 1020,1259 1065,1256 1109,1256 1154,1253 1199,1250 1244,1247 1288,1247 1333,1244 1378,1241 1423,1238 1468,1235 1512,1232 1557,1232 1602,1229 1647,1226 1691,1226 1736,1223 1781,1220 1826,1220 1870,1220"/>
                <TextEquiv>
                    <Unicode>Tage für Sie sein. Schreiben Sie mir doch bald ein</Unicode>
                </TextEquiv>
            </TextLine>
            <TextLine id="tr_2_tl_5" custom="readingOrder {index:4;}">
                <Coords points="289,1342 1801,1291 1864,1233 291,1305"/>
                <Baseline points="301,1339 346,1342 390,1339 435,1339 480,1336 525,1333 569,1333 614,1330 659,1327 704,1324 748,1321 793,1321 838,1321 883,1318 927,1315 972,1312 1017,1309 1062,1309 1106,1306 1151,1303 1196,1303 1241,1300 1285,1297 1330,1294 1375,1291 1420,1288 1465,1285 1509,1283 1554,1283 1599,1283 1644,1277 1688,1274 1733,1274 1778,1274 1823,1271 1867,1268"/>
                <TextEquiv>
                    <Unicode>Wort, wie lange Sie in Wien bleiben werden. Möchten</Unicode>
                </TextEquiv>
            </TextLine>
            <TextLine id="tr_2_tl_6" custom="readingOrder {index:5;}">
                <Coords points="295,1401 1657,1350 1860,1330 1864,1280 297,1354"/>
                <Baseline points="307,1396 346,1393 390,1393 435,1390 480,1387 525,1384 569,1384 614,1378 659,1378 704,1375 748,1372 793,1372 838,1369 883,1369 927,1363 972,1363 1017,1360 1062,1357 1106,1357 1151,1357 1196,1354 1241,1351 1285,1348 1330,1345 1375,1345 1420,1342 1465,1339 1509,1336 1554,1333 1599,1330 1644,1330 1688,1327 1733,1327 1778,1324 1823,1321 1867,1318"/>
                <TextEquiv>
                    <Unicode>Sie sich nicht doch entschliessen hieher zu</Unicode>
                </TextEquiv>
            </TextLine>
            <TextLine id="tr_2_tl_7" custom="readingOrder {index:6;}">
                <Coords points="293,1471 1926,1389 1942,1334 297,1401"/>
                <Baseline points="307,1444 334,1444 378,1444 423,1441 468,1441 513,1438 557,1432 602,1435 647,1429 692,1429 736,1429 781,1423 826,1423 871,1420 916,1417 960,1417 1005,1414 1050,1411 1095,1408 1139,1408 1184,1405 1229,1402 1274,1402 1318,1399 1363,1396 1408,1393 1453,1390 1497,1387 1542,1387 1587,1384 1632,1384 1676,1381 1721,1381 1766,1378 1811,1375 1855,1372 1900,1372 1945,1375"/>
                <TextEquiv>
                    <Unicode>kommen? Wir würden uns so sehr freuen und ich glaube,</Unicode>
                </TextEquiv>
            </TextLine>
            <TextLine id="tr_2_tl_8" custom="readingOrder {index:7;}">
                <Coords points="305,1508 1895,1455 1928,1385 307,1457"/>
                <Baseline points="316,1497 319,1497 364,1494 408,1494 453,1491 498,1491 543,1488 587,1485 632,1485 677,1482 722,1476 766,1479 811,1476 856,1473 901,1470 945,1468 990,1465 1035,1462 1080,1462 1124,1459 1169,1456 1214,1456 1259,1456 1303,1456 1348,1450 1393,1447 1438,1447 1482,1441 1527,1441 1572,1441 1617,1438 1661,1435 1706,1432 1751,1429 1796,1429 1840,1426 1885,1423 1930,1423"/>
                <TextEquiv>
                    <Unicode>für Sie alle wäre die Luft hier, trotz gelegentlicher</Unicode>
                </TextEquiv>
            </TextLine>
            <TextLine id="tr_2_tl_9" custom="readingOrder {index:8;}">
                <Coords points="305,1559 1836,1498 1838,1440 307,1508"/>
                <Baseline points="316,1551 319,1548 364,1548 408,1545 453,1545 498,1542 543,1539 587,1536 632,1533 677,1533 722,1530 766,1530 811,1527 856,1527 901,1524 945,1521 990,1518 1035,1515 1080,1515 1124,1512 1169,1509 1214,1509 1259,1506 1303,1503 1348,1503 1393,1500 1438,1497 1482,1494 1527,1491 1572,1491 1617,1491 1661,1485 1706,1482 1751,1482 1796,1482 1840,1482"/>
                <TextEquiv>
                    <Unicode>Mittagsschwüls (Abends immer kühl) sehr angenehm.</Unicode>
                </TextEquiv>
            </TextLine>
            <TextLine id="tr_2_tl_10" custom="readingOrder {index:9;}">
                <Coords points="299,1616 1789,1563 1871,1547 1873,1494 301,1561"/>
                <Baseline points="310,1602 355,1599 399,1599 444,1596 489,1596 534,1590 578,1590 623,1587 668,1587 713,1584 757,1578 802,1578 847,1578 892,1575 936,1575 981,1572 1026,1569 1071,1569 1115,1566 1160,1566 1205,1563 1250,1560 1294,1557 1339,1557 1384,1554 1429,1554 1473,1548 1518,1548 1563,1545 1608,1542 1652,1539 1697,1536 1742,1533 1787,1533 1832,1530 1876,1530"/>
                <TextEquiv>
                    <Unicode>Die Spaziergänge charmant, vielfältig, jeder Art von</Unicode>
                </TextEquiv>
            </TextLine>
            <TextLine id="tr_2_tl_11" custom="readingOrder {index:10;}">
                <Coords points="299,1668 820,1647 858,1641 863,1590 303,1614"/>
                <Baseline points="313,1655 328,1655 372,1652 417,1650 462,1647 507,1647 551,1644 596,1641 641,1641 686,1635 731,1632 775,1632 820,1629 865,1626"/>
                <TextEquiv>
                    <Unicode>Ansprüchen gemäss.</Unicode>
                </TextEquiv>
            </TextLine>
            <TextLine id="tr_2_tl_12" custom="readingOrder {index:11;}">
                <Coords points="307,1707 1930,1651 1932,1592 307,1682"/>
                <Baseline points="319,1700 325,1700 369,1697 414,1700 459,1697 504,1694 549,1694 593,1691 638,1688 683,1688 728,1685 772,1682 817,1679 862,1679 907,1676 951,1673 996,1673 1041,1670 1086,1667 1130,1667 1175,1664 1220,1661 1265,1658 1309,1658 1354,1655 1399,1652 1444,1652 1488,1650 1533,1650 1578,1647 1623,1644 1667,1641 1712,1638 1757,1638 1802,1635 1846,1635 1891,1632 1936,1632"/>
                <TextEquiv>
                    <Unicode>- Wir denken bis Ende August zu bleiben, doch wäre es</Unicode>
                </TextEquiv>
            </TextLine>
            <TextLine id="tr_2_tl_13" custom="readingOrder {index:12;}">
                <Coords points="313,1766 1784,1713 1838,1653 316,1705"/>
                <Baseline points="325,1754 364,1754 408,1754 453,1751 498,1748 543,1748 587,1745 632,1742 677,1742 722,1739 766,1736 811,1733 856,1733 901,1730 945,1727 990,1727 1035,1724 1080,1721 1124,1718 1169,1718 1214,1712 1259,1712 1303,1712 1348,1709 1393,1706 1438,1703 1482,1700 1527,1700 1572,1697 1617,1697 1661,1694 1706,1691 1751,1688 1796,1688 1840,1685"/>
                <TextEquiv>
                    <Unicode>sehr möglich, dass ich in der zweiten Augusthälfte</Unicode>
                </TextEquiv>
            </TextLine>
            <TextLine id="tr_2_tl_14" custom="readingOrder {index:13;}">
                <Coords points="307,1809 1827,1768 1848,1700 307,1778"/>
                <Baseline points="319,1808 328,1805 372,1805 417,1805 462,1802 507,1799 551,1799 596,1796 641,1793 686,1793 731,1793 775,1790 820,1787 865,1784 910,1781 954,1778 999,1775 1044,1775 1089,1775 1133,1772 1178,1769 1223,1769 1268,1766 1312,1766 1357,1763 1402,1760 1447,1760 1491,1754 1536,1754 1581,1751 1626,1748 1670,1748 1715,1745 1760,1742 1805,1742 1849,1742"/>
                <TextEquiv>
                    <Unicode>auf ca. 8 Tage nach München gehe (aus praktischen</Unicode>
                </TextEquiv>
            </TextLine>
            <TextLine id="tr_2_tl_15" custom="readingOrder {index:14;}">
                <Coords points="272,1889 354,1866 576,1852 858,1856 877,1852 879,1789 832,1815 783,1793 695,1811 613,1801 588,1825 555,1801 469,1823 277,1811"/>
                <Baseline points="286,1861 298,1858 343,1858 387,1858 432,1855 477,1852 522,1849 566,1849 611,1846 656,1843 701,1843 745,1840 790,1840 835,1840 880,1840"/>
                <TextEquiv>
                    <Unicode>Reinhardt Gründen.)</Unicode>
                </TextEquiv>
            </TextLine>
            <TextLine id="tr_2_tl_16" custom="readingOrder {index:15;}">
                <Coords points="318,1922 1881,1860 1883,1809 320,1868"/>
                <Baseline points="328,1915 367,1912 411,1909 456,1906 501,1903 546,1900 590,1897 635,1900 680,1894 725,1891 769,1891 814,1888 859,1888 904,1885 948,1882 993,1882 1038,1879 1083,1879 1127,1876 1172,1873 1217,1870 1262,1867 1306,1867 1351,1867 1396,1864 1441,1861 1485,1855 1530,1855 1575,1852 1620,1852 1664,1852 1709,1849 1754,1849 1799,1846 1843,1846 1888,1843"/>
                <TextEquiv>
                    <Unicode>Lassen Sie doch recht bald hören, wie's Ihnen Allen</Unicode>
                </TextEquiv>
            </TextLine>
            <TextLine id="tr_2_tl_17" custom="readingOrder {index:16;}">
                <Coords points="324,1975 1016,1932 1092,1973 1246,1930 1391,1967 1483,1924 1733,1920 1733,1879 326,1922"/>
                <Baseline points="334,1966 352,1963 396,1960 441,1960 486,1957 531,1954 575,1951 620,1951 665,1948 710,1945 754,1945 799,1942 844,1939 889,1936 933,1933 978,1933 1023,1930 1068,1930 1112,1927 1157,1927 1202,1924 1247,1924 1291,1921 1336,1921 1381,1918 1426,1915 1470,1912 1515,1912 1560,1909 1605,1906 1650,1906 1694,1906 1739,1906"/>
                <TextEquiv>
                    <Unicode>geht. Bei uns gut; der Bub schon ganz gesund.</Unicode>
                </TextEquiv>
            </TextLine>
            <TextLine id="tr_2_tl_18" custom="readingOrder {index:17;}">
                <Coords points="311,2028 686,2008 820,2026 934,1998 1010,2026 1014,1950 928,1955 906,1936 785,1967 625,1950 604,1969 313,1973"/>
                <Baseline points="322,2014 346,2014 390,2011 435,2008 480,2008 525,2005 569,2005 614,2002 659,1999 704,1996 748,1996 793,1993 838,1990 883,1987 927,1987 972,1987 1017,1987"/>
                <TextEquiv>
                    <Unicode>Herzlichst Ihr Arthur,</Unicode>
                </TextEquiv>
            </TextLine>
            <TextLine id="tr_2_tl_19" custom="readingOrder {index:18;}">
                <Coords points="320,2135 502,2151 695,2108 740,2135 830,2137 889,2104 961,2114 965,2030 805,2063 645,2043 572,2069 422,2043 365,2069 324,2061"/>
                <Baseline points="331,2118 340,2118 384,2115 429,2112 474,2109 519,2109 563,2106 608,2103 653,2100 698,2097 742,2097 787,2094 832,2094 877,2094 921,2094 966,2091"/>
                <TextEquiv>
                    <Unicode>(nach Hasenauerstr.)</Unicode>
                </TextEquiv>
            </TextLine>
        </TextRegion>
        <TextRegion id="tr_1" custom="readingOrder {index:2;}">
            <Coords points="334,2160 2106,2160 2106,2951 334,2951"/>
            <TextLine id="tr_1_tl_1" custom="readingOrder {index:0;}">
                <Coords points="1061,2256 1264,2229 1407,2237 1467,2266 1571,2229 1703,2237 1737,2215 1789,2235 1823,2225 1825,2155 1770,2131 1549,2174 1418,2159 1063,2196"/>
                <Baseline points="1074,2231 1112,2234 1157,2231 1202,2231 1247,2231 1291,2228 1336,2225 1381,2225 1426,2222 1470,2219 1515,2216 1560,2213 1605,2213 1650,2210 1694,2210 1739,2210 1784,2210 1829,2210"/>
                <TextEquiv>
                    <Unicode>Hotel am Hochsohnesberg,</Unicode>
                </TextEquiv>
            </TextLine>
            <TextLine id="tr_1_tl_2" custom="readingOrder {index:1;}">
                <Coords points="1076,2313 1117,2309 1137,2317 1164,2309 1182,2325 1199,2317 1225,2325 1303,2307 1340,2311 1342,2237 1252,2235 1229,2258 1192,2239 1176,2239 1164,2252 1147,2243 1121,2243 1112,2252 1078,2247"/>
                <Baseline points="1086,2291 1118,2288 1163,2285 1208,2285 1253,2282 1297,2282 1342,2282"/>
                <TextEquiv>
                    <Unicode>12.8.09.</Unicode>
                </TextEquiv>
            </TextLine>
            <TextLine id="tr_1_tl_3" custom="readingOrder {index:2;}">
                <Coords points="1887,2358 1918,2352 1930,2356 1979,2344 1991,2350 2028,2331 2041,2334 2045,2262 2010,2266 2002,2258 1991,2262 1989,2258 1963,2272 1952,2262 1928,2266 1893,2256"/>
                <Baseline points="1900,2324 1912,2324 1957,2324 2002,2318 2046,2321"/>
                <TextEquiv>
                    <Unicode>275</Unicode>
                </TextEquiv>
            </TextLine>
            <TextLine id="tr_1_tl_4" custom="readingOrder {index:3;}">
                <Coords points="324,2430 565,2469 856,2405 1418,2405 1498,2397 1500,2327 326,2372"/>
                <Baseline points="334,2422 340,2422 384,2419 429,2419 474,2416 519,2413 563,2413 608,2410 653,2407 698,2404 742,2401 787,2401 832,2401 877,2398 921,2395 966,2392 1011,2392 1056,2392 1101,2389 1145,2387 1190,2384 1235,2384 1280,2384 1324,2381 1369,2381 1414,2378 1459,2375 1503,2378"/>
                <TextEquiv>
                    <Unicode>Herzliche Grüsse Ihnen Allen! Arthur.</Unicode>
                </TextEquiv>
            </TextLine>
            <TextLine id="tr_1_tl_5" custom="readingOrder {index:4;}">
                <Coords points="332,2561 826,2510 1057,2536 1162,2495 1664,2526 1709,2516 1713,2413 336,2479"/>
                <Baseline points="346,2530 372,2527 417,2524 462,2521 507,2518 551,2518 596,2515 641,2512 686,2512 731,2509 775,2506 820,2506 865,2503 910,2503 954,2503 999,2497 1044,2497 1089,2494 1133,2491 1178,2491 1223,2488 1268,2488 1312,2485 1357,2485 1402,2479 1447,2479 1491,2476 1536,2476 1581,2473 1626,2473 1670,2473 1715,2476"/>
                <TextEquiv>
                    <Unicode>(nach Venedig - Lido, Grand Hotel des bains.)</Unicode>
                </TextEquiv>
            </TextLine>
            <TextLine id="tr_1_tl_6" custom="readingOrder {index:5;}">
                <Coords points="1170,2704 1354,2721 1477,2694 1686,2698 1688,2643 1614,2626 1575,2649 1522,2622 1422,2626 1362,2647 1172,2637"/>
                <Baseline points="1181,2697 1199,2694 1244,2694 1288,2691 1333,2691 1378,2691 1423,2691 1468,2688 1512,2685 1557,2682 1602,2679 1647,2679 1691,2679"/>
                <TextEquiv>
                    <Unicode>München, 28.8.09</Unicode>
                </TextEquiv>
            </TextLine>
            <TextLine id="tr_1_tl_7" custom="readingOrder {index:6;}">
                <Coords points="1932,2817 1971,2801 1987,2813 2004,2807 2016,2817 2053,2782 2075,2782 2088,2768 2100,2768 2096,2694 2073,2696 2061,2686 2041,2698 2034,2696 2012,2717 1995,2717 1971,2700 1961,2713 1930,2717"/>
                <Baseline points="1942,2765 1987,2768 2031,2768 2076,2771 2106,2771"/>
                <TextEquiv>
                    <Unicode>276</Unicode>
                </TextEquiv>
            </TextLine>
            <TextLine id="tr_1_tl_8" custom="readingOrder {index:7;}">
                <Coords points="340,2852 774,2856 830,2827 953,2846 1090,2819 1151,2842 1155,2741 957,2760 848,2737 594,2788 512,2754 471,2780 344,2774"/>
                <Baseline points="352,2834 396,2834 441,2831 486,2828 531,2828 575,2825 620,2825 665,2822 710,2819 754,2819 799,2816 844,2816 889,2813 933,2810 978,2807 1023,2804 1068,2807 1112,2804 1157,2807"/>
                <TextEquiv>
                    <Unicode>Herzliche Grüsse! Arthur.</Unicode>
                </TextEquiv>
            </TextLine>
            <TextLine id="tr_1_tl_9" custom="readingOrder {index:8;}">
                <Coords points="361,2967 383,2977 447,2952 500,2971 625,2942 660,2960 746,2940 795,2969 860,2932 947,2967 951,2866 836,2856 738,2876 633,2846 531,2860 447,2899 363,2889"/>
                <Baseline points="372,2941 417,2936 462,2936 507,2933 551,2933 596,2930 641,2930 686,2930 731,2927 775,2927 820,2924 865,2921 910,2918 954,2915"/>
                <TextEquiv>
                    <Unicode>(nach Venedig.Lido)</Unicode>
                </TextEquiv>
            </TextLine>
        </TextRegion>
    </Page>
</PcGts>
