2424 4023
2196 288 2303 437 10
983 808 1117 894 -98-
1176 911 1687 1011 Vahrn.10.8.1901.
1930 904 2048 1011 177
416 1001 2008 1127 Mein lieber Richard, am Monnag fahren wir nach Bosen,
418 1071 1963 1168 wo Rendesvous mit Paul, den ich neulich in Welsberg
424 1133 1980 1224 sprach. Dann Trient. Freitag wollen wir in Welsberg
426 1168 1976 1273 (Pusterthal) sein, haben dort Zimmer genommen (Pans,
418 1220 1953 1318 Waldbrunn, entzückend gelegen, 1150 Meter, 20 Minuten
418 1273 1947 1368 von der Bahn) wollen dort die letzten 14 Tage.. ich
412 1329 2006 1438 meine die letzten 14 Tage vor Wien (kümmert man sich
412 1370 1943 1471 dort oben um meine "Meinung?") verbringen. Es wäre
414 1426 1978 1543 wirklich hübsch von Ihnen, wenn Sie auch dorthin kü-
435 1475 1941 1578 men. Ich will auch arbeiten. Nebstbei haben Sie's
400 1510 651 1584 so nah.-
406 1564 1992 1693 Wenn Sie mir gleich antworten, bitte Trient postrest.
400 1615 898 1691 (thun Sie das?).
398 1664 1906 1782 Leben Sie wohl und grüssen Sie Ihr Frau und Ihre
391 1730 1310 1829 Kinder, soweit sie es verstehn.
387 1770 1069 1856 Herzlichst Ihr Arthur,
389 1854 921 1963 (nach Pörtschach)
1127 2031 1965 2142 Welsberg, Waldbrunn, 17.8.01.
363 2120 1967 2237 Mein lieber Richard, seit vorgestern bin ich hier und
365 2179 1928 2291 finde es unverständlich, dass dieser Ort nicht popu-
365 2223 1955 2340 lärer ist: Waldbrunn liegt eine 1/4 Stunde höher als
363 2276 1986 2410 Welsbegg, hat einen schönen Ausblick und gleich hinter
363 2332 1910 2437 dem Hotel (Pension 3.50 alles wirklich gut) herrli-
352 2388 1918 2486 chen Wald. Paul ist noch am Gardasee und kommt mor-
350 2437 1916 2546 gen. Es hätte keinen Sinn, wenn Sie nur auf ein paar
356 2488 1973 2608 Stunden kämen; würden Sie sich aber zu einem längeren
344 2536 2000 2668 Aufenthalt (6-8 Tage) entschliessen, so würde ich auch
344 2577 1941 2705 meinen Aufenthalt verlängern. Unter andern Umständen
338 2645 1961 2773 führe ich in etwa 10 Tagen von hier ab; ich würde Sie
332 2684 1930 2810 dann in Pörtschach besuchen (mit Paul denk ich oder
332 2740 1976 2868 wir treffen uns in Villach? Aber das weitaus sympathi-
336 2791 1835 2907 scheete wäre doch, wenn Sie hieherkämen,die beiden
323 2847 1875 2975 Jungen Damen, die mit mir zugleich hier sind, würden
