2448 4038
1165 240 1285 357 P.S.
1306 245 1389 351 7
1917 724 2064 832 pa8
994 815 1168 914 -138-
1215 871 1947 962 XVIII.Sternwartestr.71.
1217 929 1696 1014 Wien, 23.7.1918.
279 1014 1928 1126 Mein lieber Richard, hier sende ich Ihnen Ihr Gedicht
286 1068 1956 1176 samt Abschrift, von der Sommerremplacantin der braven
288 1174 552 1237 Frieda.-
286 1181 2017 1287 Wir sind leidlich in Ordnung und freuen uns des
290 1243 2004 1345 neuen Heims. Ich fahre Dienstag wieder auf ein paar Ta-
292 1295 1924 1389 ge auf den Semmering, zu Brahm und Kainz, der vom Hof-
299 1347 1958 1438 reiter sehr angethan ist und ihn gleich spielen will.
308 1406 1956 1490 Erster Besuch in diesem Hause: Baron Berger,aus sol-
301 1451 1960 1547 chem Grund. Aber die Sache ist, aus mannigfachen Gäün-
303 1503 1939 1586 den noch nicht ganz sicher.- Ins Salzkammergut, wenn
308 1558 1963 1640 alles in Ordnung, hoffen wir nach 20. August zu reisen.
310 1601 1902 1692 Ich hoffe es geht Ihnen allen so wie wirs wünschen.
314 1677 849 1768 Von Herzen Ihr A.
308 1772 687 1872 (nach Ischl)
1113 1876 2080 2008 Partenkirchen, 23.8.1910. 299
310 2010 977 2116 Herzliche Grüsse! A.
310 2067 1956 2153 Heute wurde am Krankenbett meiner Schwester viel von
314 2121 1913 2214 Ihnen gesprochen. Sie sagt immer wieder: "B.-H. ist
316 2162 2028 2259 von Euch allen der morscht Begabte!“Von hier fahren wir
314 2233 2004 2305 nicht nach Ischl, sondern Frankfurt Lisbelei Opern-Pre-
314 2270 2051 2361 miere, vorher Heidelberg. Herzlichste Grüsse Ihnen Allen
1620 2324 1761 2405 O.S.
325 2389 700 2474 (nach Ischl)
1176 2446 1809 2574 Interlaken,25.5.10.
1943 2461 2108 2574 293
323 2576 1991 2675 Hier ist es über alle Massen schön; alle Erinnerungen
318 2638 1954 2721 übertreffend. Es wimmelt von Hotels, von 500-1000 und
316 2693 1924 2781 1000 Metern,- und Ende Juni finden Sie noch überall
325 2738 2008 2831 was Sie wollen. Wir fahren morgen nach Territet. Herz-
323 2814 732 2888 lichst Ihr A.
325 2812 1982 2937 Es wird immer noch schöner! Herzlichste Grüsse! Olga.
325 2968 979 3070 (nach Hasenauerstr.)
