2421 4040
1861 808 1989 902 291
1018 871 1189 953 -136-
1233 919 1941 1051 xxenstein.21.Mai 1910.
377 1032 1974 1196 Hier haben wir soeben zu Mittag gespeist, uns Zimmer
375 1099 1935 1229 angesehen, spazieren gegangen. Gehört schon zum al-
375 1145 1943 1283 lerschönsten. Aber man kanns Euch nicht empfehlen,
377 1187 2062 1336 weil Ihr dann sicher nie herkommt und das wäre schade.
385 1252 1953 1390 Jetzt fahren wir gleich mit einem Hoto-wagerl nach
381 1323 1897 1440 Fluelen, Axenstrasse! Viele herzliche Grüsse! O.
389 1405 1897 1560 Die Karte ist lächerlich gegen die Wirklichkeit.
385 1426 808 1503 Herzlichst A
1910 1520 2023 1623 292
1267 1606 1974 1723 Bürgenstock, 22.5.1910.
467 1715 2004 1857 ir' wieder was für Sie! Wundervoll! Reisen Sie mit
408 1786 1995 1910 Paula nach Luzern und besichtigen die Ufer. (Wien -
412 1828 1882 1951 Zürich, Schlafcoupé 2.Classe (wie wir) ab Wien 8
417 1859 2037 2006 Abend,Zürich 2 Uhr Mittag, Luzern 4.30.) Dies wünscht
419 1953 1451 2079 Ihnen herzlichst Ihr A. und Olga,
1910 2085 2069 2209 295
1336 2100 1809 2228 Wien, 29.6.1910.
427 2247 1968 2372 Lieber Richard, würde es Ihnen Mühe machen mir ge-
433 2295 1895 2420 schwind eine Abschrift von "Mirjams Wiegenlied"
436 2339 2039 2471 zu senden, um das ich von Paul Marx dringend gebeten
440 2431 1438 2523 wurde und das ich nicht besitze.
436 2454 1698 2588 Hoffe Sie wohl am Ort! Herzlichst Ihr A.
442 2577 1265 2703 (nachIschl, Steinfeld Nr.6)
