2400 3994
1181 292 1331 359 1.°
255 286 590 399 .... 4.
1680 292 1910 390 jusqu'a 7:7:4
891 298 1008 415 14/
1935 294 2268 403 Vyhänstä:
2042 758 2142 850 36
1156 783 1282 865 -20-
1274 871 1680 965 Wien, 13.9.93.
448 963 1964 1091 Lieber Hichard, Ihre Karte fand ich Montag, als ich
454 1037 1929 1136 von Heichenau zurückkam; habe sehr bedauert, dass
448 1126 1208 1202 ich Sie versäumen musste.
485 1146 1945 1241 Samstag fahre ich auf 2-3 Tage nach Salzburg, wo
448 1187 2003 1296 sich Goldmann befindet.- Gestern hab ich den Ver¬
1191 1253 2052 1321 Volkstheater unterschrieben,
479 1282 1140 1356 trag mit dem Deutschen
448 1302 1914 1395 nach welchem das Märchen vor s 1. Dezember 93 in
1011 1352 1941 1428 - "in würdiger Aufrührung", wie
485 1389 1011 1460 zene gehen müsse,
452 1405 1920 1501 es im Vertrag heisst.- Lassen Sie was von sich
454 1446 1882 1555 hören, kommen Sie in guter Stimmung zurück und
458 1502 1781 1617 seien Sie neizlichzt gegrüsst. Ihr Arthur.
470 1608 1415 1717 (nach Znaim, Inf.Regiment Nr. 99)
1132 1713 1271 1783 ====
2017 1729 2114 1838 37
1352 1791 1764 1882 Wien,7.10.93.
468 1902 1968 2015 Lieber Richard! Torresani holt mich Montag Nach-
470 1962 1908 2066 mittag vor 5 Uhr für die Ausstellung ab; bitte
475 1996 1933 2112 kommen Sie auch zu mir. Sonntag denk ich zu den
475 2060 1960 2185 "gefallenen Engeln“ zu gehn, wenn ich ordentliche
474 2107 2040 2206 Sitze bekomme. Jedenfalls bin ich um 5,1/6 zu Hause.
470 2171 1397 2266 Herzlich grüssend Ihr Arthur.
466 2257 1288 2377 nach Wien I.Wollzeile 15)
1148 2372 1284 2422 ====
