2404 3992
1776 269 2284 399 • ̃ • •
1370 263 1532 340 ....
298 263 922 393 V.,,.',,,, ',, 1
1107 298 1223 389 11
1931 733 2038 830 60
1067 746 1210 843 -41-
1307 840 1727 929 Wien, 19.9.95.
357 933 1984 1044 Lieber Freund, die Briefe gehen unerhört lang hin und
366 1002 1889 1093 her. Ich schreibe Ihnen der Sicherheit wegen nach
366 1046 2009 1156 Riva; in Schönberg würden Sie diese Zeilen nicht mehr
372 1114 1981 1194 erreichen. Und da Sie nur einen Tag in Riva bleiben,
366 1158 1895 1246 ich also genau heute einen Brief an Sie schreiben
364 1223 1954 1292 müsste, kann ich natürlich nicht. Geben Sie mir mehr
372 1263 2034 1349 Spielraum. - Das wesentliche: L. kommt wohl zwischen 6.
370 1324 1923 1402 und 10. October zur Aufführung.- Gestern war
370 1374 1988 1452 Leseprobe, die recht gut ausfiel.- Meine Stimmung aus
376 1435 1921 1504 mannigfachen Gründen im Absinken. Ich beneide Sie.
378 1488 2047 1561 Wegreisen möcht ich am liebsten. Schreiben Sie gleich.
370 1547 1154 1618 Herzlich der Ihre Arthur.
376 1633 1158 1738 (nach Riva post restante)
1030 1746 1189 1820 ====  =====
1236 1824 1647 1918 Wien, 21.9.95.
372 1925 2061 2021 Lieber Richard, meine Karte haben Sie wohl. In Riva ist
382 2013 1948 2068 es mir nämlich vor 3 Jahren passirt, dass der Post-
378 2055 1912 2116 beamte mir die Briefe an mich nicht gab - ich ver-
370 2093 2024 2171 langte damals die Einläufe durchzusehen,da entdeckte
376 2156 1860 2217 ich meine Briefe. Und ich hatte nicht gepfiffen!
372 2215 1946 2276 Die Leseprobe fiel gut aus. Frl. S. ignorirte mich,
996 2263 1925 2320 ffen von dem Stück, Nachmittags
370 2263 973 2332 aber that sehr ergr
376 2316 2045 2368 telephonirte sie en bon camerade. Sonnenthal hat "gute
370 2366 2013 2440 Hoffnung“. Beim 1.Akt wurde viel gelacht. Vom 3. ver-
376 2421 1967 2482 spricht man sich sichre Wirkung. Dem 2. scheint man
378 2467 1925 2530 am wenigstens zu vertrauen. Mitterwurzer war nicht
372 2509 1992 2580 anwesend; er spielt aber sicher, liess sich officiell
372 2570 1904 2637 entschuldigen. Die Kallina wird überraschen. Dazu
376 2627 1984 2683 will Burckhard einen Einakter von Giocosa Rechte der
376 2677 1984 2742 Seele geben; während der Leseprobe half er den Laube
836 2732 1990 2797 enthüllen. Ich wünschte ihm angenehme
376 2780 1870 2853 Enthüllung. Er sagte, die Enthülung des Fräulein
378 2832 1028 2912 Dandler zöge er vor.-
364 2896 1855 2990 Tels schreibt mir heute. Sie können sich denken.
