2427 4007
2160 253 2250 370 1
1102 282 1236 385 11 11
1033 832 1138 906 -4-
433 947 606 1033 B.-H.
431 970 2112 1117 Loris schreibt viel, Salten schreiht wenig. Die Andern
439 1071 1985 1173 seh ich gar nicht; das Café Griensteidl existiert
448 1150 1108 1236 für mich nicht mehr.-
450 1175 2014 1280 Ich lese Taine; ancien régime, Du Prel, Philosophie
454 1211 2125 1330 der Mystik, Restif de la Bretonne, l’amour à 45 ans,
483 1309 1361 1376 Kretzer,die Betrogenen u.a.-
448 1320 2052 1426 Die Menschen enerviren mich, manche mischen sich in
443 1378 2047 1483 meine Privatangelegenheiten, und niemanden gehen sie
445 1428 2043 1539 an. Das Gesindel hat tausend Augen für Vorfälle, da-
452 1474 2077 1594 für taube Ohren für Einfälle. Aber mit der Zeit wird
445 1522 2039 1646 sich die Menschheit wohl "ausschalten" lassen, wie?
448 1579 2052 1692 Einen Harfenisten kann man aus dem Hofe weisen las-
450 1623 1997 1734 sen, wenn er einen mit seinem Geklimper quält; wer
460 1692 1556 1796 aber befreit mich von den - andern?
456 1729 2029 1836 Ich will versuchen, ein Vertuose der Einsamkeit zu
454 1778 1993 1903 werden. Eines schön n Tages werden alle Leute, die
460 1819 2087 1945 mich geniren, nicht mehr dasein — und werden es nicht
462 1876 1972 1993 einmal bemerken. So wollen wir die Unbequemen zu
464 1907 2116 2054 relativem Tod verurtheilen: wir vom „grossen Orden“!
468 1966 2039 2087 - Oder hätte Sie Salten abreisen lassen, ohne Ihnen
460 2045 1439 2148 den grossen Orden zu erläutern?
471 2066 2006 2194 Schreiben Sie mir bald, und möglichst viel, es muss
468 2121 2054 2233 doch ganz schön sein, wenn man einmal wo anders ist.
468 2164 2041 2288 Und dann, schreiben Sie - wir erwarten es,wir - vom
466 2231 1663 2363 grossen Orden.- Herzlichst Ihr Arthur.
479 2328 1491 2472 (Nach Abbazia, Pension Quisisana)
1138 2455 1297 2533 ====
