<?xml version="1.0" encoding="UTF-8" standalone="yes"?>
<PcGts xmlns="http://schema.primaresearch.org/PAGE/gts/pagecontent/2013-07-15" xmlns:xsi="http://www.w3.org/2001/XMLSchema-instance" xsi:schemaLocation="http://schema.primaresearch.org/PAGE/gts/pagecontent/2013-07-15 http://schema.primaresearch.org/PAGE/gts/pagecontent/2013-07-15/pagecontent.xsd">
    <Metadata>
        <Creator>prov=READ-COOP:name=TrHtr:version=2.1.0:model_id=51170:date=25_07_2023_01:00</Creator>
        <Created>2023-05-01T21:48:29.856+02:00</Created>
        <LastChange>2023-07-25T01:00:30.825+02:00</LastChange>
        <TranskribusMetadata docId="1416402" pageId="54944792" pageNr="55" tsid="130579453" status="IN_PROGRESS" userId="64420" imgUrl="https://files.transkribus.eu/Get?id=TBYQORWTFNFKZYXLRJXDTLPH&amp;fileType=view" xmlUrl="https://files.transkribus.eu/Get?id=QCGEQJZDGFVOMRMYASUHNRAJ" imageId="44448877"/>
    </Metadata>
    <Page imageFilename="1416402_0055.jpg" imageWidth="2405" imageHeight="3994">
        <ReadingOrder>
            <OrderedGroup id="ro_1711832869254" caption="Regions reading order">
                <RegionRefIndexed index="0" regionRef="tr_2"/>
                <RegionRefIndexed index="1" regionRef="tr_3"/>
                <RegionRefIndexed index="2" regionRef="tr_1"/>
            </OrderedGroup>
        </ReadingOrder>
        <TextRegion id="tr_2" custom="readingOrder {index:0;}">
            <Coords points="1017,290 1964,290 1964,860 1017,860"/>
            <TextLine id="tr_2_tl_1" custom="readingOrder {index:0;}">
                <Coords points="1757,392 1793,386 1809,374 1829,390 1851,382 1865,388 1915,354 1939,366 1961,360 1957,286 1937,278 1899,292 1883,282 1859,290 1849,280 1837,286 1809,270 1787,292 1753,290"/>
                <Baseline points="1767,340 1811,340 1856,343 1901,349 1946,346 1964,343"/>
                <TextEquiv>
                    <Unicode>1' ̃</Unicode>
                </TextEquiv>
            </TextLine>
            <TextLine id="tr_2_tl_2" custom="readingOrder {index:1;}">
                <Coords points="1007,390 1041,392 1063,382 1083,388 1129,352 1195,390 1209,380 1219,388 1241,372 1269,370 1267,302 1197,306 1151,286 1085,294 1059,316 1005,304"/>
                <Baseline points="1017,346 1062,349 1107,349 1152,349 1197,355 1241,352 1274,349"/>
                <TextEquiv>
                    <Unicode>Päivä „ „ 4 „</Unicode>
                </TextEquiv>
            </TextLine>
            <TextLine id="tr_2_tl_3" custom="readingOrder {index:2;}">
                <Coords points="1009,877 1025,871 1031,877 1047,863 1055,867 1069,857 1081,863 1103,863 1123,851 1141,853 1137,807 1117,803 1115,807 1089,788 1051,803 1047,798 1037,803 1027,792 1015,803 1005,805"/>
                <Baseline points="1017,844 1062,847 1107,850 1146,850"/>
                <TextEquiv>
                    <Unicode>-51-</Unicode>
                </TextEquiv>
            </TextLine>
        </TextRegion>
        <TextRegion id="tr_3" custom="readingOrder {index:1;}">
            <Coords points="385,899 1961,899 1961,1598 385,1598"/>
            <TextLine id="tr_3_tl_1" custom="readingOrder {index:0;}">
                <Coords points="400,961 1791,977 1955,961 1955,883 400,923"/>
                <Baseline points="411,955 438,955 483,955 528,955 573,955 617,955 662,955 707,955 752,955 797,955 841,952 886,952 931,952 976,955 1020,952 1065,952 1110,952 1155,955 1199,952 1244,952 1289,955 1334,952 1379,952 1423,952 1468,955 1513,952 1558,952 1602,952 1647,952 1692,952 1737,952 1782,949 1826,949 1871,949 1916,949 1961,949"/>
                <TextEquiv>
                    <Unicode>lich steig ich auch dort ab.) Vielleicht geht doch</Unicode>
                </TextEquiv>
            </TextLine>
            <TextLine id="tr_3_tl_2" custom="readingOrder {index:1;}">
                <Coords points="382,1021 1895,1015 1845,955 382,967"/>
                <Baseline points="394,1005 423,1008 468,1008 513,1008 558,1005 602,1008 647,1008 692,1008 737,1008 782,1005 826,1005 871,1005 916,1005 961,1005 1005,1005 1050,1005 1095,1005 1140,1005 1185,1005 1229,1005 1274,1005 1319,1005 1364,1005 1408,999 1453,1002 1498,1002 1543,1002 1588,1002 1632,1002 1677,1002 1722,1002 1767,1002 1811,999 1856,1002 1901,1002"/>
                <TextEquiv>
                    <Unicode>Skodsborg, wäre mir sympathischer - im übrigen wie</Unicode>
                </TextEquiv>
            </TextLine>
            <TextLine id="tr_3_tl_3" custom="readingOrder {index:2;}">
                <Coords points="382,1067 1955,1073 1955,1029 1883,1015 382,1021"/>
                <Baseline points="394,1056 438,1059 483,1056 528,1056 573,1059 617,1059 662,1059 707,1059 752,1059 797,1056 841,1056 886,1056 931,1059 976,1056 1020,1056 1065,1059 1110,1056 1155,1056 1199,1059 1244,1056 1289,1056 1334,1056 1379,1056 1423,1056 1468,1056 1513,1056 1558,1056 1602,1056 1647,1056 1692,1056 1737,1056 1782,1056 1826,1056 1871,1056 1916,1053 1961,1050"/>
                <TextEquiv>
                    <Unicode>Sie wollen, muss jedenfalls noch 8 Tage sehr fleis-</Unicode>
                </TextEquiv>
            </TextLine>
            <TextLine id="tr_3_tl_4" custom="readingOrder {index:3;}">
                <Coords points="382,1113 1905,1127 1905,1073 1845,1065 382,1075"/>
                <Baseline points="394,1110 438,1113 483,1110 528,1110 573,1110 617,1110 662,1110 707,1110 752,1110 797,1110 841,1110 886,1110 931,1110 976,1110 1020,1110 1065,1110 1110,1110 1155,1110 1199,1110 1244,1110 1289,1110 1334,1110 1379,1110 1423,1110 1468,1110 1513,1110 1558,1110 1602,1110 1647,1110 1692,1110 1737,1110 1782,1110 1826,1110 1871,1110 1910,1110"/>
                <TextEquiv>
                    <Unicode>sig arbeiten. Dem Paul hab ich auch nur schreiben</Unicode>
                </TextEquiv>
            </TextLine>
            <TextLine id="tr_3_tl_5" custom="readingOrder {index:4;}">
                <Coords points="382,1173 1865,1171 1865,1137 1755,1119 382,1113"/>
                <Baseline points="394,1161 438,1161 483,1164 528,1164 573,1164 617,1161 662,1161 707,1161 752,1164 797,1164 841,1164 886,1164 931,1164 976,1164 1020,1164 1065,1164 1110,1164 1155,1164 1199,1164 1244,1164 1289,1164 1334,1164 1379,1164 1423,1164 1468,1164 1513,1164 1558,1164 1602,1161 1647,1164 1692,1164 1737,1164 1782,1164 1826,1161 1871,1158"/>
                <TextEquiv>
                    <Unicode>können, Kopenhagen und dann wahrscheinlich Skods-</Unicode>
                </TextEquiv>
            </TextLine>
            <TextLine id="tr_3_tl_6" custom="readingOrder {index:5;}">
                <Coords points="386,1219 1859,1237 1859,1187 1791,1171 386,1175"/>
                <Baseline points="397,1211 441,1214 486,1217 531,1214 576,1208 620,1214 665,1214 710,1214 755,1214 799,1214 844,1214 889,1214 934,1214 979,1217 1023,1217 1068,1214 1113,1214 1158,1214 1202,1217 1247,1214 1292,1217 1337,1217 1382,1214 1426,1217 1471,1214 1516,1214 1561,1214 1605,1217 1650,1217 1695,1217 1740,1217 1785,1217 1829,1217 1865,1220"/>
                <TextEquiv>
                    <Unicode>borg - wir werden einander wohl nicht verfehlen.</Unicode>
                </TextEquiv>
            </TextLine>
            <TextLine id="tr_3_tl_7" custom="readingOrder {index:6;}">
                <Coords points="386,1269 1777,1289 1775,1227 1645,1253 1547,1215 1089,1255 384,1225"/>
                <Baseline points="397,1262 441,1265 486,1265 531,1265 576,1265 620,1265 665,1265 710,1265 755,1268 799,1265 844,1265 889,1265 934,1265 979,1268 1023,1268 1068,1268 1113,1268 1158,1268 1202,1268 1247,1268 1292,1271 1337,1271 1382,1271 1426,1268 1471,1268 1516,1268 1561,1268 1605,1268 1650,1265 1695,1262 1740,1268 1782,1268"/>
                <TextEquiv>
                    <Unicode>Vergessen Sie Vornamen auf Telegr. nicht - es</Unicode>
                </TextEquiv>
            </TextLine>
            <TextLine id="tr_3_tl_8" custom="readingOrder {index:7;}">
                <Coords points="380,1323 1859,1347 1833,1275 380,1271"/>
                <Baseline points="391,1316 435,1316 480,1316 525,1316 570,1316 614,1316 659,1319 704,1319 749,1319 794,1316 838,1319 883,1316 928,1319 973,1319 1017,1319 1062,1319 1107,1319 1152,1319 1197,1319 1241,1319 1286,1319 1331,1319 1376,1319 1420,1319 1465,1319 1510,1319 1555,1319 1599,1319 1644,1319 1689,1319 1734,1322 1779,1322 1823,1322 1862,1325"/>
                <TextEquiv>
                    <Unicode>läuft hier noch ein Schnitzler mit einer Frau A.</Unicode>
                </TextEquiv>
            </TextLine>
            <TextLine id="tr_3_tl_9" custom="readingOrder {index:8;}">
                <Coords points="380,1385 1839,1385 1839,1339 1753,1327 380,1323"/>
                <Baseline points="391,1367 435,1367 480,1367 525,1367 570,1370 614,1370 659,1370 704,1370 749,1370 794,1373 838,1370 883,1373 928,1373 973,1370 1017,1370 1062,1370 1107,1370 1152,1370 1197,1370 1241,1373 1286,1373 1331,1373 1376,1373 1420,1373 1465,1373 1510,1373 1555,1373 1599,1373 1644,1373 1689,1373 1734,1373 1779,1373 1823,1376 1844,1376"/>
                <TextEquiv>
                    <Unicode>Schnitzler herum, der wahrsche inlich die meisten</Unicode>
                </TextEquiv>
            </TextLine>
            <TextLine id="tr_3_tl_10" custom="readingOrder {index:9;}">
                <Coords points="374,1429 1915,1451 1913,1381 374,1387"/>
                <Baseline points="385,1420 429,1420 474,1420 519,1420 564,1420 608,1420 653,1420 698,1420 743,1423 788,1420 832,1423 877,1423 922,1423 967,1423 1011,1423 1056,1423 1101,1423 1146,1420 1191,1423 1235,1426 1280,1423 1325,1426 1370,1423 1414,1423 1459,1426 1504,1423 1549,1426 1594,1426 1638,1426 1683,1426 1728,1426 1773,1426 1817,1429 1862,1429 1907,1423 1919,1423"/>
                <TextEquiv>
                    <Unicode>meiner Briefe bekommt. Freue mich sehraufs Wieder-</Unicode>
                </TextEquiv>
            </TextLine>
            <TextLine id="tr_3_tl_11" custom="readingOrder {index:10;}">
                <Coords points="400,1509 504,1489 1249,1501 1249,1449 1133,1429 1033,1451 943,1427 712,1445 664,1427 616,1457 400,1437"/>
                <Baseline points="411,1471 456,1474 501,1474 546,1474 591,1474 635,1474 680,1474 725,1474 770,1474 814,1474 859,1474 904,1474 949,1474 994,1477 1038,1477 1083,1477 1128,1477 1173,1477 1217,1480 1253,1483"/>
                <TextEquiv>
                    <Unicode>sehen. Herzlich Ihr Arthur.</Unicode>
                </TextEquiv>
            </TextLine>
            <TextLine id="tr_3_tl_12" custom="readingOrder {index:11;}">
                <Coords points="380,1625 532,1591 766,1621 907,1579 1123,1623 1671,1611 1671,1521 1611,1509 1309,1547 1035,1501 893,1539 813,1497 558,1543 380,1501"/>
                <Baseline points="391,1579 435,1576 480,1576 525,1576 570,1576 614,1576 659,1579 704,1579 749,1579 794,1579 838,1579 883,1579 928,1576 973,1579 1017,1579 1062,1582 1107,1582 1152,1582 1197,1582 1241,1582 1286,1585 1331,1582 1376,1585 1420,1582 1465,1582 1510,1585 1555,1585 1599,1585 1644,1585 1677,1588"/>
                <TextEquiv>
                    <Unicode>(nach Kopenhagen Hotel König von Dänemark)</Unicode>
                </TextEquiv>
            </TextLine>
        </TextRegion>
        <TextRegion id="tr_1" custom="readingOrder {index:2;}">
            <Coords points="388,1684 2002,1684 2002,2675 388,2675"/>
            <TextLine id="tr_1_tl_1" custom="readingOrder {index:0;}">
                <Coords points="1883,1761 1895,1759 1901,1763 1913,1757 1937,1771 1963,1771 1969,1765 1985,1767 1985,1661 1971,1661 1959,1671 1947,1669 1937,1661 1917,1671 1883,1661"/>
                <Baseline points="1895,1734 1940,1734 1985,1734 1991,1734"/>
                <TextEquiv>
                    <Unicode>77</Unicode>
                </TextEquiv>
            </TextLine>
            <TextLine id="tr_1_tl_2" custom="readingOrder {index:1;}">
                <Coords points="1287,1791 1345,1811 1363,1799 1397,1807 1421,1793 1445,1807 1497,1793 1547,1809 1545,1749 1505,1737 1497,1743 1469,1733 1443,1749 1425,1737 1387,1751 1335,1739 1321,1725 1285,1737"/>
                <Baseline points="1298,1779 1340,1788 1385,1788 1429,1791 1474,1788 1519,1788 1552,1791"/>
                <TextEquiv>
                    <Unicode>31.7.96</Unicode>
                </TextEquiv>
            </TextLine>
            <TextLine id="tr_1_tl_3" custom="readingOrder {index:2;}">
                <Coords points="394,1849 1863,1857 1863,1807 1793,1787 1601,1819 394,1779"/>
                <Baseline points="405,1829 450,1832 495,1832 540,1832 585,1832 629,1832 674,1832 719,1832 764,1835 808,1835 853,1835 898,1835 943,1835 988,1835 1032,1838 1077,1838 1122,1838 1167,1838 1211,1838 1256,1835 1301,1838 1346,1838 1391,1838 1435,1841 1480,1841 1525,1841 1570,1841 1614,1841 1659,1841 1704,1841 1749,1841 1794,1841 1838,1844 1868,1847"/>
                <TextEquiv>
                    <Unicode>Lieber Richard, immerhin ist es möglich, dass ich</Unicode>
                </TextEquiv>
            </TextLine>
            <TextLine id="tr_1_tl_4" custom="readingOrder {index:3;}">
                <Coords points="400,1887 1889,1913 1889,1861 1737,1843 400,1857"/>
                <Baseline points="411,1880 456,1883 501,1886 546,1886 591,1886 635,1886 680,1886 725,1886 770,1886 814,1886 859,1883 904,1886 949,1889 994,1889 1038,1889 1083,1889 1128,1889 1173,1889 1217,1892 1262,1892 1307,1892 1352,1892 1397,1892 1441,1892 1486,1895 1531,1895 1576,1895 1620,1898 1665,1898 1710,1898 1755,1898 1799,1898 1844,1898 1889,1901 1895,1898"/>
                <TextEquiv>
                    <Unicode>schon Sonntag Früh in K. bin/- weil ich nach den</Unicode>
                </TextEquiv>
            </TextLine>
            <TextLine id="tr_1_tl_5" custom="readingOrder {index:4;}">
                <Coords points="394,1941 1853,1973 1853,1919 1769,1901 392,1895"/>
                <Baseline points="405,1931 450,1931 495,1937 540,1937 585,1937 629,1937 674,1937 719,1940 764,1937 808,1940 853,1940 898,1940 943,1940 988,1940 1032,1940 1077,1940 1122,1943 1167,1943 1211,1943 1256,1943 1301,1946 1346,1946 1391,1946 1435,1946 1480,1949 1525,1952 1570,1952 1614,1952 1659,1952 1704,1952 1749,1952 1794,1952 1838,1952 1856,1952"/>
                <TextEquiv>
                    <Unicode>Trollhetta Fällen nicht zu müde bin, gleich eine</Unicode>
                </TextEquiv>
            </TextLine>
            <TextLine id="tr_1_tl_6" custom="readingOrder {index:5;}">
                <Coords points="394,1983 502,2009 807,1993 1271,2021 1269,1977 1211,1953 394,1949"/>
                <Baseline points="405,1982 450,1988 495,1988 540,1985 585,1988 629,1988 674,1991 719,1991 764,1991 808,1991 853,1991 898,1991 943,1994 988,1994 1032,1994 1077,1994 1122,1994 1167,1994 1211,1997 1256,1999 1274,1997"/>
                <TextEquiv>
                    <Unicode>zweite Nacht weiterzufahren.</Unicode>
                </TextEquiv>
            </TextLine>
            <TextLine id="tr_1_tl_7" custom="readingOrder {index:6;}">
                <Coords points="394,2049 921,2051 1015,2071 1015,2013 999,2009 843,2001 815,2019 538,1991 504,2009 394,2003"/>
                <Baseline points="405,2035 450,2038 495,2038 540,2041 585,2041 629,2041 674,2041 719,2041 764,2044 808,2044 853,2041 898,2041 943,2044 988,2044 1020,2047"/>
                <TextEquiv>
                    <Unicode>Herzlich Ihr Arthur,</Unicode>
                </TextEquiv>
            </TextLine>
            <TextLine id="tr_1_tl_8" custom="readingOrder {index:7;}">
                <Coords points="396,2113 1481,2119 1461,2047 1147,2075 1093,2047 1013,2073 396,2049"/>
                <Baseline points="408,2086 453,2086 498,2089 543,2089 588,2089 632,2089 677,2092 722,2092 767,2095 811,2095 856,2095 901,2092 946,2095 991,2095 1035,2098 1080,2098 1125,2095 1170,2098 1214,2098 1259,2098 1304,2098 1349,2098 1394,2101 1438,2101 1483,2104 1486,2104"/>
                <TextEquiv>
                    <Unicode>Bitte bestellen Sie mir ein Zimmer.</Unicode>
                </TextEquiv>
            </TextLine>
            <TextLine id="tr_1_tl_9" custom="readingOrder {index:8;}">
                <Coords points="400,2213 1327,2203 1633,2241 1633,2121 1453,2177 1289,2141 400,2145"/>
                <Baseline points="411,2199 456,2196 501,2194 546,2194 591,2194 635,2194 680,2196 725,2196 770,2196 814,2196 859,2196 904,2199 949,2199 994,2199 1038,2202 1083,2202 1128,2202 1173,2202 1217,2202 1262,2199 1307,2202 1352,2205 1397,2205 1441,2205 1486,2205 1531,2205 1576,2208 1620,2211 1638,2211"/>
                <TextEquiv>
                    <Unicode>(nach Kopenhagen Hotel König v. Dänemark)</Unicode>
                </TextEquiv>
            </TextLine>
            <TextLine id="tr_1_tl_10" custom="readingOrder {index:9;}">
                <Coords points="977,2319 993,2323 1003,2313 1025,2323 1033,2319 1039,2323 1047,2319 1053,2325 1057,2321 1071,2323 1091,2305 1105,2315 1117,2315 1115,2251 1103,2251 1095,2257 1089,2251 1079,2253 1069,2263 1019,2247 1003,2249 999,2245 975,2253"/>
                <Baseline points="988,2298 1032,2298 1077,2301 1122,2301"/>
                <TextEquiv>
                    <Unicode>----</Unicode>
                </TextEquiv>
            </TextLine>
            <TextLine id="tr_1_tl_11" custom="readingOrder {index:10;}">
                <Coords points="1905,2444 1917,2440 1925,2442 1963,2426 1971,2428 1981,2416 1997,2414 1991,2353 1979,2351 1977,2355 1955,2337 1953,2341 1949,2337 1931,2351 1921,2347 1913,2357 1897,2357"/>
                <Baseline points="1913,2394 1958,2396 2002,2402"/>
                <TextEquiv>
                    <Unicode>78</Unicode>
                </TextEquiv>
            </TextLine>
            <TextLine id="tr_1_tl_12" custom="readingOrder {index:11;}">
                <Coords points="692,2412 774,2408 821,2424 949,2410 1175,2418 1175,2357 1159,2351 1137,2369 1095,2359 1043,2375 1009,2357 903,2369 847,2353 692,2353"/>
                <Baseline points="704,2402 749,2402 794,2402 838,2402 883,2402 928,2405 973,2405 1017,2405 1062,2405 1107,2405 1152,2405 1179,2408"/>
                <TextEquiv>
                    <Unicode>Richard! Paula!</Unicode>
                </TextEquiv>
            </TextLine>
            <TextLine id="tr_1_tl_13" custom="readingOrder {index:12;}">
                <Coords points="416,2464 1889,2482 1887,2418 1731,2391 686,2430 414,2371"/>
                <Baseline points="426,2447 471,2447 516,2450 561,2450 605,2450 650,2450 695,2453 740,2453 785,2453 829,2453 874,2456 919,2456 964,2456 1008,2456 1053,2456 1098,2459 1143,2459 1188,2456 1232,2456 1277,2459 1322,2459 1367,2459 1411,2462 1456,2465 1501,2462 1546,2462 1591,2465 1635,2465 1680,2465 1725,2465 1770,2465 1814,2465 1859,2468 1895,2474"/>
                <TextEquiv>
                    <Unicode>Wenn Ihr die Schlagobers-Torte allein auffresst</Unicode>
                </TextEquiv>
            </TextLine>
            <TextLine id="tr_1_tl_14" custom="readingOrder {index:13;}">
                <Coords points="382,2520 1963,2558 1939,2478 382,2462"/>
                <Baseline points="394,2498 438,2498 483,2501 528,2501 573,2504 617,2504 662,2504 707,2504 752,2507 797,2507 841,2507 886,2507 931,2507 976,2507 1020,2510 1065,2510 1110,2510 1155,2510 1199,2510 1244,2513 1289,2513 1334,2510 1379,2513 1423,2513 1468,2516 1513,2513 1558,2516 1602,2519 1647,2519 1692,2516 1737,2519 1782,2519 1826,2519 1871,2519 1916,2522 1961,2525 1964,2525"/>
                <TextEquiv>
                    <Unicode>so seid Ihr ein nichtswürdiges Gesindel. Ich wünsch</Unicode>
                </TextEquiv>
            </TextLine>
            <TextLine id="tr_1_tl_15" custom="readingOrder {index:14;}">
                <Coords points="376,2568 1837,2586 1819,2530 376,2512"/>
                <Baseline points="388,2549 432,2552 477,2552 522,2555 567,2555 611,2552 656,2555 701,2558 746,2558 791,2558 835,2558 880,2561 925,2558 970,2561 1014,2561 1059,2561 1104,2564 1149,2564 1194,2564 1238,2564 1283,2567 1328,2564 1373,2564 1417,2567 1462,2567 1507,2567 1552,2570 1597,2573 1605,2570 1626,2567 1671,2570 1716,2573 1761,2573 1805,2573 1841,2573"/>
                <TextEquiv>
                    <Unicode>meinen Theil um 1/4 9 als letzten Gang servirt</Unicode>
                </TextEquiv>
            </TextLine>
            <TextLine id="tr_1_tl_16" custom="readingOrder {index:15;}">
                <Coords points="386,2612 1991,2638 1991,2592 1923,2578 1789,2614 1631,2576 386,2578"/>
                <Baseline points="397,2602 441,2602 486,2605 531,2605 576,2602 620,2605 665,2608 710,2608 755,2608 799,2608 844,2608 889,2608 934,2611 979,2611 1023,2611 1068,2614 1113,2614 1158,2617 1202,2617 1247,2617 1292,2617 1337,2617 1382,2620 1426,2620 1471,2620 1516,2623 1561,2623 1605,2623 1650,2623 1695,2626 1740,2626 1785,2626 1829,2629 1874,2629 1919,2629 1964,2629 1997,2629"/>
                <TextEquiv>
                    <Unicode>zu erhalten, der nicht gestrichen werden kann. Arthur</Unicode>
                </TextEquiv>
            </TextLine>
            <TextLine id="tr_1_tl_17" custom="readingOrder {index:16;}">
                <Coords points="418,2682 474,2692 510,2682 614,2706 698,2704 803,2670 849,2682 847,2618 774,2618 756,2634 574,2614 514,2624 466,2608 416,2618"/>
                <Baseline points="429,2659 474,2656 519,2656 564,2656 608,2656 653,2659 698,2659 743,2659 788,2662 832,2662 853,2665"/>
                <TextEquiv>
                    <Unicode>(Skodsborg 96)</Unicode>
                </TextEquiv>
            </TextLine>
        </TextRegion>
    </Page>
</PcGts>
