2379 3992
121 272 333 399 1,1.,,
592 289 750 399 1,1.45
1168 303 1486 426 Votre â¢̀
39 403 626 503 Jauho.
730 405 994 486 • ̃
1143 412 1549 501 ̃'
919 782 1046 848 -72-
1087 863 1478 954 Wien, 6.7.98.
378 992 2048 1098 Mein lieber Richard, das ist aber wirklich Verfolgungs-
385 1075 1892 1152 wahn. Man kann unmöglich ernsthaft darüber reden.
391 1112 1950 1202 Ich habe nach Ihrem Telegramm, das lautete Nr. 16., 1.
393 1168 1933 1239 Juni, sowohl Nr. 16, als 1.Juni schicken lassen — was
397 1214 1937 1316 mir umso leichter war als Eisenstein beide Nummern
399 1291 1449 1372 gleich auf Ihre Rechnung schrieb.-
451 1318 1910 1395 Sie scheinen im ganzen nervöser zu sein, als ich
393 1393 1923 1478 gern hören möchte; vielleicht haben Sie doch Lust
399 1445 1969 1509 mich so zwischen 20. und 26. Juli irgendwo im Salz-
397 1499 1960 1561 burgischen zu treffen? Der August ist mir noch ver-
397 1547 1788 1630 schwommen. Hugo hat erst vom 9. August an Zeit
399 1599 1979 1673 wir möchten gern in die Schweiz; überlegen Sie sich
403 1663 563 1725 das.—
453 1711 1994 1767 Die 3 Einakter heissen: Paracelsus, Die Gefährtin,
397 1752 1937 1815 Der grüne Kakadu. Die beiden ersten (P. in Versen)
397 1809 1971 1875 hab ich Hugo Nachts vor seiner Abreise nach Czestka
405 1871 1946 1929 vorgelesen; sie scheinen - nein,nein, sie haben ihm
405 1921 1873 1983 sehr gut gefallen - insbesondere im P. findet er
397 1964 1378 2029 auch nicht eine Zeile zu ändern.
399 2008 1966 2075 — Mein neues Stück hat unterdessen sonderbare Wand¬
393 2062 1879 2143 lungen durchgemacht — es spielt wo anders und zu
399 2114 2029 2195 einer andern Zeit, als ich anfangs vermuthete; - jetzt
403 2179 1842 2230 ist es aber dort, wo es sein soll. (5 Akte.) Ich
393 2214 2004 2305 möcht es im Sommer schreiben, auf der Reise, freu mich
399 2278 763 2341 sehr darauf.
457 2328 2031 2399 Die Arbeit bedeutet alles mögliche für mich - nicht
393 2370 1131 2428 die, sondern die Arbeit.
397 2420 1964 2486 - Einen Traum von Flirt will ich Ihnen nicht erzäh-
391 2478 1921 2538 len; schreiben Sie mir bald, dass es Ihnen und dem
397 2534 1561 2596 Götterliebling und den Ihren gut geht,
397 2580 1077 2657 Von Herzen Ihr Arthur.
418 2677 917 2767 (nach Steindorf)
971 2725 1106 2802 ====
1183 3787 1276 3877 neveu, cette
1603 3794 2004 3877 L'aussi a été comme il y a
197 3815 374 3883 "
904 3783 1087 3881 Die wiederholtige
1921 318 2116 401 P. S.
1931 410 2299 484 ̃ ̃
1688 412 1802 486 aussi a
1819 761 1925 854 120
