2400 3994
530 261 639 362 : i
993 811 1146 875 -24-
451 943 2089 1024 „Zeit“ soll besorgt werden.- Bitte schreiben Sie häu-
441 991 2025 1076 figer - die Gemäldequalerie, die so hoffnungsvoll be-
445 1067 1285 1140 gonnen, hat rasch geendet.-
443 1115 991 1204 Herzlich der Ihre
817 1150 1779 1243 Richard entschldigen - Arthur.
451 1214 2027 1278 "Aeh.Kamerad,und was machen Weiber?" (Carricaturen,
447 1268 1345 1357 Floh,Bombe,Wiener Witzblatt).
451 1305 1578 1392 Und jene schöne, die vor Zeiten Euch
445 1370 1874 1446 Das Wasser auf den Nachttisch Abends stellte
445 1411 1638 1492 Mit der Madonna holdem Lächeln - denkt
453 1483 1705 1545 Ihr dieses guten Mädchens manchmal noch,
447 1518 1703 1597 Das sicher manches gegen die Empfängnis
451 1562 1926 1659 Doch gegen das Beflecktsein gar nichts hatte -?
662 1665 1955 1740 Der Obige, was ich leider nicht auf jenes
441 1744 1154 1814 Mädchen beziehen kann.
470 1866 1330 1969 (nach Florenz a posta ferma)
1014 1976 1158 2044 ----
1992 2027 2087 2106 43
1338 2036 1773 2152 Wien, 5. Oct. 94.
459 2110 991 2224 Lieber Bekannter!
472 2154 2116 2259 Das einzige, was Sie mir von Ihrer italien. Reise mit-
470 2220 2110 2315 theilen, ist dass mein Guerouv in Mailand hängt. Das
476 2280 1951 2367 steht aber schon im „Lübke“ - ich muss Sie also,
478 2311 2085 2410 wenn Sie überhaupt die Absicht haben, Neuigkeiten aus
472 2377 2023 2458 Italien an mich zu schreiben, um sorgfältigere Aus-
470 2414 2054 2516 wahl bitten, Lassen Sie sich nicht etwa einfallen,
474 2472 1967 2563 mir aus Rom zu schreiben, dass dort Julius Caesar
476 2518 2036 2609 ermordet wurde - es steht im Plöetz! - Dagegen bin
478 2578 2052 2675 ich gern bereit, persönlicheres von Ihnen zu erfah-
480 2629 2003 2722 ren - haben Sie keine von den Schwestern Rondoli
486 2660 2096 2789 getroffen? - Beantworten Sie mir auch gütigst einige
916 2733 2071 2814 Wann kommen Sie zurück? 2.) Wie weit
484 2758 848 2826 Fragen. 1.
480 2770 2141 2876 werden Sie Ihre Reise ausdehnen. 3) Haben Sie was ge-
480 2861 811 2942 schrieben?
