2425 4042
917 833 1094 933 -126-
1874 868 2018 984 256
1345 892 1658 1002 3.4.1908.
339 958 760 1056 (pneum.Karte)
335 974 1913 1140 Lieber Richard, machen Sie uns die Freude am Montag
341 1051 1949 1207 mit Paula bei uns zu nachtmahlen. (Salten's hab iihh
352 1118 1941 1252 auch geschrieben.) Kommen Sie vor 8 und senden Sie
345 1181 1949 1321 uns bitte eine zusagende Antwort. Herzlichst Ihr A.
1932 1356 2064 1468 257
1349 1360 1623 1474 17.4.08.
361 1455 2025 1606 Lieber Richard, ich habe eins hochgradige Grippe - darf
367 1526 1945 1658 ich unsere endgiltige Zusage für morgen Abend bis
367 1576 1969 1708 morgen Vormittag aufschieben - Oder wollen Sie dies
369 1660 1310 1766 hier als Absage gelten lassen.
369 1669 1971 1809 Salten dürfte morgen nicht zu Ihnen kommen,er reist
367 1764 1544 1869 ja am Abend ab.- sagte er mich heute.
745 1822 1297 1910 Herzlichst Ihr A.
1304 1964 1736 2092 Riva, 29.4.08.
1941 2003 2081 2116 258
380 2068 1680 2245 Herzliche Grüsse Ihr alter Arthur Olga,
1289 2273 1781 2401 München,4.5.08
1945 2344 2096 2439 259
393 2398 1511 2582 Herzliche Grüsse!Ihr Arthur. Olga.
1287 2526 1807 2649 Garmisch. 11.5.08
449 2599 2014 2750 Wir sind im Autonschtmobilkastl von München hieher
438 2636 2176 2828 gefahren und grüssen herzlichst! Ihr Arthur Olga. 2-60
