2404 3992
1037 769 1177 863 -42-
403 948 1908 1021 Er appellirt an uns zusammen, die Summe ist 25 fl.
403 987 2043 1073 Ich hab ihm gleich 10 fl. geschickt, Darf ich ihm auch
399 1041 1921 1125 für Sie was schicken? Auch an Hugo wandt ich mich
410 1116 690 1181 bereits. -
405 1150 2029 1220 Gestern war ich beim „Pelikan.“ Dieses Blasswerden gu-
405 1218 2010 1276 ter Stücke ist seltsam.- Heute geh ich zur Eröffnung
405 1268 1946 1326 der Josefstadt.- gearbeitet hab ich noch immer gar
399 1324 2035 1382 nichts; heute Nacht will ich anfangen. Glauben Sie? -
403 1366 1827 1428 Das Datum der u. ist noch nicht festgestellt.
410 1422 1979 1486 Den Hugo hab ich gestern begegnet, vorgestern ist er
410 1474 1946 1534 zurückgekommen. Er sieht gut aus, "wettergebräunt"
410 1528 2029 1596 Nach und nach wird man zu allen Worten Anführungszei-
405 1586 2035 1663 chen machen müssen - das wird dann das Ende der Lite-
412 1634 742 1702 ratur sein.
410 1682 1958 1742 Wie gehts Ihnen? Nächstens schreiben Sie mir einen
412 1738 1996 1800 Brief statt einer Depesche; da werde ich weniger er-
410 1792 1946 1850 schrecken und mich besser unterhalten. Ich wünsche
410 1838 1948 1904 Ihnen weiter gute Laune, gutes Wetter, gute Stimmung
410 1892 2004 1971 und lebhafte Empfindung Ihrer Freiheit und Ihres Le-
405 1944 561 2008 bens.
403 1975 1258 2062 Herzliche Grüsse Ihr Arthur
399 2087 1287 2176 (nach Gardone post restante)
1039 2191 1204 2262 ====
1958 2203 2041 2307 G 2
1366 2247 1790 2332 Wien, 23.9.96
387 2349 2023 2416 Lieber Richard, nach Riva hab ich Ihnen nicht nur eins
391 2405 1906 2465 Karte, sondern einen langern Brief geschrieben, den
397 2457 2037 2519 Sie gef. reclamiren wollen. Schreiben Sie mir endlich
418 2517 1863 2569 auch einmal wieder. Vorm Burgth. nichts neues.-
397 2563 2000 2611 "Mourir“ erscheint bei Perreia in Paris (durch Ver¬
387 2605 2027 2684 mittlung der Red. der Sem. Litt.) - Sie müssen es jetzt
393 2663 1931 2729 da unten herrlich haben. Ich denke an den Gardasee
391 2713 2058 2796 bei Gardone zurück wie an ein Meer. Seien Sie herzlich
391 2761 1039 2848 gegrüsst! Ihr Arthur.
387 2852 823 2950 (nach Gardone)
1621 322 1848 407 1   ƒ
2191 299 2353 405 1641
