2407 4023
427 284 617 398 V.,,.,
919 302 1577 451 ..,.̃
158 313 280 420 18
1800 750 1925 847 164
798 847 928 930 -91-
1216 934 1739 1030 19.6.1900. Wien.
241 1041 1829 1148 Lieber Richard, es ist ziemlich unglaublich, dass Sie
249 1155 1921 1236 gar nichts von sich hören lassen. Ich möcht gern gegen
249 1221 1859 1286 Ende dieses auf 2-3 Tage nach Altaussee kommen, istes
249 1262 1877 1343 Ihnen recht? Goldmann schreibt mir wegen einer event.
249 1310 1932 1391 Fusstour Anfang August, auch Kerr möchte sich anschlies-
256 1387 1905 1439 sen, mir wäre die Zeit nach 20. Juli eigentlich lieber;
249 1424 1899 1503 auch darüber sprechen wir wohl. Mir geht es innerlich
254 1488 1796 1549 nicht gut. Denken Sie übrigens, dass Schlenther die
249 1520 1868 1595 Bea, nicht aufführen will. (Natürlich verblümt.) Nä¬
249 1573 2008 1643 heres auch darüber mündlich. Ich war und bin noch wüthend
256 1643 1934 1711 drüber.- Meine Novelle ist fertig. Nicht schlecht. Eini-
249 1689 1794 1748 nes kleinere halbfertig. Zu grösserem keine rechte
249 1737 1549 1800 Lust.- Hugo ist in der Brühl. Gustav auch.
249 1796 928 1875 Herzlichst Ihr Arthur.
254 1881 755 1984 (nach Altaussee)
1787 1993 1905 2098 165
1183 2010 1673 2111 Wien, 26.6.1900.
273 2124 1912 2196 Lieber Richard, bitte bestellen Sie mir bei Brunthaler
280 2185 1802 2247 ein Zimmer. Ich beabsichtige Donnerstag Früh nach
273 2244 1853 2312 Ischl zu fahren, dort Hirschfelds zu besuchen und zu
273 2292 1824 2349 übernachten, Freitag Früh spätestens Mittag in Alt-
282 2347 1844 2406 aussee zu sein, wo ich bis Sonntag Früh bleibe. Wei-
280 2398 1932 2470 teres mündlich. Auf Wiedersehn. Herzlichst Ihr Arthur.
282 2487 777 2581 (nach Altaussee)
892 2562 1015 2616 ====  =====
