2388 3993
1219 271 1544 397 1 1 1/2
408 275 510 393 1:1
929 762 1078 841 -28-
307 890 1911 1012 Es wird gut sein, wenn ich möglichst bald wieder was
314 961 1845 1063 grosses zu schreiben anfange, was vielleicht weder
310 1012 1902 1114 gut noch gross sein wird, was ein Wortspiel ist oder
310 1076 1881 1155 auch kein Wortspiel oder doch ein Wortspiel wie R.
310 1132 1849 1213 B.-H. schreiben würde, dass A.S. schrieben wurde.-
314 1168 1808 1258 Ich war bei der Première der Comödianten. Es ist
314 1200 1909 1307 ein schlechtes Stück mit einigen gut angelegten Fi-
320 1258 1983 1369 guren, einer dramatisch vortrefflichen Scene, (die sich
316 1328 2033 1420 wie ein lebendiges Auge, das leuchtet, in einer Wachspup-
329 1390 1909 1477 pe ausnimmt) mit ein paar vortrefflichen Wendungen
320 1435 1917 1524 sogar mit etwas Elan im Boginn; im ganzen aber doch
316 1480 1913 1571 nur springende Episoden und keine schreitende Hand-
316 1541 1857 1633 lung. Was sich als letzte ausgibt, stört geradezu.
318 1629 2018 1731 Es ist der Holzstab, der durch die verzuckerten Mandeln
331 1695 1954 1785 gesteckt wird - freilich fallen die Mandeln ohne das
322 1742 1945 1828 Holz auseinander,- aber gegessen werden doch nur die
325 1804 1883 1881 Mandeln - und das Holz - nun?" man leckt es ab,wo-
325 1834 1986 1945 ran dieser Vergleich, scheint mir, schmählich zu Grunde
337 1919 534 1988 geht. —
337 1966 1896 2039 Gestern hab ich wieder einmal Kobale und Liebe ge-
331 2011 1951 2082 sehen. Es ist unbegreiflich, dass man einen so raffi-
329 2062 1898 2139 nirt guten und auch menschlich grossartigen ersten
331 2099 1979 2193 und zweiten Akt - und einen so unsäglich dummen fünf¬
335 2163 1898 2235 ten Akt schreiben kann. - Und dann - die Liebe bei
339 2223 1832 2289 Schiller geht mir auf die Nerven. Ihre Bemerkung
329 2259 1977 2342 über "Lebt wohl, ihr Berge" - (sind Sie geschmeichelt)
329 2325 1512 2393 lässt sich auch da hundertmal machen.-
329 2383 1868 2453 Kennen Sie den Komödiantenroman von Saarron? Eben
331 2436 1815 2500 lese ich ihn mit viel Vergnügen.- Ich werde zum
329 2468 1872 2556 Nachtmahl gerufen. Leben Sie wohl, kommen Sie bald
329 2541 2013 2605 zurück, und schämen Sie sich nicht, dass sie sich sogar-
329 2607 1582 2658 nach den Wiener Kaffeehausecken sehnen.-
333 2650 1102 2726 Herzlich der Ihre Arthur.
335 2688 1958 2763 Sie schreiben mir natürlich auch noch eine Zeile aus
329 2758 617 2822 Venedig?-
335 2795 1497 2893 (nach Venedig Hotel Bauer u.Grünwald)
918 2891 1048 2983 ====
