2404 3992
1731 268 1849 374 " "
492 288 888 419 1 „ „ —: —:
1120 326 1204 396 1
1152 797 1284 876 -43-
2013 847 2108 942 G 3
1396 882 1809 979 Wien, 26.9.95.
459 969 2071 1073 Lieber Richard, heute kam zugleich Ihre Karte vom 23.
465 1058 2044 1123 und Ihr Brief vom 24. an. Ich sende also diese Zei-
465 1112 2071 1168 len hier nach Gardone; warum schreiben Sie nicht, wo-
465 1162 2052 1226 hin Sie von da aus gehen? Eben hat mir die Tragödin
467 1220 1988 1282 telephonirt, es war heut Probe von Liebelei (statt
469 1266 2044 1324 Don Carlos) von der ich nichts wusste, und sie über-
465 1320 1946 1394 bot sich selbst an Liebenswürdigkeiten für mich,
463 1378 1959 1457 mein Stück und ihre Rolle. Sie hat heute auf der
469 1423 2133 1498 Probe einen "grossartigen" Erfolg gehabt, und na, und so
471 1492 2133 1560 weiter. Ich denke, die Première wird am 7. ober 8. oder
492 1544 1975 1604 9. sein. Dazu gibt man Giocosa, Rechte der Seele.
457 1573 1697 1666 Für einen guten Sitz soll gesorgt sein.
459 1645 1982 1710 Allmälig hab ich zu arbeiten angefangen. Begonnen
463 1691 1894 1764 hab ich damit, dass ich ein Stück (Einakter) in
465 1737 1919 1820 Versen, den ich vorigen Winter schrieb, in meinen
459 1799 1988 1870 Schreibtisch vergrub,- wo er am tiefsten ist. Ich
452 1845 2065 1930 hab manchmal die starke Empfindung, dass mir nie mehr
454 1899 2031 1982 etwas gelingen wird - wie Ibsen und — Paul Lindau.-
459 1946 2017 2038 Da die Läufigkeit der Frauen manchmal angenehm war
450 1996 1996 2081 haben Sie wohl auch was „erlebt“... wenigstens An-
448 2054 2031 2137 fänge. Da drin stecken ja die ganzen Erlebnisse, die
448 2092 2031 2187 Schlüsse sind ja dieselben. (Anatol reibt sich die
446 2158 2087 2249 Augen. Er schlummert sofort wieder ein. Bald schläfst
450 2195 2023 2299 du... etc. siehe Hänsel u. Grethel) Ich beneide Sie
446 2258 1969 2339 um die Natur. Es ist so schön jetzt und ich möcht
450 2305 2017 2399 ganz wo anders sein. Neulich war ich in der Brühl.
442 2355 1959 2448 Tini ist sehr stolz geworden. Auch war ein Jäger-
436 2413 2025 2513 lieutenant draussen. Dem Hugo hab ich Ihre Kränkung
442 2463 1511 2546 ausgerichtet,er ist auch gekränkt.
434 2513 2054 2617 Wie weit ist der Liebling der Götter und hoffentlich
438 2556 998 2635 vieler Menschen? =
430 2619 2007 2716 Leben Sie wohl und schreiben Sie mir. Samstag werde
423 2677 1980 2760 ich wohl das Datum der Prem. definitiv kennen. Man
427 2722 1973 2820 erkundigt sich immerfort und allseitig nach Ihnen,
425 2770 2025 2878 was keine Brosamen, sondern naive Wahrheiten sind. Wa-
421 2822 2011 2928 rum soll ichs Ihnen denn verschweigen? Dazu bin ich
415 2882 2069 2998 nicht 999gradig genug.-Herzlichen Gruss,ich freu mich
417 2924 1345 3025 schon sehr auf Sie. Ihr Arthur
