2529 3992
545 259 724 352 V. M.
796 255 929 368 xx
1080 728 1230 822 -85-
2071 744 2190 843 154
1330 796 1768 907 Wien, 24.11.99
504 915 2021 1020 Also es bleibt bei Sonntag um 5. Sollten Sie etwa
508 966 1964 1075 Lust haben sich den Korff in der Lbl. anzusehn?
512 1045 1189 1135 Herzlichst Ihr Arthur
528 1147 1164 1254 (nach I.Wollzeile 15)
1065 1203 1238 1269 ====
2079 1250 2176 1330 155
1347 1265 1781 1359 Wien, 28.11.99.
514 1374 2040 1470 Lieber, unmöglich für den Homburger Prinzen was zu
535 1425 2122 1524 verschaffen. Ich mir selber durch Rosenbaum, der aber
533 1472 2128 1581 nur einen versorgen kann. Intendanz-Erlass, wegen der
533 1530 2097 1631 Angriffe in den Zeitungen, dass man an der Kasse nie
533 1573 2106 1684 was kriegt. Also durch Dienstmann an der Kasse noch
526 1653 1762 1738 am ehesten möglich. Herzlich Ihr Arthur.
535 1754 734 1859 (w.o.)
1084 1791 1258 1867 =====
1326 1881 1772 1976 Wien, 24.12.99.
2124 1884 2227 1972 156
533 1980 2110 2099 Mein lieber Richard, ich kann nur sagen, es ist gera-
549 2052 2132 2141 dazu feinsinnig, was diesmal keine Beleidigung bedeu-
549 2099 2062 2190 ten soll, und ich bin (wissen Sie kein andres Wort
551 2145 2141 2250 beschämt, befangen — und versuche mich mit einem Witz
545 2196 2112 2295 aus der Affaire zu ziehen - z.B. dass ich immer auf
555 2258 2036 2344 einen der 3 Einakter verzichten muss - bei Ihrem
553 2311 1999 2410 Geschenk auf die Gefährtin - aber ich will (was
557 2354 2052 2468 gleich ein zweiter Witz ist) die Schachtel selbst
549 2418 2032 2502 als Gefährtin ansehn da sie (dritter Witz) keine
555 2500 827 2568 alte ist.
551 2517 2202 2618 Also herzlichen Dank und Gruss; auf Wiedersehn morgen,
561 2585 1448 2671 wohl schon in der Josefstadt.
549 2657 899 2745 Ihr Arthur
557 2755 742 2831 (w.o.)
