2379 3992
829 275 941 373 III.
1158 279 1322 387 :s
323 398 1647 519 ....3......,,......v.,,.............,,...,.,..........,......
1835 433 1964 489 le
991 752 1137 835 -74-
1895 775 2014 841 124
1164 843 1703 956 Tegernsee,3.8.98
392 856 858 966 (Ansichtskarte)
383 931 2018 1066 Lieber Richard, hier bleib ich mindestens 8 Tage. Die
396 1000 1955 1102 Gegend ist in Wirklichkeit besser gemalt! Ich wohne
394 1054 1629 1166 Hotel Post. Herzliche Grüsse Ihr Arthur.
402 1170 895 1268 (nach Steindorf)
1208 1272 1745 1393 Tegarnsee 9.8.98
1951 1283 2053 1372 125
394 1391 2070 1518 Mein lieber Richard, nach achttägigem vom Wetter riesig
408 1460 1993 1566 begünstigten Aufenthalt verlass ich Tegernsee heute,
412 1493 2064 1608 treffe Donnerstag mit Hugo in Basel zusammen. Hoffent-
402 1558 2010 1654 lich sehen wir uns noch diesen Monat. Sie hören bald
412 1606 2070 1712 mehr. Schreiben Sie mir eventuell nach Wien, es ist das
402 1695 1206 1785 sicherste. Herzlich Ihr A.
416 1789 904 1897 (nach Steindorf)
1968 1793 2070 1916 126
1256 1893 2039 2010 Bienne (Schweiz), 13.8.98
456 2018 1995 2120 Unser lieber Richard, wir denken (sagt Hugo) oft an
423 2072 1987 2174 Sie (sage ich). Schreiben Sie uns gleich (sags ich)
421 2137 1993 2212 Genf post.rest. (sagt Hugo) wo wir Mittwoch sind. Ich
419 2185 2016 2282 möchte irgendwo am Genfersee bleiben, Hugo geht wahr-
421 2239 1993 2318 scheinlich nach Lugano, doch ist es möglich, dass wir
427 2291 2041 2368 beide eine Zeit lang zusammen bleiben, hier oder dort.
423 2366 1097 2449 Von Herzen Ihr Arthur.
423 2451 918 2564 (nach Steindorf)
975 2491 1139 2582 ======
