<?xml version="1.0" encoding="UTF-8" standalone="yes"?>
<PcGts xmlns="http://schema.primaresearch.org/PAGE/gts/pagecontent/2013-07-15" xmlns:xsi="http://www.w3.org/2001/XMLSchema-instance" xsi:schemaLocation="http://schema.primaresearch.org/PAGE/gts/pagecontent/2013-07-15 http://schema.primaresearch.org/PAGE/gts/pagecontent/2013-07-15/pagecontent.xsd">
    <Metadata>
        <Creator>prov=READ-COOP:name=TrHtr:version=2.1.0:model_id=51170:date=25_07_2023_01:00</Creator>
        <Created>2023-05-01T21:48:29.591+02:00</Created>
        <LastChange>2023-07-25T01:00:30.196+02:00</LastChange>
        <TranskribusMetadata docId="1416402" pageId="54944786" pageNr="53" tsid="130579451" status="IN_PROGRESS" userId="64420" imgUrl="https://files.transkribus.eu/Get?id=BSKAIHHGFKRPNZJBXZCLKMTX&amp;fileType=view" xmlUrl="https://files.transkribus.eu/Get?id=XIREDMHDJWQFCXYMUCAKTKTH" imageId="44448871"/>
    </Metadata>
    <Page imageFilename="1416402_0053.jpg" imageWidth="2405" imageHeight="3994">
        <ReadingOrder>
            <OrderedGroup id="ro_1711832867584" caption="Regions reading order">
                <RegionRefIndexed index="0" regionRef="tr_1"/>
                <RegionRefIndexed index="1" regionRef="tr_2"/>
            </OrderedGroup>
        </ReadingOrder>
        <TextRegion id="tr_1" custom="readingOrder {index:0;}">
            <Coords points="385,281 1994,281 1994,1866 385,1866"/>
            <TextLine id="tr_1_tl_1" custom="readingOrder {index:0;}">
                <Coords points="526,368 771,383 941,340 1174,383 1311,350 1606,387 1651,358 1725,391 1780,380 1780,311 1667,270 1522,323 1009,256 959,286 524,270"/>
                <Baseline points="537,349 573,355 617,361 662,358 707,358 752,349 797,346 841,346 886,337 931,340 976,334 1020,334 1065,331 1110,331 1156,341 1156,341 1202,343 1247,346 1292,343 1337,352 1382,355 1426,352 1471,358 1516,355 1561,361 1605,361 1650,364 1695,361 1740,361 1785,352"/>
                <TextEquiv>
                    <Unicode>1 1 1 1/2 1/4 rue 4 1/0 r. 1 1, 4, 0/0 4, r. 4, 4 1, rue 1/1 r,</Unicode>
                </TextEquiv>
            </TextLine>
            <TextLine id="tr_1_tl_2" custom="readingOrder {index:1;}">
                <Coords points="964,892 974,892 982,902 996,890 1006,896 1027,882 1054,900 1074,894 1096,896 1096,818 1076,806 1060,820 1052,816 1039,829 1027,831 998,822 980,837 964,837"/>
                <Baseline points="976,868 1020,871 1065,868 1101,868"/>
                <TextEquiv>
                    <Unicode>-49-</Unicode>
                </TextEquiv>
            </TextLine>
            <TextLine id="tr_1_tl_3" custom="readingOrder {index:2;}">
                <Coords points="1115,986 1252,986 1260,978 1334,992 1346,980 1395,984 1412,980 1414,935 1344,919 1317,935 1275,925 1236,941 1221,931 1172,935 1158,923 1117,917"/>
                <Baseline points="1125,973 1149,973 1194,973 1238,973 1283,973 1328,973 1373,970 1417,970"/>
                <TextEquiv>
                    <Unicode>Trondhjem</Unicode>
                </TextEquiv>
            </TextLine>
            <TextLine id="tr_1_tl_4" custom="readingOrder {index:3;}">
                <Coords points="1487,992 1500,992 1514,984 1530,992 1538,988 1547,992 1569,992 1569,937 1559,937 1551,945 1545,945 1534,937 1526,937 1520,943 1502,933 1487,935"/>
                <Baseline points="1498,985 1543,985 1573,985"/>
                <TextEquiv>
                    <Unicode>12.</Unicode>
                </TextEquiv>
            </TextLine>
            <TextLine id="tr_1_tl_5" custom="readingOrder {index:4;}">
                <Coords points="1588,988 1598,988 1604,992 1614,992 1620,988 1645,992 1651,986 1655,990 1675,990 1677,945 1657,943 1653,937 1645,935 1637,943 1632,937 1626,941 1620,937 1614,943 1606,943 1598,949 1588,949"/>
                <Baseline points="1599,988 1632,985 1677,985"/>
                <TextEquiv>
                    <Unicode>96</Unicode>
                </TextEquiv>
            </TextLine>
            <TextLine id="tr_1_tl_6" custom="readingOrder {index:5;}">
                <Coords points="1111,1033 1743,1039 1804,1025 1806,972 1706,964 1677,992 1500,992 1455,962 1334,992 1113,982"/>
                <Baseline points="1122,1023 1140,1023 1185,1023 1229,1023 1274,1023 1319,1020 1364,1020 1408,1020 1453,1017 1498,1020 1543,1017 1588,1017 1632,1017 1677,1017 1722,1017 1767,1014 1811,1011"/>
                <TextEquiv>
                    <Unicode>ss."Sverre "Sigurdssön"</Unicode>
                </TextEquiv>
            </TextLine>
            <TextLine id="tr_1_tl_7" custom="readingOrder {index:6;}">
                <Coords points="378,1139 1901,1137 1901,1084 1823,1070 573,1101 378,1066"/>
                <Baseline points="388,1128 426,1131 471,1134 516,1134 561,1134 605,1134 650,1134 695,1131 740,1134 785,1131 829,1131 874,1131 919,1131 964,1131 1008,1131 1053,1128 1098,1128 1143,1128 1188,1128 1232,1128 1277,1128 1322,1125 1367,1125 1411,1125 1456,1128 1501,1125 1546,1125 1591,1122 1635,1122 1680,1122 1725,1122 1770,1122 1814,1122 1859,1122 1904,1125"/>
                <TextEquiv>
                    <Unicode>Eben nach 36stündiger wunderschönen Fahrt auf der</Unicode>
                </TextEquiv>
            </TextLine>
            <TextLine id="tr_1_tl_8" custom="readingOrder {index:7;}">
                <Coords points="374,1187 1839,1201 1839,1137 1800,1129 1021,1166 374,1140"/>
                <Baseline points="385,1176 429,1182 474,1185 519,1185 564,1188 608,1185 653,1185 698,1185 743,1185 788,1185 832,1185 877,1185 922,1185 967,1185 1011,1185 1056,1185 1101,1185 1146,1185 1191,1182 1235,1182 1280,1182 1325,1182 1370,1182 1414,1182 1459,1179 1504,1179 1549,1179 1594,1179 1638,1179 1683,1179 1728,1176 1773,1179 1817,1176 1841,1176"/>
                <TextEquiv>
                    <Unicode>Nordsee in Stavanger gelandet,von da gehts um 6</Unicode>
                </TextEquiv>
            </TextLine>
            <TextLine id="tr_1_tl_9" custom="readingOrder {index:8;}">
                <Coords points="383,1256 1915,1254 1952,1193 383,1203"/>
                <Baseline points="394,1235 435,1238 480,1238 525,1238 570,1241 614,1238 659,1238 704,1238 749,1238 794,1238 838,1238 883,1238 928,1238 973,1238 1017,1238 1062,1238 1107,1238 1152,1235 1197,1235 1241,1235 1286,1235 1331,1235 1376,1232 1420,1232 1465,1232 1510,1232 1555,1232 1599,1232 1644,1232 1689,1232 1734,1232 1779,1232 1823,1232 1868,1232 1913,1235 1958,1232"/>
                <TextEquiv>
                    <Unicode>weiter. Ich schreibe Ihnen, Ihrer letzten Karte fol-</Unicode>
                </TextEquiv>
            </TextLine>
            <TextLine id="tr_1_tl_10" custom="readingOrder {index:9;}">
                <Coords points="383,1307 1843,1313 1868,1254 383,1258"/>
                <Baseline points="394,1298 397,1295 441,1292 486,1292 531,1292 576,1292 620,1289 665,1292 710,1289 755,1289 799,1286 844,1289 889,1289 934,1289 979,1289 1023,1289 1068,1289 1113,1289 1158,1289 1202,1289 1247,1289 1292,1289 1337,1289 1382,1286 1426,1286 1471,1289 1516,1286 1561,1286 1605,1289 1650,1286 1695,1286 1740,1286 1785,1289 1829,1289 1874,1289"/>
                <TextEquiv>
                    <Unicode>gend, bereits nach Kopenhagen post.rest. zweifle</Unicode>
                </TextEquiv>
            </TextLine>
            <TextLine id="tr_1_tl_11" custom="readingOrder {index:10;}">
                <Coords points="383,1354 1788,1358 1855,1354 1855,1309 383,1315"/>
                <Baseline points="394,1340 438,1343 483,1343 528,1343 573,1343 617,1343 662,1340 707,1340 752,1343 797,1340 841,1340 886,1343 931,1343 976,1343 1020,1343 1065,1340 1110,1337 1155,1340 1199,1343 1244,1340 1289,1340 1334,1340 1379,1340 1423,1340 1468,1340 1513,1340 1558,1340 1602,1340 1647,1340 1692,1340 1737,1340 1782,1340 1826,1343 1859,1346"/>
                <TextEquiv>
                    <Unicode>aber, dass Sie schon dort sind, warum ich zweifle,</Unicode>
                </TextEquiv>
            </TextLine>
            <TextLine id="tr_1_tl_12" custom="readingOrder {index:11;}">
                <Coords points="387,1405 1917,1407 1878,1344 387,1356"/>
                <Baseline points="399,1388 444,1394 489,1394 534,1394 579,1394 623,1394 668,1394 713,1394 758,1394 802,1394 847,1397 892,1394 937,1394 982,1394 1026,1394 1071,1394 1116,1394 1161,1394 1205,1397 1250,1394 1295,1397 1340,1394 1385,1394 1429,1394 1474,1394 1519,1394 1564,1394 1608,1394 1653,1394 1698,1394 1743,1394 1788,1394 1832,1394 1877,1394 1922,1394 1925,1391"/>
                <TextEquiv>
                    <Unicode>weiss ich nicht. Ich freue mich auf Ihre Nachrich-</Unicode>
                </TextEquiv>
            </TextLine>
            <TextLine id="tr_1_tl_13" custom="readingOrder {index:12;}">
                <Coords points="385,1453 413,1455 425,1450 436,1459 460,1453 479,1463 491,1457 513,1457 511,1407 473,1407 468,1412 460,1408 450,1418 442,1412 430,1414 415,1403 385,1410"/>
                <Baseline points="397,1444 441,1444 486,1447 513,1447"/>
                <TextEquiv>
                    <Unicode>ten.</Unicode>
                </TextEquiv>
            </TextLine>
            <TextLine id="tr_1_tl_14" custom="readingOrder {index:13;}">
                <Coords points="380,1506 460,1543 603,1504 1082,1524 1142,1500 1281,1534 1279,1465 1240,1453 1144,1473 820,1450 771,1475 378,1448"/>
                <Baseline points="391,1492 435,1495 480,1498 525,1498 570,1495 614,1495 659,1495 704,1495 749,1495 794,1495 838,1495 883,1495 928,1498 973,1498 1017,1498 1062,1498 1107,1498 1152,1498 1197,1498 1241,1498 1286,1501"/>
                <TextEquiv>
                    <Unicode>Herzlich der Ihre Arthur Sch.</Unicode>
                </TextEquiv>
            </TextLine>
            <TextLine id="tr_1_tl_15" custom="readingOrder {index:14;}">
                <Coords points="385,1624 536,1614 554,1600 632,1624 734,1606 777,1635 855,1608 908,1614 908,1551 810,1571 773,1555 632,1561 595,1530 544,1559 489,1565 385,1549"/>
                <Baseline points="397,1602 441,1599 486,1597 531,1599 576,1597 620,1597 665,1597 710,1597 755,1597 799,1599 844,1599 889,1599 913,1602"/>
                <TextEquiv>
                    <Unicode>(nach Kopenhagen)</Unicode>
                </TextEquiv>
            </TextLine>
            <TextLine id="tr_1_tl_16" custom="readingOrder {index:15;}">
                <Coords points="896,1708 908,1710 914,1704 929,1702 953,1712 980,1702 1013,1725 1031,1727 1031,1671 1006,1678 990,1665 970,1671 941,1661 917,1678 896,1677"/>
                <Baseline points="907,1698 946,1695 991,1695 1035,1695"/>
                <TextEquiv>
                    <Unicode>====  =====</Unicode>
                </TextEquiv>
            </TextLine>
            <TextLine id="tr_1_tl_17" custom="readingOrder {index:16;}">
                <Coords points="1168,1810 1450,1821 1526,1802 1632,1827 1677,1808 1804,1827 1802,1766 1700,1753 1667,1772 1346,1747 1238,1772 1166,1753"/>
                <Baseline points="1179,1799 1223,1802 1268,1802 1313,1802 1358,1802 1402,1802 1447,1802 1492,1802 1537,1802 1582,1802 1626,1805 1671,1805 1716,1805 1761,1805 1805,1808 1808,1808"/>
                <TextEquiv>
                    <Unicode>An Bord der Sig.Jarl</Unicode>
                </TextEquiv>
            </TextLine>
            <TextLine id="tr_1_tl_18" custom="readingOrder {index:17;}">
                <Coords points="1900,1827 1925,1829 1946,1813 1958,1819 1970,1815 1976,1821 1990,1821 1988,1747 1976,1749 1958,1741 1952,1747 1946,1743 1939,1749 1921,1747 1909,1759 1900,1759"/>
                <Baseline points="1910,1802 1955,1802 1994,1805"/>
                <TextEquiv>
                    <Unicode>73</Unicode>
                </TextEquiv>
            </TextLine>
            <TextLine id="tr_1_tl_19" custom="readingOrder {index:18;}">
                <Coords points="1166,1886 1191,1882 1205,1868 1232,1888 1274,1886 1309,1868 1334,1888 1358,1874 1395,1876 1408,1866 1424,1868 1426,1823 1369,1808 1328,1819 1301,1810 1264,1817 1168,1810"/>
                <Baseline points="1176,1856 1205,1853 1250,1856 1295,1853 1340,1856 1385,1853 1429,1853"/>
                <TextEquiv>
                    <Unicode>17.7.96.</Unicode>
                </TextEquiv>
            </TextLine>
        </TextRegion>
        <TextRegion id="tr_2" custom="readingOrder {index:1;}">
            <Coords points="370,1902 1919,1902 1919,2484 370,2484"/>
            <TextLine id="tr_2_tl_1" custom="readingOrder {index:0;}">
                <Coords points="360,1962 1874,1980 1913,1907 360,1913"/>
                <Baseline points="370,1952 414,1952 459,1955 504,1955 549,1955 594,1955 638,1955 683,1955 728,1955 773,1955 817,1955 862,1955 907,1955 952,1958 997,1958 1041,1955 1086,1955 1131,1955 1176,1955 1220,1958 1265,1955 1310,1955 1355,1955 1399,1955 1444,1958 1489,1958 1534,1958 1579,1958 1623,1958 1668,1958 1713,1958 1758,1958 1802,1958 1847,1958 1892,1958 1919,1955"/>
                <TextEquiv>
                    <Unicode>Mein lieber Richard, ich nehme an Sie bekommen die-</Unicode>
                </TextEquiv>
            </TextLine>
            <TextLine id="tr_2_tl_2" custom="readingOrder {index:1;}">
                <Coords points="372,2013 1860,2019 1831,1966 372,1974"/>
                <Baseline points="382,2002 426,2002 471,2002 516,2005 561,2005 605,2002 650,2005 695,2005 740,2005 785,2005 829,2005 874,2005 919,2005 964,2005 1008,2005 1053,2008 1098,2005 1143,2005 1188,2008 1232,2005 1277,2005 1322,2005 1367,2008 1411,2008 1456,2008 1501,2008 1546,2008 1591,2008 1635,2008 1680,2008 1725,2008 1770,2008 1814,2008 1859,2008 1865,2011"/>
                <TextEquiv>
                    <Unicode>se Karte am 24. da schreiben Sie mir gleich nach</Unicode>
                </TextEquiv>
            </TextLine>
            <TextLine id="tr_2_tl_3" custom="readingOrder {index:2;}">
                <Coords points="366,2074 1876,2083 1841,2017 366,2015"/>
                <Baseline points="376,2053 420,2053 465,2053 510,2053 555,2056 599,2056 644,2056 689,2059 734,2059 779,2056 823,2059 868,2056 913,2059 958,2056 1002,2059 1047,2059 1092,2059 1137,2059 1182,2059 1226,2059 1271,2059 1316,2059 1361,2062 1405,2062 1450,2059 1495,2059 1540,2059 1585,2059 1629,2059 1674,2059 1719,2059 1764,2059 1808,2059 1853,2059 1880,2053"/>
                <TextEquiv>
                    <Unicode>Stockholm (post rest. natürlich.) Ich werde wahr-</Unicode>
                </TextEquiv>
            </TextLine>
            <TextLine id="tr_2_tl_4" custom="readingOrder {index:3;}">
                <Coords points="372,2121 1860,2130 1860,2068 372,2066"/>
                <Baseline points="382,2104 426,2104 471,2107 516,2107 561,2107 605,2107 650,2107 695,2107 740,2107 785,2110 829,2110 874,2110 919,2110 964,2107 1008,2110 1053,2110 1098,2110 1143,2110 1188,2110 1232,2113 1277,2110 1322,2110 1367,2110 1411,2110 1456,2110 1501,2110 1546,2110 1591,2110 1635,2110 1680,2113 1725,2110 1770,2113 1814,2113 1859,2113 1865,2110"/>
                <TextEquiv>
                    <Unicode>scheinlich 24.25.26 in Krist. sein, dann bis etwa</Unicode>
                </TextEquiv>
            </TextLine>
            <TextLine id="tr_2_tl_5" custom="readingOrder {index:4;}">
                <Coords points="366,2158 1833,2187 1831,2128 1723,2119 712,2142 366,2107"/>
                <Baseline points="376,2152 420,2155 465,2158 510,2158 555,2158 599,2158 644,2158 689,2158 734,2161 779,2158 823,2161 868,2161 913,2161 958,2161 1002,2161 1047,2164 1092,2161 1137,2161 1182,2161 1226,2161 1271,2161 1316,2161 1361,2161 1405,2164 1450,2161 1495,2161 1540,2161 1585,2161 1629,2164 1674,2164 1719,2164 1764,2164 1808,2164 1835,2164"/>
                <TextEquiv>
                    <Unicode>30. oder 31. Stockholm. Es wäre wunderschön, wenn</Unicode>
                </TextEquiv>
            </TextLine>
            <TextLine id="tr_2_tl_6" custom="readingOrder {index:5;}">
                <Coords points="368,2218 1833,2226 1833,2187 1635,2169 479,2193 368,2162"/>
                <Baseline points="379,2211 423,2211 468,2211 513,2208 558,2211 602,2211 647,2211 692,2211 737,2211 782,2211 826,2211 871,2214 916,2211 961,2214 1005,2211 1050,2214 1095,2214 1140,2214 1185,2214 1229,2214 1274,2214 1319,2214 1364,2214 1408,2217 1453,2214 1498,2214 1543,2214 1588,2214 1632,2217 1677,2217 1722,2217 1767,2217 1811,2217 1835,2217"/>
                <TextEquiv>
                    <Unicode>Sie doch wenigstens nach Stockh, herüberkommen</Unicode>
                </TextEquiv>
            </TextLine>
            <TextLine id="tr_2_tl_7" custom="readingOrder {index:6;}">
                <Coords points="362,2277 1900,2283 1900,2242 1804,2226 362,2220"/>
                <Baseline points="373,2259 417,2262 462,2262 507,2265 552,2265 597,2265 641,2262 686,2265 731,2265 776,2265 820,2265 865,2265 910,2265 955,2265 999,2265 1044,2268 1089,2268 1134,2268 1179,2265 1223,2268 1268,2268 1313,2268 1358,2268 1402,2268 1447,2268 1492,2268 1537,2268 1582,2268 1626,2268 1671,2271 1716,2268 1761,2271 1805,2268 1850,2268 1895,2268 1904,2268"/>
                <TextEquiv>
                    <Unicode>möchten. Oder nach Goetteborg mir entgegen. Ueber-</Unicode>
                </TextEquiv>
            </TextLine>
            <TextLine id="tr_2_tl_8" custom="readingOrder {index:7;}">
                <Coords points="360,2324 1878,2336 1856,2279 360,2275"/>
                <Baseline points="370,2313 414,2316 459,2316 504,2316 549,2316 594,2316 638,2316 683,2316 728,2316 773,2316 817,2316 862,2316 907,2316 952,2316 997,2316 1041,2319 1086,2319 1131,2319 1176,2319 1220,2319 1265,2319 1310,2319 1355,2319 1399,2319 1444,2319 1489,2319 1534,2319 1579,2322 1623,2322 1668,2319 1713,2322 1758,2322 1802,2322 1847,2322 1883,2322"/>
                <TextEquiv>
                    <Unicode>legen Sie sichs. Bitte lassen Sie mich nicht ohne</Unicode>
                </TextEquiv>
            </TextLine>
            <TextLine id="tr_2_tl_9" custom="readingOrder {index:8;}">
                <Coords points="360,2383 1600,2396 1583,2334 1399,2318 360,2324"/>
                <Baseline points="370,2367 414,2367 459,2367 504,2367 549,2367 594,2367 638,2367 683,2367 728,2367 773,2367 817,2367 862,2367 907,2367 952,2370 997,2370 1041,2370 1086,2370 1131,2370 1176,2370 1220,2370 1265,2373 1310,2370 1355,2370 1399,2370 1444,2370 1489,2370 1534,2373 1579,2373 1605,2379"/>
                <TextEquiv>
                    <Unicode>Nachricht. -Herzlich der Ihre Arthur Sch.</Unicode>
                </TextEquiv>
            </TextLine>
            <TextLine id="tr_2_tl_10" custom="readingOrder {index:9;}">
                <Coords points="362,2490 513,2488 536,2469 558,2486 726,2477 763,2500 898,2494 898,2404 816,2437 704,2418 644,2437 579,2412 460,2432 362,2422"/>
                <Baseline points="373,2474 417,2471 462,2468 507,2468 552,2468 597,2468 641,2468 686,2471 731,2471 776,2471 820,2471 865,2474 901,2474"/>
                <TextEquiv>
                    <Unicode>(nach Kopenhagen)</Unicode>
                </TextEquiv>
            </TextLine>
        </TextRegion>
    </Page>
</PcGts>
