2405 3994
938 757 1075 832 -45-
1888 776 1990 861 66
1079 855 1768 942 31.1.1896, Berlin.
1114 928 1675 1019 Westminster Hotel.
340 1000 805 1087 Lieber Richard
347 1069 1793 1150 Erstens ist Westminster Hotel ein Protzenhotel,
344 1127 1865 1212 wie mir von den verschiedensten Seiten versichert
344 1179 1741 1249 wird. Aber ich wohne doch dort.- Zweitens war
344 1243 1880 1313 selbstverständlich der erste Mensch, dem ich begeg-
340 1278 1919 1370 nete "College“ Stümoke, der zur Zeit Berlin vielfach
349 1345 1857 1419 anspunkt und mehr Unsinn redet, als (über den Ver¬
338 1392 1861 1475 gleich denk ich nächstens nach.) Er fragte gleich
332 1446 1818 1513 nach der Brion. Ein Herr Ehrenzweig, den ich vor-
334 1492 1948 1592 her kennen gelernt hatte (folglich war Stümeke nicht
340 1544 1911 1623 der erste Mensch etc.) und sich an meiner Seite be-
332 1594 2000 1697 fand, kannte die Brion natürlich auch. Ich ahnte füreh-
336 1637 1791 1739 terliches. Aber wir schweiften ab (Ich meine es
326 1695 639 1758 nicht so.
338 1751 1845 1845 Gestern war ich bei der Jüdin von Toledo und ver¬
328 1795 1959 1907 liebte mich in die Sorma; aber Kainz war ebenso herr-
320 1847 490 1913 lich.
324 1903 1811 2015 Mit Brahm hab ich mich sofort gezankt, er hat das
347 1965 1899 2060 Kind der Katharina Binder gemordet - angeblich aus
317 2011 1932 2114 künstlerischen Gründen. Als ich dieselben widerlegte
315 2069 1886 2173 stellte sich heraus, dass er überhaupt kein Kind zur
347 2110 1824 2212 Verfügung hatte. Ein paar Striche, die ganz über-
309 2166 1793 2278 flüssiger Weise geschehn waren, machte ich wieder
315 2210 1872 2328 auf. Heute war Probe. Ich unterhielt mich sehr gut.
313 2264 1438 2357 Sie wollen mehr wissen? Gelegentlich.
297 2316 1863 2424 Stümeke möchte nicht in meiner Haut stecken (Gegen-
299 2374 1872 2492 seitig!) Nemlich weil die Stimmung gegen Brahm sehr
290 2417 1782 2523 heftig ist und bei der Première "jedenfalls" auf
293 2459 1803 2579 Hausschlüsseln gepfiffen wird. Ich kann natürlich
284 2513 1940 2648 kein Auge zuthun. "Gehn S', sein S' fesch, und kommen S'
309 2581 1853 2677 her!"Glauben Sie, dass Librettisten auf Nachschlüs-
280 2629 1662 2737 sen pfeifen? (Herrn Julius Bauer wohlgeboren)
330 2679 1841 2810 Wohin war mein erster Gang? Zu dem Hause, das E.S.
