2404 3992
1040 263 1354 359 „ „ — „
1798 296 1980 391 1 1/2/
347 285 534 385 1 4,2 4, juh. 4 p. 4 Uusi-
1054 748 1189 824 -38-
1280 840 1807 930 München, 27.8.95.
1990 909 2098 1011 57
424 946 763 1040 Telegramm:
463 1026 1966 1136 Wohne schön Hotel Continental sitze besorgt Paul
497 1117 1458 1199 kommt morgen herzlichst Arthur
473 1213 1091 1301 (nach Ischl Eglmoss)
1060 1333 1187 1386 -- — —
1358 1391 1770 1488 Wien, 12.9:95.
1996 1399 2102 1492 58
463 1501 1925 1582 Lieber Richard, Sie werden sich hoffentlich dort
1851 1560 1992 1635 hier
475 1580 1776 1637 sehr wohl fühlen. Wenn es nur schön bleibt
473 1631 1774 1700 ist der Umschlag schon, regnet, ist kalt. Was
1794 1621 1988 1690 werden
481 1692 1902 1753 Sie dann thun bis Ende October? Ich glaube, Sie
1788 1721 1959 1796 Stadt
475 1737 1770 1802 werden vom 16. an plötzlich in irgend einer
504 1796 1743 1845 sein und früher als Sie ahnten in Wien.-
479 1839 2012 1892 Viel neues gibts nicht. Liebelei soll wirklich die
467 1890 1862 1947 1. Novität sein,Anfang October.- Die Trag. hat
473 1941 1904 2004 schon wieder ihre Feindseligkeiten eröffnet in
497 1986 1943 2049 kindischer und hilfloser Weise.- Kleine Aerger-
467 2043 1913 2116 lichkeiten durch das "Zu Hause" - die Schlüssel
467 2096 1301 2155 klappern zu viel. (Symbol.)
520 2151 1862 2206 Aerztlich zu thun. Ja! - Zufall natürlich.-
467 2204 1966 2263 Geschrieben noch nichts.- Bitte grüssen Sie Frau
463 2247 1988 2298 Lou recht herzlich, wenn sie noch da ist; wenn Sie
461 2304 2035 2369 mir ein Wort gleich schreiben, hören Sie sofort wie-
467 2361 1819 2426 der, etwas ausführlicher von mir. Ihr Arthur,
502 2453 1639 2547 (nach Schönberg im Stubaithal, Tirol).
