2404 3992
1466 274 1642 378 i e e
160 268 506 394 1 1 „ „
1958 728 2050 840 59
1090 798 1222 876 -39-
1268 890 1928 980 Wien,Sonntag,15.9.95.
446 978 1936 1080 Lieber Richard, Ich freue mich, dass Sie in guter
454 1048 1988 1126 Stimmung sind. Wahrscheinlich werden Sie bald süd-
448 1098 1992 1180 licher gehn; kennen Sie Riva? Es ist schön, was mir
446 1170 2014 1240 aber nicht sympathisch. Ich bin von dort nach Vene-
458 1216 1996 1284 dig gegangen; es ist so nah. Sie haben mich falsch
458 1276 1996 1332 verstanden; ich wusste, dass Sie Ende Sept. in Wien
448 1328 2056 1392 sein wollten. An dieses Wien hab ich mich noch nicht
460 1384 1962 1444 ganz gewöhnt; empfinde gleich wieder, jetzt wo die
452 1434 2014 1492 alten Verhältnisse sich aufdrängen, das vielfach un-
454 1476 1992 1542 zulängliche, unter dem man zu leiden hat. Dünne Fä-
460 1524 2044 1602 den, mit denen man an mancherlei gebunden ist - dünn,
446 1594 1976 1652 aber doch Fäden. Denken Sie, seit ich hier bin, bin
452 1634 2020 1704 ich bereits 2mal in der Früh(um 6 oder ½7) geweckt
448 1692 1968 1746 worden — von patienten,nicht vom Burgtheater.- Am
472 1738 1964 1810 Mittwoch 18. soll Leseprobe sein; wenigstens ist
448 1792 1936 1856 sie angesetzt.- Die S. verhält sich stille; ihre
442 1844 2012 1914 Feindseligkeit hat sie vorläufig nur dadurch ausge-
452 1898 1900 1956 drückt, dass sie ihrer russischen Freundin einen
442 1942 1930 2012 Brief schrieb, sie dürfe mich nicht mehr als Arzt
466 1996 1980 2050 nehmen, wenn sie mit ihr verkehren wolle. Die rus-
442 2054 1964 2116 sische Freundin kümmert sich nicht drum und lässt
448 2104 2018 2164 sich mit Begeisterung von mir behandeln.- Burckhard
446 2154 1928 2212 sprach neulich das erste Mal von der Sache: “Ich
436 2208 1924 2280 hab ja nur zufällig durch den Bahr von der Sache
446 2254 2006 2328 erfahren... aber ich werd ihr schon begreiflich ma-
440 2318 1980 2376 chen, dass das beim Burgtheater nicht geht - beson-
476 2364 2016 2444 ders sie.- Freilich mit Ketten kann ich sie nicht
436 2416 2006 2474 auf die Bühne zerren.“- Man war bei Besecny, ihm er-
440 2470 1982 2528 zählen, wie dumm und ordinär mein Stück sei.- Unser
430 2522 2002 2602 Freund J.J. David; Ich werde vielleicht durchfallen,
436 2582 1602 2640 der Schnitzler aber doch ganz gewiss.-
490 2626 2008 2700 Speidel zu Ebermann über die Liebelei: — "Da werden
434 2676 1878 2748 die Wiener schaun!" — Ist vom Ahatol äusserst -
446 2732 1680 2804 (ich genir mich "entzückt" zu schreiben.
424 2782 2006 2874 Theater: Alte Wiener, schlechtes Stück von Anzengru-
