2425 4042
1915 762 2051 869 263
985 799 1162 880 -128-
1260 810 1596 919 6.11.1908.
328 874 2064 1046 Lieber Richard, wir haben uns plötzlich entschlossen auf
341 965 2096 1109 den Semmering zu fahren für ein paar Tage; reisen morgen
345 1018 1978 1155 Vormittag ab. Thun Sie desgleichen. Wir bleiben wohl
345 1116 1459 1205 über den Sonntag. Herzlichst Ihr A.
356 1114 1992 1271 Und telegrafiren Sie vorher,wenn ja,so dass man sich
347 1243 823 1312 freuen *) kann.
356 1262 994 1391 *) doppelt mein ich.
1935 1415 2083 1516 264
1284 1433 1590 1546 18.11.08.
356 1531 2059 1673 Lieber Richard, ich komme morgen um 12 zu Ihnen. Ferner
369 1594 2051 1721 bitten wir Sie und Paula am Freitag bei uns zu nacht-
367 1640 1946 1778 mahlen. Ernst Hardt und Frau, beide angenehm, kommen
371 1727 1590 1834 und ausserdem fordere ich Saltens auf.
742 1780 1426 1876 Herzlichst Ihr Arthur.
1989 1920 2123 2042 265
1302 1939 1614 2055 19.11.08.
380 2035 2068 2173 Lieber Richard, hier der Tantris. bringen Sie ihn bitte
382 2112 2070 2232 morgen gleich mit, auf dass er eventuell zur Hand wäre.
391 2158 2020 2291 Mir fiel noch als Mann der Wissenschaft Hofrat Prof.
389 2212 1957 2339 Oser ein; als Grossindustrieller Gutmann v. Gelse!
793 2302 1336 2393 Herzlichst Ihr A.
2020 2422 2153 2518 266
1345 2426 1708 2538 28.11.1908.
382 2522 2075 2655 Lieber Richard, wir fahren nicht auf den Semmering, hin-
387 2601 1930 2714 gegen erlaube ich mir folgenden Vorschlag. Wollen
393 2640 1961 2767 Sie nicht Kerr statt Mittag morgen Abend laden, wir
402 2686 2092 2824 (oder ich allein.(denn Olga ist nicht sehr wohl,(daher
391 2767 1904 2863 auch möchte ich die morgige Einladung ver......
393 2839 1470 2928 kämen nach dem Nachtmahl hinüber.-
400 2859 1965 2968 Sie sagen mirs Abend im Concert. Herzlichst Ihr A.
393 2944 911 3053 Wie gehts Noemi?
