4781 4040
1751 361 1916 483 1
962 829 1120 927 -155-
303 907 1960 1018 Ich bin eben wieder in einer "scharfen" Correspondenz
310 980 1933 1087 mit Fischer begriffen, wegen meiner "Gesammelten", ich
312 1018 2007 1103 "reagire ab" aber sonst kommt nicht viel dabei heraus.-
316 1089 1989 1176 Unsere Sommerpläne sind noch immer so vag als möglich.
316 1138 1982 1225 Frau Lucy von Jacoby wohnt jetzt bei uns; wahrschein-
321 1183 1962 1287 lich wird Olga mit ihr nach Salzburg oder Bayern fah-
319 1223 1996 1343 ren, und es ist möglich, dass man sich etwa am 15. August
325 1287 2020 1386 irgendwo trifft. Abtenau (Curhaus) wird in Erwägung ge-
325 1354 2005 1495 Lassen Sie sich wohl ergehen mein lieber Richard,grüs-
325 1377 519 1441 zogen.
323 1446 1568 1559 sen Sie die Ihren. Von Herzen Ihr Arthur.
325 1530 1299 1659 (nach Markt Aussee,Gartengasse)
1898 1720 2043 1815 R49
1426 1726 1764 1829 29.1.1921.
334 1835 1548 1956 (K Visitekarte: General-Probe Reigen.)
1252 1969 1798 2074 München, 8.5.1921.
891 2078 1985 2174 hab ich viel Ihrer und schöner Tage
327 2101 673 2199 Gestern, in
2007 2127 2123 2212 350
341 2150 1490 2268 gedacht! Herzliche Grüsse Ihr Arthur.
1145 2305 1996 2412 Altaussee,8.8.21. Seewirth.
345 2375 2063 2499 Lieber Richard, ich hoffe diese Grüsse erreichen Sie und
354 2450 2049 2550 treffen Sie wie die Ihren in guter Gesundheit und Stim-
354 2455 2145 2602 mung an. Ich behage mich hier ganz leidlich, und manch- 35
354 2550 2000 2646 mal mehr als das; man führt heuer ein Bad-und Strand-
352 2597 2034 2691 leben als wär man an der Adria, aber auch das steht dem
354 2653 2009 2755 Altausseersee ganz gut. Die Kinder sind seit 10 Tagen
361 2711 1938 2804 in Possenhofen bei O.; ich werde wohl zwischen 25.u.
361 2758 1949 2845 30. mit Aufenthalt in Salzburg hinfahren. Schreiben
361 2820 1644 2920 Sie mir bitte ein Wort. Von Herzen Ihr A.
361 2905 820 3025 (nach Malnitz)
3539 336 3651 452 G. H.
3802 319 4281 463 Votre très-Monsieur, â¢
3372 991 3544 1105 -156-
4361 1016 4502 1136 352
3678 1022 4141 1140 Haag.4.5.1922.
2755 1120 4448 1252 Herzliche Grüsse! Ich habe hier angenehme bewegte Tage
2762 1221 4402 1296 verbracht, in Rotterdam, Haag, Amsterdam mit Erfolg (in
2764 1259 4451 1352 jeder Hinsicht)gelesen,fahre Samstag 6. aufs Land nach
2762 1310 4517 1403 Osterbeck zu Brevees, circa am S. nach Berlin weiter; dürf
2764 1370 4395 1448 te zwischenl8. u. 20. in Wien sein. Grüssen Sie Paula
2762 1432 3464 1530 und die Kinder! Ihr A.
2771 1519 3121 1622 (nach Wien)
3629 1599 4263 1691 Feldafing, 28.7.1922.
3629 1675 4219 1764 Kaiserin Elisabeth
4355 1657 4471 1749 353
2764 1751 4482 1847 Lieber Richard - leider konnte ich Sie nicht vor meiner
2764 1818 4482 1905 Abreise noch einmal sehn. Hier sitze ich zwar unbesorgt
2780 1867 4486 1962 (soweit es das gibt), aber in Regen und Nebeln. Doch ist
2771 1920 4462 2011 es ein höchst behagliches Hotel - und keineswegs sehnt
2771 1976 4368 2058 man sich in die verhängten Berge. Seien Sie und die
2773 2023 4480 2112 Ihren herzlichst gegrüsst, eine glückliche Reise Ihr A.
2773 2132 3132 2243 (nach Wien)
4368 2205 4497 2303 Maje.
3546 2196 4159 2310 Celerina, 18.8.1924.
2771 2312 4477 2426 Lieber Richard,ob dieser Gruss Sie noch in Wien finden
2782 2383 4308 2464 mag?- Hier ist's so herrlich wie nur je; Ende der
2787 2424 4491 2515 Woche fahre ich weiter,- Luzern? Berner Oberland? Luga-
2778 2481 4477 2575 no? Heute besuchen mich Fischers (aus Fliss), Lili und
2782 2542 4491 2608 Otga sind in Zuoz (nah von hier) Heini schon abgereist.
2771 2593 4288 2711 Alles Herzliche Ihnen und den Ihrigen. Ihr Artho-
2775 2675 3152 2802 (nach Wien)
3580 2758 4451 2862 Forte dei Marmi, Grand Hotel
3738 2836 3998 2936 9.9.1925.
4315 2918 4451 3023 355
2900 2911 3658 3047 Herzliche Grüsse Ihr A.
