2396 4040
791 810 1001 908 - 147-
1785 917 1936 1017 3 29
1063 927 1705 1036 Mariasell, 15.7.1914.
237 1045 1869 1187 Herzliche Grüsse Ihnen Allen und vielen Dank für die
243 1114 1873 1242 Schaachtelkäse. Von einer Autopartie Lunz-Mariazell.
1479 1175 1718 1240 Arthur.
245 1229 1680 1334 Herzlichst Olga, Paula Schmidl Hugo Schmid1.
260 1324 1200 1445 (nach Weissenbach am Attersee)
1785 1458 1923 1552 330
1116 1456 1733 1563 Celerina, 25.7.1914.
256 1579 1760 1688 Aus Pontrina (zu lärmend - Hotel sowohl als Ort
262 1617 1946 1739 hieher übersiedelt (Cresta Palace, Calerina) und höchst
264 1680 1833 1800 befriedigt, grüssen wir Sie alle herzlichst. Ebenso
262 1756 1577 1858 Gustav, der wohl noch bei Ihnen ist. Ihr A.
271 1860 829 1970 (nach Weissenbach)
1825 1930 1926 2026 331
1124 1972 1697 2091 Celerina, 2.8.1914.
268 2093 1867 2190 Wir sind - und bleiben vorläufig hier- (Bahnverkehr
275 2152 1812 2244 in der Schweiz nur für Militär zulässigj- ) lassen
268 2204 1917 2299 Sie uns wissen, wie es Ihnen geht; - hier wäre es wun-
273 2249 1873 2362 dervoll - wenn man ruhiger sein könnte. Das Engadin
275 2303 1873 2395 wie ausgestorben. Hier im Hotel kaum noch 20 Gäste.
281 2374 1374 2477 Wir grüssen herzlichst. Ihr Arthur.
281 2477 849 2586 (nach Weissenbach)
1844 2546 1980 2668 33S
1170 2584 1791 2693 Salzburg, 20.8.1914.
285 2710 1942 2825 Lieber Richard, sind Sie noch in Weissenbach? Wir sind
287 2779 1961 2871 gestern nach einer endlosen Fahrt in Salzburg angekom-
285 2827 1970 2926 men und wollen morgen nach Ischl, auf ganz wenige Tage,
289 2878 1921 2972 zum Zweck des Ausruhens von der Heimfahrt. Schreiben
294 2932 1863 3027 Sie mir bitte eine Zeile post rest. Herzlichst Ihr
292 3002 1145 3081 Arthur. Herzliehst Ihre O.
298 3062 864 3167 (nach Weissenbach)
