2405 3994
655 291 1077 414 1   ̃   =  =
1433 297 1510 402 " "
939 810 1085 872 -44-
1851 850 1942 929 64
1240 899 1502 993 1.10.96
376 1007 1978 1091 Lieber Richard, das ist eine halbe Loge von Ronacher
386 1085 1847 1136 für heute. Bitte kommen Sie, event, mit Hugo, die
382 1132 1974 1206 zwei andern Plätze in der Loge occupiren Salten und
386 1184 517 1244 ich.
382 1214 1288 1319 Herzlichen Gruss Ihr Arthur,
1242 1425 1693 1512 Wien, 16.12.95.
1839 1437 1940 1536 65
376 1520 842 1608 Lieber Richard,
384 1570 1906 1654 eben war Frau Lou bei mir. Haben Sie morgen Dien-
416 1652 1908 1711 stag Abend Zeit? Ich erinnere mich, Sie äusserten
386 1701 1819 1761 irgend was dergleichen. Ich bin bei Rose; ists
376 1743 1896 1823 Ihnen recht, so hols ich von dort aus (1/2 10) Sie, u.
380 1807 1910 1861 wir zusammen Fr.Lou ab. Oder Sie holen sie früher
380 1861 1950 1928 ab und sagen mir, wo ich Sie nach Rose finde. Grien-
382 1908 1896 1972 steidl ist wohl in letzterem Fall das einfachste.
380 1952 1065 2036 Herzlichst Ihr Arthur.
374 2040 1039 2129 (nach I.Wollzeile 15)
