2379 3992
1029 228 1784 365 ..1.,...
819 291 999 383 1-1
527 426 1144 496 ̃ • •
973 795 1108 878 -78-
500 910 2010 1041 in der Luft schwebt - Da verstummen die Worte und
502 989 2026 1082 versiegen die Thränen. Ich habe Angst vor dem Som-
506 1033 1979 1136 mer, besonders vor den Abenden, vor dan Abendan am
511 1138 678 1195 See. —
511 1140 1925 1243 Zuckungen, als wenn ich arbeiten wollte hab ich
506 1191 2008 1287 schon zuweilen, aber weiter noch nichts. Vorläufig
510 1245 2012 1352 steht es noch immer so, dass nur der eine Gedanke
511 1326 1372 1394 mildert - nun, Sie wissen ja.
511 1354 2042 1439 Nebstbi, ganz nebstbei bringt mich auch das Ohren¬
511 1388 2070 1487 sausen langsam um - es ist wahrhaft grässlich, nicht
511 1441 2056 1550 eine Sekunde Ruhe zu haben und jeden Tag ein wenig
519 1517 1923 1592 nur ein ganz klein wenig schlechter zu hören.-
517 1560 1939 1640 Sie wissen schon, dass der Direktor Schlesinger
519 1612 2000 1707 gestern gestorben ist. Morgen vor 14 Tagen waren
515 1651 2044 1755 Hugo und ich mit ihm auf der Rohrerhütte zusammen;
525 1715 1659 1810 er war heiser una sonst "ganz gesund"
551 1751 2105 1842 Gestern war auch das "Vermächtnis" kein gutes Klima
523 1836 2052 1901 unsre Stücke. - Zweimal war ich in Kaltenleutgeben,
531 1883 2062 1963 bei Brahm. Er ist ein nahezu wohlthuender Mensch.-
525 1931 2062 2004 Samstag beim "Richter von Zalamea“. Baumeister un-
531 1971 2064 2062 beschreiblich. Und das Stück! Hugo findet, dass Sie
529 2020 2109 2117 noch am ehesten so eins schreiben könnten (er meint
531 2080 2038 2169 unter „uns“, also: Sie, er, ich, Leo Hirschfeld, Oskar
531 2123 2121 2207 Friedmann, Karlweis) — ich hoffe Sie lassen ihn nicht
537 2189 2014 2270 in dem Glauben, - sondern schreiben wirklich ein
533 2256 724 2325 Stück.
533 2276 2119 2361 Hören Sie: Ein jüdischer Selcher will im Sommer ein-
559 2337 2076 2415 mal auf ein paar Augenblicke sein Local verlassen
543 2389 2050 2472 die Thür ist offen,wie er hinaustritt,- liegt ein
543 2419 2080 2526 grosser Hund da. Der Selcher denkt: Mach ich jetzt
573 2490 2056 2563 die Thür zu, so merkt doch jenner (der Hund) dass
543 2540 2139 2623 ich fort bin und springt sich durch die Glasscheiben
543 2597 2131 2676 in mein Geschäft und frisst sich meine Würstel - ich
539 2645 2109 2732 lass doch lieber die Thür offen, werd er glauben, ich
539 2702 2022 2787 bin gar nicht eweg gegangen.- Er geht, kommt nach
535 2744 2101 2831 einer Weile zurück, der Hund ist im Geschäft und hat
4 3820 135 3882 septembre
