2401 3991
1185 285 1456 397 V. U. S.
682 285 868 403 G.C.H.F.
1652 296 1867 425 1  ƒ
910 801 1048 872 -62-
1844 796 1979 910 98 a
1111 891 1491 978 Wien, 5.6.97
317 940 1927 1041 Lieber Richard, es hat mir leid gethan, Sie nicht mehr
323 1012 1920 1090 in Wien zu finden. Ich bin in keiner guten Stimmung,
325 1060 1806 1143 durch mein fortwährendes Ohrenklingen recht sehr
332 1124 1865 1194 enervirt. Trotzdem will ich zu arbeiten versuchen.
332 1160 1958 1246 Das scheint mir überhaupt ein miserables Zeichen, dass
334 1219 1880 1297 uns alles gleich (entschuldigen Sie das "uns") ein
327 1261 1998 1348 Hindernis fürs Schaffen (entschuldigen Sie das "Schaf-
330 1316 1908 1403 fen") bedeutet.- Eine Bitte an Sie. Wenn Sie dieser
334 1367 1880 1458 Tage einmal gar nichts zu thun haben, keine Novelle
325 1407 1916 1504 zu schreiben, keine Radpartie zu machen, so gehen Sie
327 1491 1931 1561 zum Leopold. Wir brauchen vom 1.Juli an zwei Zimmer.
338 1551 1861 1616 Und zwar: Mama ein grosses, so gelegen, wie das, was
332 1574 1916 1665 sie in früheren Jahren hatte, mit einem Bett, in das
332 1652 1874 1722 man aber noch ein zweites Bett hineinstellen kann.
338 1690 1937 1768 Ich ein kleineres Zimmer, nur nicht sonnig! „Blick auf
332 1732 2032 1819 den Wald oder Wiesen, im selben Gebäude wie Mama. Event.
368 1808 1977 1882 gleiches Stockwerk, aber ja nicht nebenan! Lieber ein
334 1863 1971 1922 anderes Stockwerk eigentlich. Nur keins von den ekel-
332 1901 1819 1977 haften weissen Gschnaszimmern zu 10 fl., die Herr
334 1960 1880 2026 Leopold vor zwei Jahren erfunden hat.- (Vielleicht
338 2009 1439 2074 auch komm ich schon vor dem 1. Juli.)
338 2068 1597 2127 Wie gehts Paula? Grüssen Sie sie von mir.
338 2123 1859 2191 Schreiben Sie mir auch, was Sie machen. Wie behagt
338 2176 959 2258 Ihnen das Bicycle? -
334 2210 2024 2290 Von G.Hirschf.'s Stück höre ich ja ausnehmend schönes.-
359 2286 1910 2362 Hoffentlich ist Ihnen die Commission nicht unange-
330 2336 488 2404 nehm.
338 2364 1012 2457 Herzlichst Ihr Arthur.
327 2434 891 2516 nicht ins Bett).
334 2527 1071 2628 (nach Ischl Eglmoos 22.)
