2397 4041
1359 300 1475 433 1er
1120 323 1239 435 1
1523 314 1639 418 xx
1886 327 2080 437 1: 1:
1044 770 1222 846 -108-
437 907 1945 1004 wie man uns räth) wohnen wollen. (Unser weiteres
437 964 1914 1059 programm ist dann einige Tage Ischl, einig Tage
439 1021 2028 1125 Salzburg). Jedenfalls, wenn Sie nicht selbst kommen,
439 1078 2002 1169 bitte um ein Wort Gasthof Lueg, bei St. Gilgen. Aber
439 1133 1357 1222 kommen Sie. Herzlichst Ihr A.
437 1215 855 1319 (nach Aussee)
454 1376 785 1462 Telegramm.
1418 1386 1815 1496 St.Gilgen?
1964 1393 2095 1479 210
411 1473 1952 1578 Hier ists wunderschön, wir bleiben daher vorläufig
424 1540 1986 1627 und fahren nicht Aussee. Bitte kommen Sie doch auf
420 1597 1897 1673 einige Tage her, jedenfalls aber morgen, da Hugos
418 1648 1973 1762 morgen abends abreisen und Sie noch sehen möchten.
411 1677 1175 1787 Herzliche Grüsse Arthur.
1988 1863 2085 1945 211
1274 1895 1907 1990 St. Gilgen. 10.9.1904.
403 1943 1988 2047 Lieber Richard, ich schlage Ihnen vor: Verlassen Sie
403 2007 1971 2099 etwa Mittwoch Aussee, kommen Sie hieher, bleiben Sie
403 2045 1901 2140 3-4 Tage, lesen Sie mir Ihr Stück vor; wir fahren
401 2112 1933 2197 dann mit Ihnen z.R. Montag nach Salzburg,woselbst
401 2159 1884 2243 wir einige Tage verbringen. Aussee würde mich ja
397 2203 1950 2291 sehr reizen, wenn ich nicht ein ziemlich ausgespro-
388 2262 1929 2346 chenes Ruhebedürfnis, und einige Scheu vor Hin- und
395 2306 1918 2395 Herfahren, Ein-Auspackerei hätte. Olga geht es un-
388 2372 2089 2462 gefähr ebenso. Theilen Sie mir bitte Ihren Entschluss
390 2420 1582 2519 ev. telegrafisch mit.Herzlichst Ihr A.
388 2496 802 2604 (nach Aussee)
