2424 4023
1269 267 2240 420 ....,.,,,..
160 282 315 378 1:10
1101 261 1212 359 :t
790 311 895 399 wällä.
1044 866 1179 937 -96-
403 958 2091 1053 entgegenkommen. Haben Sie schon irgendwelche Augustplä-
408 1006 2059 1109 ne? Sie schreiben mir wenig, fast gar nichts über sich;
408 1057 1977 1151 was thun Sie? Arbeiten Sie? Wie gehts Ihrer Frau und
412 1107 2045 1194 den Kindern? Salten ist auf Reisen, wie mir eine Karte
420 1151 2110 1250 von ihm flüchtig mittheilt, aus Brettlgründen. Ich schrei¬
418 1212 1975 1305 be ein dreiaktiges Stück und glaube im Sommer damit
412 1265 2061 1357 und auch mit zwei Einaktern fertig zu werden.- - An Hugo
420 1320 2045 1402 und Garty sauste ich (resp.wir) in Innsbruck in einem
418 1370 1979 1450 Einspänner vorüber.- Innsbruck versucht ich diesmal
420 1418 2045 1507 Tiroler Hof. Ich warz Sie. Es ist schmierig und ver-
408 1469 1984 1557 snobt. Das schönste bisher war natürlich Hellbrunn.
412 1521 2040 1610 Heuer zum ersten Mal hab ich auch das Schloss gesehn,
420 1568 2095 1652 innen (nicht das "Monatsschlössel", sondern das ununter-
418 1645 763 1717 brochens.) -
420 1696 1589 1750 Leben Sie wohl und schreiben Sie bald.
422 1744 1095 1811 Von Herzen Ihr Arthur.
414 1818 1404 1925 (nach Pörtschach, Villa Arnstein)
1973 1988 2091 2080 174
1305 2002 1809 2105 Vahrn.22.7.1901.
418 2120 1963 2211 Lieber Richard, von dem Tod Ihrer Stiefman hab ich
427 2185 2101 2263 durch Schw. erfahren, noch ah Sie mirs schrieben, zu for-
427 2236 1990 2313 meller Condolenz wars zu spät, bitte sagen Sie Ihrem
420 2278 2030 2362 Papa nachträglich, dass ich ihm meine herzliche Theil-
418 2337 1988 2410 nahme also lieber durch Sie ausdrücken lasse.- Paul
427 2389 2011 2461 dürfte schon in den nächsten Tagen an den Wörthersee
427 2448 2017 2515 kommen, ist erbittert über Sie, will Sie gar nicht be-
418 2479 2097 2561 suchen u.s.w. Schreiben Sie ihm doch ehestens ein Wort.
429 2543 1963 2612 Vom Wörthersee kommt G. herunter,ich muss mir noch
429 2587 2070 2669 irgendwas höheres suchen, werde mich auf der Seiser Al-
967 2639 2112 2706 Thal umsehn. Machen Sies doch möglich
424 2662 725 2732 pe und im
427 2685 2066 2778 auch zu kommen. Die letzten Sommertage denk ich Garda-
427 2753 952 2830 see „ev. Torbole?-
427 2767 2080 2866 Ich find es hier mehr angenehm, die Zimmer offenbar neu
427 2849 2055 2933 hergerichtet sehr hübsch, das Essen gut, wenig Leut, und
