2448 4038
984 790 1151 892 -139-
1865 829 2034 924 294
1263 902 2081 984 Territet-Montreux.27.5.10.
298 967 1926 1036 ut waren wir schon in Villars sur Ollon - hoch oben,
304 1028 1932 1088 er 1300 Meter,- so ein schönes und bequemes Land ist
298 1069 1138 1131 s! Herzliche Grüsse! Olga.
298 1120 807 1207 rzlichst Arthur.
287 1218 591 1315 mach Wien)
1196 1310 1628 1412 Genf.30.5.10.
1934 1310 2090 1405 295
296 1416 1708 1490 Herzliche Grüsse und auf baldiges Wiedersehen
1377 1481 1733 1546 Ihr Arthur.
298 1524 1960 1589 Wenn einer eine Reise tut, so kann er was erzählen, und
298 1587 1332 1686 das werd ich hoffentlich bald! O.
1097 1768 1742 1891 Rüdesheim.17.9.1910.
1943 1781 2133 1878 299 a.
322 1882 2057 1969 Herzliche Grüsse. Eigentlich sind wir in Frankfurt a/M;
291 1939 1051 2003 Dies ist ein Ausflug. A.
287 1980 1960 2081 Herzliche Grüsse, Dienstag hoffen wir in Wien zu sein.
1319 2053 1483 2139 Olga.
1209 2245 1740 2340 Sonntag.9. 10.10.
1926 2241 2094 2351 299 6
278 2347 2005 2437 Lieber Richard, wenn Sie einen schönen 3 Stunden Spazier-
281 2413 1975 2491 gang mit mir machen wollen, so hol ich Sie gegen 10 ab.
281 2470 1906 2562 Geben Sie bitte der Ueberbringerin ein Ja oder Nein,
283 2508 1094 2575 aber womöglich ein Ja mit.
622 2569 1161 2668 Herzlichst Ihr A.
1913 2688 2116 2817 299 o
1168 2735 1772 2843 Semmering, 18. 10.10.
304 2819 1908 2895 Herzliche Grüsse und auf baldiges Wiedersehen. Hier
304 2873 1969 2945 ists wieder einmal fabelhaft schön. Hoffentlich kommt
268 2934 1999 2994 Reinhardt bald, damit Sie Gelegenheit haben, es kennen zu
263 2979 950 3076 lernen. Ihr A. Olga.
