2401 3991
1505 256 1605 374 1/1
863 716 1000 800 -65-
350 832 1871 943 Sagen Sie ihr, ich käme bald selbst nach Ischl und
348 900 1843 980 erfülle lieber persönlich ihren Wunsch, sie könne
346 945 1902 1029 sicher darauf rechnen. bringen Sie aber heraus was
358 1002 1836 1084 dahinter steckt, ich ärgere mich mehr als die Ge-
352 1043 1998 1137 schichte werth ist. Antworten Sie mir gleich, am lieb-
348 1117 941 1180 sten telegraphisch.
348 1168 975 1262 Herzlich Ihr Arthur.
356 1264 734 1360 (nach Ischl)
1873 1393 1967 1466 02
348 1456 818 1550 Lieber Richard.
1562 1483 1883 1579 (die mit
358 1487 1444 1601 1. ) Ich fahr heut 4 Uhr Hallstadt (
362 1581 638 1650 der Bahn)
479 1614 1975 1685 Hugo a) ärgert sich, dass Sie ihm nicht schreiben
350 1632 454 1697 2.)
358 1685 1372 1740 b) kann nicht aus der Fusch fort.
368 1718 1646 1796 (Was unsere Partie hoffent, nicht hindert)
358 1765 1916 1838 3.) In Gmunden soll 22. (übermorgen) Freiwild sein
368 1818 1943 1904 (Fremdenblatt) mit censurellen Aenderungen. Ich hab
358 1863 1967 1961 an Cavar telegrafirt, mir sofort die Aenderungen mit-
362 1926 1939 2008 zutheilen. Gesindel, mich nicht vorher zu verständi-
368 1973 1732 2059 gen. (Kämen Sie Donnerstag mit mir hinüber)?
358 2031 1971 2106 4. ) Schaun Sie nach dem Nachtmahl zu mir herauf oder
362 2088 1264 2151 lassen mir sagen, wo Sie sind.
362 2143 1086 2227 Herzlichen Gruss Ihr A.
908 2223 1055 2317 ==== =====
1892 2272 1996 2364 103
1286 2317 1644 2403 Wien, 1.9.97.
358 2354 1947 2458 Lieber Richard, Ihren Brief erhielt ich um 3/4 10 im
362 2454 1904 2511 Arkaden. War zu müd Sie zu erwarten. Morgen (Mitt-
368 2493 1881 2573 woch) hab ich keine Sekunde für mich; denkbar wär
362 2564 1961 2609 sehr spät Arkadencafé. Donnerstag schreib ich Ihnen.
358 2599 1916 2677 Ich bin sehr, sehr nervös. Bei Ihnen geht doch alles
389 2652 1174 2734 gut? Herzlich Ihr Arthur.
368 2732 920 2834 (nach I.Wollzeile)
881 2816 1022 2867 ====
