2397 4041
1086 799 1269 893 -107-
407 934 2048 1033 wir wahrscheinlich (von Ausflügen von ein paar Tagen
403 1019 2035 1080 abgesehen) bis Ende August hier und fahren dann viel
396 1072 2033 1138 leicht auf 10-14 Tage nach Ischl, bei welche Gelegen-
403 1117 1914 1187 heit ich Sie hoffentlich sehen und - als letzter
403 1177 1920 1232 unter den...“Näheren“ das Stück hören werde, von
411 1230 1996 1304 dem mir Salten vorgestern höchst begeistert sprach.
403 1286 1417 1362 Ich denke, Sie sind bald fertig? -
407 1325 2023 1399 Schreiben Sie mir bald, wenn auch nur eine Zeile, auch
403 1382 2002 1452 wie es Ihnen allen geht.- Mein Balkon ist ein Luft-
396 1427 1883 1528 kurort (heute übrigens beinah, ein Sturmkurort).
396 1485 1302 1559 Wir grüssen Sie Beide (Beide
429 1538 973 1606 Von Herzen Ihr A.
417 1590 1130 1678 *) Subjekt **) Objekt.
407 1664 1473 1768 (nach Markt Aussee, Villa Frühling)
1910 1838 2046 1941 208
1362 1875 1807 1959 Wien, 1.9.1904.
390 1933 2033 2007 Lieber Richard, wir wollen Samstag Nachmittag in Isch
394 2002 1896 2060 ankommen. Hotel Kaiserkrone. Später Salzburg,ev.
394 2050 1988 2117 südlicher. Programm im ganzen unsicher. Irgend eine
394 2103 1994 2171 Nachricht von Ihnen in Ischl zu finden wäre mir er-
388 2156 686 2220 freulich.
388 2206 941 2290 Herzlichst Ihr A.
388 2276 807 2389 (nach Aussee)
1959 2362 2105 2469 209
1288 2428 1914 2524 Bald Ischl, 3.9.1904.
382 2493 2031 2582 Lieber Richard, vor allem gratulier ich Ihnen herzlich
378 2580 2021 2637 zum vollendeten Charolais. Ferner: wir fahren Montag
384 2619 2009 2692 nach Lueg und bleiben dort bis etwa Donnerstag Früh.
384 2676 1980 2742 Ich besprach heute eben mit Hugo, wie hübsch das wä-
382 2717 1984 2785 re, wenn Sie auch herüber kämen. Thun Sie's doch je-
384 2779 2004 2844 denfalls. Hugos fahren Mittwoch Abend nach Salzburg,
390 2834 2021 2900 Olga und ich würden dann von Lueg aus mit Ihnen nach
388 2881 2015 2964 Ausses fahren, wo wir etwa 2-3 Tage (Hotel Elisabeth,
