2399 3993
1797 291 1915 420 P.
1648 330 1769 426 1
367 291 518 422 1:1:14
1084 803 1214 890 -32-
2060 862 2186 962 49
1377 905 1795 992 Wien, 21.2.95.
513 992 2119 1086 Lieber Richard, ich werde wohl nicht zu Ihnen kommen
520 1070 2129 1174 können, mein Kopfweh ist zu arg. Herzlich Ihr Arthur.
530 1165 1182 1275 (nach I.Wollzeile 15)
1418 1369 1834 1463 Wien, 17.5.95.
2078 1418 2162 1510 50
518 1481 2040 1553 Lieber Richard, das Wasser fällt in die Donau, also
530 1538 2013 1616 fällt die Donau ins Wasser. Sollte es daher um 3
513 1595 2023 1659 nicht herrlich schön sein, so komm ich erst gegen
532 1654 2023 1724 1/2 5 zu Ihnen. Sollten Sie früher weggehn, bitte um
530 1693 2021 1791 zurückgelassene Post.- Herzlich Ihr Arthur. Aber
532 1750 1461 1842 Die gehen ja nicht früher weg.
538 1950 752 2038 (detto)
1414 2038 1799 2137 Wien, 7.6.95.
520 2131 1989 2235 Lieber Richard, warum schreiben Sie mir denn gar
520 2219 719 2282 nicht?
522 2253 2054 2337 Mit Fels gehn einige Dinge vor, die ausführlich zu
530 2323 2017 2376 erzählen zu langweilig wäre. Er muss fort,in die
530 2359 2166 2433 Schweiz - deutsche Militärgeschichte. Ich erlaube mir
524 2421 2015 2482 ihm in Ihrem Namen wie in dem Hugos (mit dem ich
524 2474 2042 2535 schon gesprochen — er war ein paar Tage da,wieder
520 2529 2046 2588 Catarrh - absolut unbedenklich) wie in dem meinen
524 2582 1848 2651 je zehn Gulden zu geben. Geht nicht anders,
524 2628 1856 2690 - Warum schreiben Sie mir eigentlich nicht?
513 2679 2074 2740 Fischer hat mir geschrieben,mir einen Contract auf
513 2742 2019 2802 5 Jahre für alle meine Werke, angeblich denselben
513 2783 1985 2865 wie Hauptmann etc. übersandt (Unterschrieb noch
