<?xml version="1.0" encoding="UTF-8" standalone="yes"?>
<PcGts xmlns="http://schema.primaresearch.org/PAGE/gts/pagecontent/2013-07-15" xmlns:xsi="http://www.w3.org/2001/XMLSchema-instance" xsi:schemaLocation="http://schema.primaresearch.org/PAGE/gts/pagecontent/2013-07-15 http://schema.primaresearch.org/PAGE/gts/pagecontent/2013-07-15/pagecontent.xsd">
    <Metadata>
        <Creator>prov=READ-COOP:name=TrHtr:version=2.1.0:model_id=51170:date=25_07_2023_01:00</Creator>
        <Created>2023-05-01T21:48:40.322+02:00</Created>
        <LastChange>2023-07-25T01:00:55.751+02:00</LastChange>
        <TranskribusMetadata docId="1416402" pageId="54945101" pageNr="136" tsid="130579534" status="IN_PROGRESS" userId="64420" imgUrl="https://files.transkribus.eu/Get?id=JLVSENRZGAGMLPEHEWJFBERA&amp;fileType=view" xmlUrl="https://files.transkribus.eu/Get?id=TJWRMBNLVGXVYPILPODBJDKF" imageId="44449186"/>
    </Metadata>
    <Page imageFilename="1416402_0136.jpg" imageWidth="2421" imageHeight="4040">
        <ReadingOrder>
            <OrderedGroup id="ro_1711832937507" caption="Regions reading order">
                <RegionRefIndexed index="0" regionRef="tr_1"/>
            </OrderedGroup>
        </ReadingOrder>
        <TextRegion id="tr_1" custom="readingOrder {index:0;}">
            <Coords points="295,346 2082,346 2082,2277 295,2277"/>
            <TextLine id="tr_1_tl_1" custom="readingOrder {index:0;}">
                <Coords points="1454,445 1487,440 1511,447 1515,440 1540,451 1588,414 1638,418 1632,318 1614,320 1603,313 1564,328 1544,320 1526,328 1494,318 1474,318 1467,328 1448,322"/>
                <Baseline points="1465,396 1509,405 1554,408 1599,411 1641,408"/>
                <TextEquiv>
                    <Unicode>1/1</Unicode>
                </TextEquiv>
            </TextLine>
            <TextLine id="tr_1_tl_2" custom="readingOrder {index:1;}">
                <Coords points="940,867 957,865 979,885 1003,891 1047,889 1053,883 1113,891 1117,804 1099,795 1082,799 1062,782 1031,786 1001,806 944,819"/>
                <Baseline points="951,859 984,859 1029,856 1074,853 1118,850"/>
                <TextEquiv>
                    <Unicode>-129-</Unicode>
                </TextEquiv>
            </TextLine>
            <TextLine id="tr_1_tl_3" custom="readingOrder {index:2;}">
                <Coords points="1831,940 1848,940 1862,953 1875,946 1907,964 1934,959 1949,972 1971,966 1995,975 2002,856 1958,861 1938,878 1921,869 1905,876 1894,867 1872,880 1855,869 1835,867"/>
                <Baseline points="1846,933 1867,936 1912,933 1957,930 2002,927"/>
                <TextEquiv>
                    <Unicode>267</Unicode>
                </TextEquiv>
            </TextLine>
            <TextLine id="tr_1_tl_4" custom="readingOrder {index:3;}">
                <Coords points="1244,966 1277,975 1406,964 1448,983 1520,986 1572,957 1629,988 1632,926 1610,929 1559,894 1518,907 1456,902 1428,920 1371,900 1246,913"/>
                <Baseline points="1256,954 1280,957 1324,957 1369,954 1414,954 1459,951 1503,948 1548,945 1593,945 1638,945"/>
                <TextEquiv>
                    <Unicode>28.11.1908.</Unicode>
                </TextEquiv>
            </TextLine>
            <TextLine id="tr_1_tl_5" custom="readingOrder {index:4;}">
                <Coords points="283,1115 1918,1056 1921,994 285,1045"/>
                <Baseline points="295,1103 313,1103 358,1103 402,1101 447,1101 492,1098 537,1095 581,1095 626,1092 671,1089 716,1089 760,1086 805,1083 850,1080 895,1080 939,1077 984,1074 1029,1074 1074,1074 1118,1071 1163,1068 1208,1065 1253,1065 1297,1062 1342,1059 1387,1056 1432,1053 1476,1053 1521,1050 1566,1047 1611,1044 1655,1044 1700,1044 1745,1038 1790,1038 1835,1035 1879,1035 1924,1032"/>
                <TextEquiv>
                    <Unicode>Lieber Richard, wenn Kerr jetzt bei Ihnen ist (er war</Unicode>
                </TextEquiv>
            </TextLine>
            <TextLine id="tr_1_tl_6" custom="readingOrder {index:5;}">
                <Coords points="291,1174 1886,1104 1888,1047 293,1128"/>
                <Baseline points="304,1160 325,1157 369,1157 414,1154 459,1151 504,1148 549,1145 593,1145 638,1145 683,1142 728,1139 772,1136 817,1133 862,1133 907,1127 951,1127 996,1124 1041,1121 1086,1121 1130,1118 1175,1118 1220,1118 1265,1112 1309,1112 1354,1109 1399,1106 1444,1109 1488,1103 1533,1101 1578,1098 1623,1098 1667,1095 1712,1095 1757,1092 1802,1089 1846,1089 1891,1089"/>
                <TextEquiv>
                    <Unicode>gegen 1 bei mir ohne mich zu treffen),so fragen Sie</Unicode>
                </TextEquiv>
            </TextLine>
            <TextLine id="tr_1_tl_7" custom="readingOrder {index:6;}">
                <Coords points="300,1218 1662,1180 1829,1152 1831,1099 302,1172"/>
                <Baseline points="313,1205 316,1205 361,1205 405,1205 450,1202 495,1199 540,1196 584,1196 629,1193 674,1193 719,1193 763,1190 808,1187 853,1184 898,1181 942,1181 987,1178 1032,1175 1077,1175 1121,1172 1166,1169 1211,1169 1256,1166 1300,1163 1345,1163 1390,1157 1435,1157 1479,1157 1524,1154 1569,1151 1614,1151 1658,1148 1703,1148 1748,1145 1793,1139 1837,1136"/>
                <TextEquiv>
                    <Unicode>ihn bitte, wie lang er hier bleibt und arrangieren</Unicode>
                </TextEquiv>
            </TextLine>
            <TextLine id="tr_1_tl_8" custom="readingOrder {index:7;}">
                <Coords points="1780,1204 1796,1209 1813,1204 1826,1213 1840,1209 1848,1218 1890,1209 1907,1218 1916,1209 1949,1215 1949,1145 1910,1134 1888,1152 1870,1145 1842,1156 1833,1150 1780,1156"/>
                <Baseline points="1793,1193 1820,1193 1864,1190 1909,1190 1954,1190"/>
                <TextEquiv>
                    <Unicode>Sachs</Unicode>
                </TextEquiv>
            </TextLine>
            <TextLine id="tr_1_tl_9" custom="readingOrder {index:8;}">
                <Coords points="293,1266 1568,1229 1583,1169 296,1215"/>
                <Baseline points="307,1250 334,1250 378,1256 423,1256 468,1253 513,1253 557,1250 602,1250 647,1247 692,1244 736,1244 781,1241 826,1241 871,1235 916,1235 960,1232 1005,1229 1050,1229 1095,1226 1139,1223 1184,1223 1229,1220 1274,1220 1318,1217 1363,1214 1408,1211 1453,1211 1497,1208 1542,1208 1587,1202"/>
                <TextEquiv>
                    <Unicode>Sie es womöglich, dass wir morgen nach der</Unicode>
                </TextEquiv>
            </TextLine>
            <TextLine id="tr_1_tl_10" custom="readingOrder {index:9;}">
                <Coords points="296,1316 1783,1275 1840,1211 298,1268"/>
                <Baseline points="307,1309 322,1309 367,1309 411,1306 456,1306 501,1303 546,1303 590,1300 635,1300 680,1294 725,1291 769,1291 814,1285 859,1288 904,1285 948,1285 993,1283 1038,1280 1083,1280 1127,1277 1172,1274 1217,1271 1262,1271 1306,1268 1351,1268 1396,1265 1441,1262 1485,1262 1530,1262 1575,1256 1620,1253 1664,1253 1709,1250 1754,1247 1799,1247 1843,1244"/>
                <TextEquiv>
                    <Unicode>mit ihm allein (bei Meissl) nachtmahlen. Und wenn</Unicode>
                </TextEquiv>
            </TextLine>
            <TextLine id="tr_1_tl_11" custom="readingOrder {index:10;}">
                <Coords points="298,1360 1721,1327 1901,1307 1903,1246 298,1318"/>
                <Baseline points="310,1360 340,1360 384,1360 429,1357 474,1354 519,1354 563,1351 608,1351 653,1348 698,1345 742,1345 787,1342 832,1339 877,1339 921,1336 966,1333 1011,1330 1056,1330 1101,1327 1145,1327 1190,1324 1235,1324 1280,1321 1324,1321 1369,1318 1414,1315 1459,1315 1503,1312 1548,1309 1593,1306 1638,1303 1682,1303 1727,1303 1772,1300 1817,1297 1861,1294 1906,1297"/>
                <TextEquiv>
                    <Unicode>Sie ev. heute Abends mit ihm sind, schreiben Sie mir</Unicode>
                </TextEquiv>
            </TextLine>
            <TextLine id="tr_1_tl_12" custom="readingOrder {index:11;}">
                <Coords points="304,1421 2032,1369 2050,1286 307,1378"/>
                <Baseline points="316,1414 352,1411 396,1411 441,1408 486,1405 531,1405 575,1402 620,1399 665,1399 710,1396 754,1396 799,1393 844,1390 889,1387 933,1384 978,1384 1023,1384 1068,1384 1112,1378 1157,1378 1202,1375 1247,1375 1291,1372 1336,1372 1381,1369 1426,1366 1470,1366 1515,1363 1560,1360 1605,1357 1650,1357 1694,1354 1739,1351 1784,1351 1829,1348 1873,1348 1918,1348 1963,1345 2008,1345 2052,1345"/>
                <TextEquiv>
                    <Unicode>ein unverbindliches Wort (wir sind im Concert Dohnanyi).</Unicode>
                </TextEquiv>
            </TextLine>
            <TextLine id="tr_1_tl_13" custom="readingOrder {index:12;}">
                <Coords points="296,1476 1989,1417 1991,1367 298,1424"/>
                <Baseline points="307,1462 337,1465 381,1462 426,1462 471,1459 516,1453 560,1453 605,1453 650,1450 695,1450 739,1447 784,1444 829,1444 874,1441 918,1441 963,1438 1008,1435 1053,1432 1098,1432 1142,1429 1187,1429 1232,1426 1277,1423 1321,1423 1366,1420 1411,1420 1456,1417 1500,1414 1545,1414 1590,1411 1635,1408 1679,1405 1724,1405 1769,1402 1814,1399 1858,1399 1903,1399 1948,1399 1993,1399"/>
                <TextEquiv>
                    <Unicode>Montag fahren wir aller Wahrscheinlich nach Semmering-</Unicode>
                </TextEquiv>
            </TextLine>
            <TextLine id="tr_1_tl_14" custom="readingOrder {index:13;}">
                <Coords points="296,1522 1947,1469 1967,1415 298,1476"/>
                <Baseline points="307,1515 334,1515 378,1512 423,1509 468,1509 513,1506 557,1503 602,1503 647,1500 692,1500 736,1497 781,1494 826,1494 871,1491 916,1488 960,1485 1005,1485 1050,1485 1095,1482 1139,1479 1184,1476 1229,1476 1274,1476 1318,1473 1363,1470 1408,1470 1453,1468 1497,1468 1542,1465 1587,1462 1632,1459 1676,1456 1721,1459 1766,1456 1811,1453 1835,1450 1879,1450 1924,1450 1969,1450"/>
                <TextEquiv>
                    <Unicode>auf 2-3 Tage, vielleicht kommt Kerr hinauf! - All dies</Unicode>
                </TextEquiv>
            </TextLine>
            <TextLine id="tr_1_tl_15" custom="readingOrder {index:14;}">
                <Coords points="307,1570 1833,1535 1837,1452 309,1524"/>
                <Baseline points="319,1563 364,1563 408,1563 453,1560 498,1563 543,1557 587,1554 632,1551 677,1551 722,1548 766,1545 811,1545 856,1542 901,1542 945,1542 990,1539 1035,1536 1080,1533 1124,1533 1169,1530 1214,1527 1259,1527 1303,1524 1348,1524 1393,1521 1438,1521 1482,1521 1527,1518 1572,1515 1617,1515 1661,1512 1706,1509 1751,1509 1796,1503 1840,1500"/>
                <TextEquiv>
                    <Unicode>an Sie, verzeihen Sie, weil Xerr behauptet hat, noch</Unicode>
                </TextEquiv>
            </TextLine>
            <TextLine id="tr_1_tl_16" custom="readingOrder {index:15;}">
                <Coords points="304,1625 1588,1588 1592,1526 307,1570"/>
                <Baseline points="316,1617 343,1617 387,1614 432,1614 477,1614 522,1611 566,1608 611,1605 656,1602 701,1602 745,1599 790,1596 835,1596 880,1593 924,1593 969,1590 1014,1590 1059,1587 1103,1587 1148,1584 1193,1581 1238,1578 1283,1578 1327,1575 1372,1572 1417,1569 1462,1569 1506,1569 1551,1569 1596,1569"/>
                <TextEquiv>
                    <Unicode>keine Adresse zu haben. Herzlichst Ihr A.</Unicode>
                </TextEquiv>
            </TextLine>
            <TextLine id="tr_1_tl_17" custom="readingOrder {index:16;}">
                <Coords points="296,1702 1369,1653 1406,1645 1406,1599 298,1625"/>
                <Baseline points="310,1670 337,1667 381,1667 426,1664 471,1664 516,1664 560,1661 605,1658 650,1658 695,1655 739,1652 784,1650 829,1647 874,1647 918,1644 963,1644 1008,1641 1053,1641 1098,1638 1142,1635 1187,1635 1232,1632 1277,1629 1321,1629 1366,1629 1411,1632"/>
                <TextEquiv>
                    <Unicode>Auch heute nach 5 bin ich zu Hause.</Unicode>
                </TextEquiv>
            </TextLine>
            <TextLine id="tr_1_tl_18" custom="readingOrder {index:17;}">
                <Coords points="1739,1794 1756,1798 1770,1787 1772,1791 1791,1780 1798,1785 1809,1776 1835,1798 1855,1783 1879,1794 1886,1715 1872,1710 1855,1719 1837,1715 1813,1730 1800,1715 1776,1717 1767,1708 1745,1708"/>
                <Baseline points="1751,1772 1796,1772 1840,1766 1885,1763"/>
                <TextEquiv>
                    <Unicode>268</Unicode>
                </TextEquiv>
            </TextLine>
            <TextLine id="tr_1_tl_19" custom="readingOrder {index:18;}">
                <Coords points="1235,1862 1321,1844 1349,1862 1369,1851 1402,1857 1424,1842 1452,1853 1491,1840 1515,1857 1546,1844 1546,1783 1511,1787 1441,1770 1428,1778 1410,1763 1332,1791 1288,1770 1268,1780 1240,1776"/>
                <Baseline points="1250,1835 1283,1835 1327,1835 1372,1832 1417,1832 1462,1829 1506,1829 1551,1829"/>
                <TextEquiv>
                    <Unicode>29.11.08.</Unicode>
                </TextEquiv>
            </TextLine>
            <TextLine id="tr_1_tl_20" custom="readingOrder {index:19;}">
                <Coords points="307,1881 318,1879 339,1897 344,1892 350,1892 357,1899 361,1899 370,1888 379,1890 388,1881 396,1881 394,1829 377,1829 368,1820 361,1820 355,1829 350,1829 342,1822 335,1829 333,1826 322,1835 307,1840"/>
                <Baseline points="319,1870 364,1873 402,1873"/>
                <TextEquiv>
                    <Unicode>II</Unicode>
                </TextEquiv>
            </TextLine>
            <TextLine id="tr_1_tl_21" custom="readingOrder {index:20;}">
                <Coords points="311,1980 1916,1940 1973,1927 1975,1855 313,1916"/>
                <Baseline points="322,1975 367,1972 411,1972 456,1972 501,1969 546,1966 590,1966 635,1963 680,1960 725,1960 769,1957 814,1954 859,1954 904,1951 948,1948 993,1948 1038,1945 1083,1942 1127,1942 1172,1942 1217,1939 1262,1936 1306,1936 1351,1936 1396,1933 1441,1930 1485,1930 1530,1927 1575,1924 1620,1924 1664,1921 1709,1921 1754,1918 1799,1918 1843,1915 1888,1912 1933,1912 1978,1906"/>
                <TextEquiv>
                    <Unicode>Eben schrieb ich Ihnen den beiliegenden Brief, Bleibt</Unicode>
                </TextEquiv>
            </TextLine>
            <TextLine id="tr_1_tl_22" custom="readingOrder {index:21;}">
                <Coords points="348,2043 1726,1991 1851,1980 1853,1929 350,1986"/>
                <Baseline points="361,2025 381,2028 426,2025 471,2022 516,2020 560,2017 605,2014 650,2014 695,2014 739,2014 784,2011 829,2008 874,2005 918,2005 963,2002 1008,2002 1053,1999 1098,1996 1142,1999 1187,1993 1232,1993 1277,1990 1321,1987 1366,1984 1411,1984 1456,1981 1500,1981 1545,1981 1590,1978 1635,1975 1679,1975 1724,1972 1769,1969 1814,1969 1858,1966"/>
                <TextEquiv>
                    <Unicode>also nichts anderes übrig als den morgigen Abend</Unicode>
                </TextEquiv>
            </TextLine>
            <TextLine id="tr_1_tl_23" custom="readingOrder {index:22;}">
                <Coords points="315,2096 1875,2045 1975,2035 1978,1975 318,2050"/>
                <Baseline points="328,2079 369,2079 414,2076 459,2073 504,2073 549,2073 593,2070 638,2070 683,2067 728,2064 772,2061 817,2061 862,2058 907,2058 951,2055 996,2052 1041,2052 1086,2049 1130,2046 1175,2043 1220,2043 1265,2040 1309,2037 1354,2037 1399,2034 1444,2034 1488,2031 1533,2028 1578,2028 1623,2028 1667,2025 1712,2022 1757,2022 1802,2022 1846,2020 1891,2020 1936,2020 1981,2022"/>
                <TextEquiv>
                    <Unicode>abzuwarten. Falls Kerr bei Ihnen schriftlich anfrägt,</Unicode>
                </TextEquiv>
            </TextLine>
            <TextLine id="tr_1_tl_24" custom="readingOrder {index:23;}">
                <Coords points="320,2144 1649,2083 1794,2120 1829,2032 322,2100"/>
                <Baseline points="331,2133 358,2130 402,2130 447,2127 492,2127 537,2124 581,2124 626,2121 671,2121 716,2115 760,2112 805,2112 850,2109 895,2109 939,2106 984,2106 1029,2103 1074,2100 1118,2100 1163,2097 1208,2094 1253,2094 1297,2091 1342,2091 1387,2088 1432,2088 1476,2085 1521,2082 1566,2082 1611,2079 1655,2079 1700,2076 1745,2073 1790,2073 1835,2073"/>
                <TextEquiv>
                    <Unicode>so schlagen Sie vielleicht auch für morgen Abend</Unicode>
                </TextEquiv>
            </TextLine>
            <TextLine id="tr_1_tl_25" custom="readingOrder {index:24;}">
                <Coords points="318,2208 1846,2142 1918,2135 1921,2087 320,2144"/>
                <Baseline points="331,2184 343,2181 387,2181 432,2181 477,2175 522,2175 566,2175 611,2172 656,2172 701,2169 745,2166 790,2166 835,2163 880,2163 924,2160 969,2157 1014,2157 1059,2154 1103,2154 1148,2151 1166,2145 1208,2145 1253,2145 1297,2142 1342,2139 1387,2139 1432,2139 1476,2136 1521,2133 1566,2133 1611,2130 1655,2130 1700,2127 1745,2127 1790,2127 1835,2121 1879,2118 1924,2115"/>
                <TextEquiv>
                    <Unicode>Meissl vor. Den ganzen Tag über hab ich morgen "ge-</Unicode>
                </TextEquiv>
            </TextLine>
            <TextLine id="tr_1_tl_26" custom="readingOrder {index:25;}">
                <Coords points="320,2240 1986,2203 2074,2188 2078,2111 320,2208"/>
                <Baseline points="331,2237 349,2234 393,2234 438,2231 483,2228 528,2225 572,2225 617,2222 662,2222 707,2219 751,2216 796,2216 841,2216 886,2213 930,2213 975,2207 1020,2207 1065,2207 1109,2204 1154,2204 1178,2204 1187,2204 1232,2199 1277,2196 1321,2193 1366,2190 1411,2190 1456,2193 1500,2190 1545,2187 1590,2187 1635,2184 1679,2184 1724,2181 1769,2178 1814,2178 1858,2175 1903,2172 1948,2172 1993,2175 2037,2175 2082,2175"/>
                <TextEquiv>
                    <Unicode>schäftliche“ Besprechungen (Dohnanyi,Straus, Herzmansky.)</Unicode>
                </TextEquiv>
            </TextLine>
            <TextLine id="tr_1_tl_27" custom="readingOrder {index:26;}">
                <Coords points="751,2302 775,2304 799,2286 828,2300 883,2291 915,2304 931,2297 968,2304 970,2229 929,2218 887,2229 865,2225 839,2236 806,2225 753,2232"/>
                <Baseline points="763,2267 793,2267 838,2267 883,2267 927,2267 972,2264"/>
                <TextEquiv>
                    <Unicode>Ihr A.</Unicode>
                </TextEquiv>
            </TextLine>
        </TextRegion>
    </Page>
</PcGts>
