2349 4040
966 752 1140 846 -123-
394 870 1830 1005 bruck, Salzburg.) Auf Wiedersehen hoffentlich.
748 975 1288 1048 Herzlichst Ihr A.
396 979 2016 1114 Schreiben Sie ein Wort! Viel Grüsse über die Lande.
405 1129 866 1217 (nach Villach)
1945 1238 2100 1352 247
1215 1232 1825 1356 Welsberg-Waldbrunn,
1221 1322 1532 1405 25.8.1907.
411 1375 885 1465 Lieber Richard,
411 1408 1990 1504 wir fahren morgen 26. von hier fort- (Heini direct
411 1461 2068 1568 nach Wien.) Olga und ich (höchstwahrscheinlich) Waid-
420 1525 2040 1618 bruck, übernachten. Dann durchs Grödner Thal, Grönner-
424 1594 1984 1671 joch, Corvare - Arebba - Pordoj,- Vigo - Karersee -
424 1643 1984 1720 Bozen. Manches zu Fuss, manches zu Wagen; Modifica-
420 1697 1965 1768 tionen nicht ausgeschlossen. Höchstwahrscheinlich
420 1740 1984 1815 Samstag oder Sonntag sind wir in Bozen, wollen aber
420 1787 2053 1862 von dort direct nach Meran weiter, um dort,in dem uns
420 1845 2048 1918 lebhaft empfohlenen Palasthotel etwa 8 Tage zu blei-
424 1894 2031 1978 ben. Dann wohl (vielleicht mit Aufenthalt in Bozen
428 1937 2132 2027 (Mendel) - Innsbruck (Theoderich) - Salzburg (Salsburg.
424 2016 778 2083 naah Wien.-
424 2053 2142 2132 Ein Telegramm Donnerstag Karersee post.rest. hat xxxxxx
428 2089 1952 2172 Chance zu erreichen, Vielleicht entschliessen Sie
251 2108 390 2209 Luns
420 2153 2113 2224 sich auch zu Meran. Gardasse werden wir diesmal (dies-
424 2220 2076 2286 mal...!) wohl nicht mitnehmen. In dem Karerseetelegr.
426 2258 1997 2344 vermerken Sie vielleicht, wenns geht, wo Sie Samstag
422 2310 1645 2389 und Sonntag telegr. zu erreichen sind.-
424 2346 2046 2434 Goldmann ist mit Mutter in Gossensass verblieben, wie
428 2417 1650 2485 er mir auf mündl. Weg ausrichten liess.
428 2477 1980 2541 Leben Sie wohl, seien Sie Alle gegrüsst und lassen
426 2522 2023 2603 Sie mich hoffen, dass wir einander bald wiedersehen.
420 2590 979 2667 Herzlichst Ihr A
433 2644 1093 2775 (nach Velden,Wahlies)
