2392 3990
1249 253 1632 362 „ „ —: „
1672 267 1765 362 ce 1e
1068 737 1205 813 -55-
2022 809 2115 914 86
1337 824 1809 918 Donnerstag (?)
425 897 2009 965 Lieber Richard, also wo nachtmahl ich heute - werden
430 952 586 1015 Sie —
425 965 2056 1066 Ich werde vielleicht um.resp. nach 7 bei Ihnen anläu-
425 1053 2070 1110 ten, ja? Weiter als bis in den Prater wird man sich ja
425 1095 2115 1171 doch nicht wagen können, selbst wenn es ganz schön wird.
425 1158 2039 1226 Aber richten Sie's so ein, dass ich nicht die 5 Stöck
419 1213 2092 1276 zu steigen brauche, sondern dass Sie bereit sind herun-
425 1270 2094 1333 ter zu kommen. Haben Sie keine Lust zu warten, so gehen
425 1321 1950 1384 Sie ruhig fort, ich verpflichte Sie zu nichts. Ich
421 1369 1995 1445 bin jedenfalls bis nahezu 7 zu Haus,werde arbeiten.
419 1424 1337 1474 Danke vielmals für die Bücher.
421 1464 1615 1529 Seien Sie englisch gegrüsst Ihr Arthur,
419 1521 2051 1592 Sollten Sie zu einem sehr festen Entschluss gelangen,
419 1584 1965 1645 wo wir heute Abend sein werden, so telegrafiren Sie
419 1630 1656 1727 vielleicht gleich an die Tini fürn Hugo.
388 1714 944 1809 (nach I.Wollzeile)
1022 1830 1188 1898 ====
2062 1858 2153 1955 87
442 1923 2030 1997 Lieber Richard, zwischen 6 und 7 werd ich heute kaum
436 1997 2070 2075 ins Gr. kommen können. Erkältet bin ich mehr als Sie,
444 2045 1934 2113 werde aber — halt, da fällt mir eben ein, dass ich
442 2098 1955 2159 nach 8 Zeit habe. Ich werde zwischen 8 und 19 bei
442 2144 1917 2222 Ihnen anläuten, vielleicht soupiren wir zusammen,
438 2193 1371 2260 oder lassen Sie mir eine Post.
428 2239 1209 2340 Herzlich der Ihre Arthur.
434 2334 628 2422 (w.o.)
2089 2483 2180 2565 88
1472 2494 1700 2574 Samstag
425 2549 1976 2622 Lieber Richard, ich werde heute nach oder vor 8 bei
430 2603 1993 2673 Ihnen anläuten. Es wär schön, wenn wir zusammen sou-
423 2656 1940 2744 piren könnten. Sie sind natürlich nicht gebunden.
425 2713 1323 2799 Herzlich grüssend Ihr Arthur.
425 2789 626 2890 (w.o.)
