2392 3990
2063 258 2207 384 1: 1:
1015 280 1185 390 " " "
1063 817 1195 899 -60-
2061 831 2143 919 97
1185 891 1618 989 Paris,20.5.97.
479 945 2019 1055 Lieber Richard, die Pariser Tage - sie werden wahr-
493 1019 2007 1097 scheinlich bald "sehr schön gewesen“ sein - nahen
493 1077 1974 1161 ihrem Ende; Montag fahre ich nach London und bin
491 1111 2087 1208 in den ersten Junitagen in Wien. Sie aber fahren be-
489 1165 2093 1260 reits in den selben ersten Junitagen nach Ischl? Ich
495 1238 2061 1314 werde Sie doch hoffentlich noch in Wien finden? Be-
493 1274 2095 1372 ruhigen Sie mich darüber, indem Sie mir ein paar Zei-
491 1336 2009 1416 len nach London schreiben. Meine Adresse ist sehr
497 1382 2069 1460 complicirt: bei Felix Markbreiter London S E. Honor
503 1458 1105 1524 Oak, Woodville Hall.-
493 1472 2067 1582 Paul behauptet, so oft ich irgend ein Entzücken oder
501 1544 2097 1622 eine Beffiedigung über irgend was hier äussere - und
499 1612 2027 1676 es wimmelt von solchen Gelegenheiten, dass Sie ein-
491 1666 1972 1728 mal geäussert, Paris hätte Ihnen nichts zu sagen.
499 1708 1976 1790 Sie werden das einmal beschämt zurücknehmen. Sie
495 1768 1980 1838 ahnen nicht,was Ihnen Paris alles zu sagen hätte
503 1804 2097 1880 und wieviel Sie gerne antworten möchten. Die se Stadt
505 1878 2075 1934 dampft von Cultur, und ich hab mich kaum über einen
497 1928 2029 1990 Menschen können, der mir zufällig heute grad sagte,
503 1958 2095 2041 er sei in Wien gewesen, denke gern dran zurück: c'est
497 2031 2089 2089 une gentille petite ville. Man spürt auch etwas wah-
497 2075 2097 2147 res in dieser Phraso: dass eigentlich die ganze Welt
499 2133 2083 2189 in Paris enthalten sei;) man hat eine Ahnung von Un-
497 2187 2067 2251 endlichkeit, in der man beinah so einsam sein könnte
497 2233 1976 2297 wie in der Wüste. Wissen Sie, was mir eine grosse
499 2293 2025 2349 Freude sein würde? einmal mit Ihnen hieher zu kom-
497 2343 2103 2403 men - nicht ohne Ihnen das Versprechen abgenommen zu
497 2391 1972 2455 haben, nicht bei jeder Auslage stehen zu bleiben.
503 2445 1980 2505 Ich würde Sie aber nie an die Seine führen, wo an
499 2499 1998 2565 den Quais auf den Steinbrüstungen Millonen Bücher
489 2545 2017 2629 liegen.-Sie würden dazu allein zwanzig Jahre brau-
491 2607 2021 2665 chen. Dort findet man, wie Sie gleich sehen werden,
493 2653 2002 2727 alle Bücher der Welt; um mir eine Emotion zu ver-
485 2711 1888 2775 schaffen, hab ich mit einer Verkäuferin um ein
485 2755 1524 2844 Exemplar von "Mourir" "gefeilscht"
1542 2733 2085 2848 - das Luder hat's
