2432 4039
1192 262 1603 392 ...   ƒ
1680 305 1858 411 1,1
914 761 1086 859 -117-
1783 789 1932 883 230
1061 830 1546 963 Wien, 14.9.1905.
419 920 1909 1055 Lieber Richard, ich habe erwartet, eine Nachricht
421 1002 1932 1104 von Ihnen zu bekommen, wenn Sie irgendwo gelandet
425 1081 1852 1167 sind, und da ich nicht weiss, ob Sie schon, noch,
433 1124 1989 1216 überhaupt am Lido sind und in welchem Hotel, richte
429 1169 1873 1270 ich diese Zeilen an Ihre Rodauner Adresse. Der
433 1210 1909 1321 Brief an Mrs.H.... ist längst besorgt,übrigens
431 1265 1911 1370 kommt Adressatin morgen hier an (mit dem Koland
437 1312 1973 1411 von Berlin,was kein Liebhaber, sondern ein Cabaret
437 1378 1899 1468 ist. Ob und wann ich in diesem Herbst noch weg-
438 1404 2012 1525 komme, ist ungewiss, da ich wahrscheinlich sehr bald
437 1476 1912 1572 Burgtheaterproben haben dürfte. (Sie haben wohl
448 1521 1967 1636 gelesen; näheres mündlich, die Sachs ist mir höchst
438 1580 1860 1681 angenehm; Schl. hatte sieh über Brahm an mich
442 1613 1973 1746 gewandt.) Auch mit dem zweiten Stück, das zur Zeit
444 1695 1944 1779 der Vorlesung im 3.Akt noch höchst unsicher war,
442 1740 1889 1824 bin ich jetzt glaub ich leidlich fertig - oder
444 1803 1865 1881 kau nur immer wieder,was aufs gleiche heraus-
442 1852 1862 1930 kommt.- Wahrscheinlich kriegt auch das zweite
452 1891 1952 1997 der Brahm; mit Reinhardt und den Seinen ist ein-
448 1944 1901 2048 fach nicht zu verhandeln.Sie depeschiren einem
448 2003 1918 2085 von Briefen, die auf dem Wege sind - und die nie
458 2053 1930 2159 geschrieben wurden — und das ist noch nicht das
460 2130 1423 2196 Aergste, Auch darüber mündlich.
460 2151 1977 2247 Sagen Sie mir doch ein Wort, wo Sie sindm, wie lang
458 2206 1997 2304 Sie bleiben, wann Sie kommen,wie es Paula guht und
460 2257 1969 2341 den Kindern. Wir spielen täglich Teunis, und bald
454 2310 1995 2410 hoff ich wieder in ein geordnetes Arbeiten zu ge-
458 2361 1869 2461 rathon. Olga, die Sie alle herzlich grüsst, ist
458 2394 1905 2500 sehr wohl, Heinrich desgleichen - schreiben Sie
458 2474 1212 2570 bitte! Von Herzen Ihr A.
454 2535 1846 2682 (nachgesendet nach Venedig, Lido,Grand Hotel)
