2415 3992
369 270 934 395 1 • ̃
842 830 965 891 -79-
316 883 1885 1043 sich richtig alle Würstel aufgefressen. Der Selcher
318 926 1877 1090 schüttelt den Kopf und sagt: “Ae so à Dreh von dem
379 1033 1926 1168 Schöneres kann ich Ihnen heut nicht mehr erzählen!
322 1067 518 1137 Hund!"
393 1115 1590 1242 Grüss Sie Gott. Schreiben Sie mir bald.
666 1192 1008 1268 Ihr Arthur:
334 1248 1811 1385 (nach Seeboden am Millstättersee, Villa Platzer).
1830 1410 1936 1485 136
1074 1457 1481 1555 Wien, 21.6.99.
352 1547 1922 1680 Lieber Richard, ich habe gestern Abend mit Mayer ge-
352 1596 1932 1735 sprochen. Wir schlagen folgendes vor: dass wir etwa
348 1653 1924 1784 Mitte Juli zu Ihnen kommen und Sie von dort mitneh-
354 1707 1955 1836 men (etwa 5 Tage später). Wohin? Mir wäre ebenso wie
354 1748 2002 1885 Meyer eine Tour im südtirolischen am sympathischesten
369 1821 1846 1932 (eine Zusammenstellung hab ich); ich will nämlich
365 1850 1987 2000 dann, vielleicht mit Mayer,an irgend einen hohen Punkt
373 1909 1838 2057 (San Martino) 2-3 Wochen bleiben, auch länger und
369 1969 1975 2098 dort zu arbeiten versuchen. Denn ich fühle, dass mein
367 2032 1987 2159 Organismus nach Höhenluft verlangt. Ihrer wahrschein-
367 2090 1942 2211 lich auch. Man hat ja offenbar nie recht, einem Men-
373 2139 1854 2258 schen zu sagen, er habe keinen Grund verstimmt zu
385 2184 1979 2311 sein; — aber dass es mir heuer sehr nahe liegt, Ihnen
377 2223 1983 2366 irgendwas in der Art zu sagen,werden Sie verzeihlich
385 2307 1819 2415 finden. Ich hoffe, Sie erholen sich - von was? -
385 2334 1944 2479 Mir kommt vor, ich wär an Ihrer Stelle so glücklich,
391 2405 2016 2524 dass mich schauern müsste, aber offenbar irr ich mich.
383 2442 1955 2569 Aber im Ernst, was haben Sie? - Mir scheint nun ein-
383 2512 1885 2635 mal, dass Sie selbst einfach durch Willen einiges
385 2557 1938 2688 dazu thun könnten, um wohl zu sein. Sie lassen
391 2602 1967 2729 sich gehn. Freilich, auch dagegen scheinen Sie keine
389 2690 1911 2846 Was mich anbelangt, so fühle ich jenes Unglück mit
397 2710 889 2790 Gewalt zu haben.
