2432 4039
1869 775 1990 872 231
836 784 1014 878 -118-
991 861 1467 987 Wien 7.L0.1905.
256 951 1873 1089 lieber Richard, warum so spät? Hugo hat mir nur wegen
260 1052 1783 1140 Bitzen für sich, und nicht Ihretwegen geschrieben.
262 1098 1871 1196 (oh musst meine Wünsche bis heut Mittags 1 an Rosen-
268 1150 1800 1240 baum mittheilen, Sitze werd ich nun kaum mehr für
277 1200 1791 1293 lie kriegen können, vielleicht aber krieg ich eine
274 1234 1883 1343 Stock Logo, wär Ihnen damit gedient? Jedenfalls er-
287 1322 1414 1395 Jahr ich erst Lienstag, woran ich bin.
279 1372 796 1462 ###erzlichst Ihr A.
283 1473 712 1563 nach Rodaun).
1867 1552 1997 1642 232
1159 1571 1626 1684 Wien, 30.1.1906
304 1686 1988 1818 Lieber Richard, dieser Tage habe ich die Bühnenelempla-
691 1745 1940 1856 bekommen, hier ist eines, bitte sagen Sie
310 1791 1932 1936 niemandem, dass ich Ihnen eins geschickt habe,es wol-
314 1810 649 1886 re des “Ruis”
316 1881 1259 1984 len zu viele Leute eins haben.
316 1904 1852 2032 Es wär denkbar, dass ich Samstag auf ein paar Tage
333 1955 1856 2089 (Arrangirprobe), Brahms 50.Geburtstag) nach Berlin
323 1988 1946 2139 fahre; dann komm ich wieder zurück (hoffentlich), und
327 2061 1808 2185 am 17.will ich mit Olga hin, zur Première am 24.
329 2112 1764 2240 Wie gehts Ihnen? Und Paula? - Und den Kindern?
321 2173 1710 2304 Herzlichst, mit Grüssen von uns Beiden Ihr A.
1879 2323 2009 2409 233
1146 2359 1617 2453 Wien, 24.6.1906.
341 2405 1904 2552 Lieber Richard, wir reisen schon morgen ab. Berlin,
341 2472 1821 2598 Kopenhagen. Marienlyst, wo wir ein paar Wochen zu
350 2516 1848 2652 bleiben hoffen. Ich weiss nicht,ob Sie schon aus
356 2581 1936 2709 Velden zurück sind, keinesfalls können wir vor unse-
352 2625 1940 2747 rer Abreise noch nach Rodaun kommen - also hoffent-
356 2684 1831 2811 lich, nach gutem Sommer ein gutes Wiedersehen im
358 2711 1948 2853 Herbst. Von Herzen, mit Grüssen von uns an Sie alle.
362 2851 566 2943 Ihr A.
358 2929 781 3044 (nach Rodaun)
