2424 4023
409 298 705 443 Votre très-Greté.
1776 306 1945 433 j'y ai
861 788 1001 874 -99-
332 928 1093 1026 Sie gewies nicht stören,
332 975 1971 1080 Jedenfalls schreiben Sie mir gleich ein Wort hieher.
336 1071 1363 1129 Von Kerr hab ich keine Nachricht.
341 1123 1033 1208 Von Herzen Ihr Arthur.
336 1191 883 1309 (nach Pörtschach)
1896 1350 2008 1433 179
1236 1399 1620 1483 Wien.S.9.01.
341 1440 2033 1534 Lieber Richard, heute nur die kurze Frage,ob Sie in den
334 1510 1999 1588 Club eintreten werden? hat wohl nicht mehr viel Sinn.
341 1555 2033 1639 Ich bin nicht sehr dafür. Wie gehts? Ich habe dictirt.
343 1622 1031 1714 Herzliehst Ihr Arthur.
343 1716 876 1828 (nach Pörtschach)
872 1783 988 1853 ----
1890 1828 1986 1903 180
1245 1855 1684 1948 Wien, 25.11.01.
341 1924 1845 2001 Lieber Richard, Ich war heute Vormittag bei Hugo.
341 1950 2065 2053 Wollen Sie, dass ich ihnen beiden Mittwoch oder Donners-
341 2029 1907 2098 tag Nachmittag gegen 6 meine 4 Stücke vorlese? Wir
356 2068 2029 2155 (Sie und ich könnten dann Abends zusammen hare Mahren.
349 2130 2055 2213 (Eventuell auch zusammen hinaus, wenn Sie nicht aus Woh-
343 2187 1650 2260 nungsgründen früher draussen sein müssen.)
341 2232 2033 2314 Also Mittwoch oder Donnerstag oder in dieser Woche gar
341 2290 2033 2391 nicht. Schreiben Sie mir, ich benachrichtige dann Hugo.
343 2346 1039 2434 Herzlichst Ihr Arthur.
341 2425 887 2552 (nachl.Wollseile)
898 2498 1035 2586 ----
1898 2537 1993 2618 181
1245 2588 1783 2672 Weihnachten 1901,
334 2631 2040 2730 Lieber Richard. Ich wünsche Ihnen alles Schöne; schicke
343 2717 1414 2787 aber nur das. Herzliche Grüsse A.S.
341 2779 1193 2865 Es war Ihnen doch bestimt.
