2405 4041
1068 322 1189 427 1
1828 786 1959 877 216
955 826 1126 921 -111-
1110 901 1777 1008 Berlin, 15.11.1904.
1147 979 1596 1056 Hotel Fristol.
328 1018 1930 1136 Lieber Richard, Telegramm haben Sie wohl vom Theater
345 1070 1900 1191 aus bekommen. Freitag Samstag Arrangirprobe. Meine
345 1136 1924 1253 Première Dienstag; ich liess es Ihnen auch telegra-
345 1181 1902 1298 firen, weil Sie am Ende, wenn es bei Freitag geblie-
347 1243 1793 1346 ben wäre, nur einen Tag früher gekommen wären.-
351 1278 1969 1402 Carlton Hotel soll, wie mir Rainhardt, der dort wohnt,
351 1344 1908 1463 sagt, nichts rechtes sein; räth es Ihnen nicht.
377 1372 1957 1501 Ich wohne Bristol, es befriedigt mich von allen Ber-
351 1435 1888 1556 linger Hotels doch am meisten. Hoffentlich auf Wie
365 1523 1866 1652 Moissi, den ich gestern zum ersten Mal im Kakadu
357 1537 651 1608 dersehen.
357 1588 1874 1719 proben sah, eines der augenfälligsten Talente, das
359 1624 1981 1755 mir in der letzten Zeit untergekommen ist. Als Henri
363 1691 1959 1809 kann er übrigens seine Fehler zu Tugenden ausnützen
369 1749 1900 1864 (was übrigens auch ein Talent ist.) Für den Filipp
365 1789 1981 1902 dürfte ihm wohl das wie soll ich sagen höfische feh-
359 1850 1949 1963 len; aber er ist sehr lenksam und das absolute sei-
359 1916 1826 2007 ner Begabung innerhalb des hier (und anderswo
365 1928 1973 2073 grassirenden Mittelmasses müsste jedem Vernünftigen
373 2009 1908 2118 wohlthun. Seine Aussprache ist ja sehr fremdartig
371 2057 1882 2164 aber sobald man sie gewöhnt, wirkt sie (auf mich
371 2096 1961 2225 wenigstens) beinah als ein Reiz mehr. Natürlich ist
373 2166 1924 2265 es denkbar, dass ihn das Publikum anfangs auslacht.
367 2212 1763 2349 Mit diesem Trost will ich schliessen. Ihr A.
373 2343 790 2460 (nach Rodaun)
