2404 3992
1063 300 1158 385 1
1073 748 1213 826 -37-
1356 843 1677 925 (undatiert
452 904 1904 972 Lieber Richard, ich bin noch in Marienbad. Viel-
454 972 1884 1027 leicht komm ich Sonntag nach Ischl. Jedenfalls
488 1014 2011 1082 erhalten Sie früher Nachricht, damit Sie nicht er-
488 1067 1847 1130 schrecken. In Prag, Karlsbad bin ich gewesen.
452 1124 1971 1189 Wenn Sie mir noch heute schreiben, d.h.nach Erhal-
461 1181 1916 1242 ten dieses hier, oder auch morgen, so bekomme ich
490 1232 1922 1297 Ihren Brief noch da,- was mich herzlich freuen
454 1285 1885 1346 würde. Ich hoffe Sie sind tief im Liebling und
494 1329 1908 1407 befinden sich so wohl als ichs Ihnen wünsche.
454 1380 1504 1449 Viele herzliche Grüsse Ihr Arthur.
1274 1566 1878 1675 St. Johann in Tirol.
1272 1646 1542 1722 24.8.95.
1895 1675 1992 1772 5 G
446 1730 919 1806 Lieber Richard,
452 1792 1931 1872 Genau auf der Grenze von Baiern und Tirol sauste
441 1830 1925 1923 uns ein unheimlich gekleideter Bicyclist mit ei-
442 1906 1885 1961 nem Dolch, Lederhosen, Zugschuhen, nackten Knieen
442 1960 1958 2028 weissem Flanellhemd, keiner Cravatte, Lodenhut ent-
444 2005 1331 2068 gegen,und war der Burckhard.
465 2051 1889 2125 Jetzt hat es angefangen zu giessen, zu blitzen,
439 2106 1931 2178 zu donnern. Vielleicht schlägt es ein; dann sind
435 2151 1887 2212 wir extra von Salzburg nach Johann in Tirol ge-
437 2214 1667 2282 fahren u.s.w. (Siehe Märchen von Loris.)
437 2250 1918 2343 Wir warten auf einen Zug. Die Partie war wunder-
439 2309 1358 2372 bar. Le canif das Federmesser.
433 2356 1285 2421 Herzlichen Gruss Ihr Arthur
429 2408 1920 2499 Wenn Sie jenes kleine Wesen sehen, dem Wehmut und
463 2455 1878 2542 Verachtung bevorsteht, grüssen Sie sie von mir.
467 2554 720 2639 (nach?)
1016 2624 1162 2692 ====  =====
