2432 4039
920 747 1104 863 -116-
406 865 1910 1016 Kommen Sie bald, vielleicht zu Tisch? Ich dictire
382 947 1853 1085 jetzt manchmal Nachmittag, also wars mir lieber,
388 996 1830 1130 wenn ich früher von Ihrem Komnen unterrichtet
392 1043 1900 1175 wäre.- Vormittag spielen wir 3mal Teunis, was mir
388 1102 1877 1238 enorm viel Vergnügen macht. Müssen Sie auch,so-
392 1183 1438 1285 bald Sie Währinger geworden sind.
398 1202 1975 1336 Wir grüssen Sie beide und die Kinder. Olga war von
404 1255 1912 1396 Ihrem Brief so ergriffen, dass sie eine Thräne im
398 1320 1851 1432 Augenwinkel hatte. Ich sage nichts als: dos is
406 1367 1853 1487 Dichter. Aber ich hab mich sehr gefreut. Warum
412 1477 632 1545 "aber"?
435 1504 987 1598 Herzlichst Ihr A
408 1569 822 1649 (nach Rodaun)
1192 1669 1738 1763 Reichenau, Kurhaus
1846 1642 1997 1749 228
1194 1738 1612 1812 am 17.7.1905.
410 1781 1906 1893 Lieber Richard, bitte theilen Sie uns mit, wie es
422 1818 1961 1951 Baula geht. Was ist denn eigentlich zu sehehn? Und
424 1883 1955 2000 wie stehn Sie jetzt mit Ihren weiteren Sommerplä-
424 1948 1940 2071 nen? Vielleicht kommt man doch irgendwie und ir-
463 1983 1955 2114 gendwo zusammen? Wir bleiben noch 2-3 Wochen da,
428 2046 1944 2171 kleinere (2-3tägige) Fusspartien meinerseits ab-
433 2126 1477 2222 gerechnet. Herzlichst Ihr Arthur.
435 2238 635 2352 (w.o.)
1940 2252 2079 2361 229
1210 2289 1702 2389 Wien.30.V.1905.
435 2348 1979 2469 Lieber Richard, seit gestern wieder daheim. Bleibe
443 2410 1802 2530 vorläufig. Das Stück von Bahr hab ich Ihnen
443 2459 1867 2579 sohicken lassen. Wo sind Sie? Ist Paula schon
473 2506 1861 2626 ganz wohl?- Herzlichst, von uns beiden Ihr A.
449 2648 669 2750 (w.o.)
