2360 4040
1803 305 2226 438 .... „ „ —: —:
1297 353 1583 471 V. U+2114,
1021 747 1197 851 -103-
1938 789 2065 882 193
1170 836 1747 948 Hallein 16.1.1903.
392 886 1915 1023 In Erinnerung an des Fischers List und Glück und
405 971 1670 1083 jenen schönen Wintertag vor fünf Jahren.
409 1052 1013 1131 Herzliche Grüsse A.
400 1077 1172 1222 Freundlichen Gruss! O.C.
415 1193 828 1316 (nach Rodaun)
2002 1291 2114 1386 194
1318 1320 1805 1419 Wien, 20.2.1903.
728 1409 2058 1536 Ihnen und Hugo danko ich für das Gutachten
413 1392 886 1504 Lieber Richard,
411 1482 2027 1589 und theile Ihnen mit, dass ich heute gegen vorherige
417 1540 2083 1648 Honorirung von 3 Auflagen mit dem Wiener Verlag abge-
421 1589 2054 1710 schlossen habe. Auch die Ausstattung wird Ihren Wün-
430 1643 2040 1745 schen entsprechend ausfallen.- Im übrigen reise ich
425 1689 2065 1793 morgen nach Berlin, Palasthotel, woselbst ich also bis
430 1780 1405 1855 etwa 8.März zu bleiben gedenke.
430 1797 2046 1909 Mein neues Stück in jetziger Fassung ist, nach theil-
432 1859 1971 1961 weiser Mittheilung an Olga und Schwarzkopf, meinem
430 1909 2065 2000 eigenen Antrag entsprechend, misbilligt und damit er-
438 1955 2094 2056 ledigt worden. Es ist ein siamesischer Zwilling; viel
438 2015 2034 2110 leicht hilft eine Operation, und Sie sehen, zur rech-
440 2083 1946 2156 ten und zur linken je einen Siam heruntersinken.
494 2114 2073 2200 Immerhin, - es ist eine "fertige Sach" - und somit
436 2187 2085 2264 bin ich besser gelaunt als alle diese letzten Tage...
442 2235 2013 2318 Ueberdies,Frühling! Soll man dran glauben?... Nun,
438 2278 2071 2380 genug. Ich hoffe, wir sehen uns alle, in 3 Wochen etwa,
442 2355 1641 2428 gesund wieder, Grüssen Sie allerorten.
444 2405 988 2500 Herzlichst Ihr A.
442 2488 654 2606 (w.o.)
2065 2521 2162 2617 195
1313 2552 1782 2673 Wien, 27.3.1903.
471 2612 2073 2733 Mein lieber Richard, Leer hab ich heuer schon einmal
471 2687 2106 2783 gesehen.übrigens sind fünf in einer Loge zu viel, und
475 2754 2073 2839 man hätte weder was von Shakespeare noch von einan-
475 2799 2021 2905 der.- Man könnte sich schon viel öfter sehen, wenn
