2421 4040
1100 312 2260 467 1, 1, 1/2, rue 1,2, à 1, à 2, 0, à 3, à 0,
907 796 1083 877 -135-
1865 807 2011 907 288
1179 873 1642 977 Wien, 6.3.1910.
378 945 1990 1087 Lieber Richard, wir sind, wie Sie wissen,thatsächlich
384 1034 1954 1155 geladen. Und wenn Sie glauben es thun zu können so
387 1083 1956 1189 telephoniren Sie Hans dem Unglaublichen bei dieser
393 1155 1888 1247 Gelegenheit, dass wir überhaupt keine Lust haben,
384 1170 2060 1302 neue Leute kennen zu lernen, deren Namen wir noch dazu
382 1276 1151 1366 niemals vernommen haben.
391 1272 1971 1412 Es thut mir leid, dass Sie unsretwegen telephonisch
391 1378 1561 1472 incommodirt werden. Herzlichst Ihr A.
1922 1516 2049 1631 289
1293 1546 1633 1652 20.3.1910.
397 1614 2079 1763 Lieber Richard, wir waren bei Ihnen, um Sie (=Euch) für
404 1710 2043 1818 heut Abendzum Nachtmahl zu uns zu bitten. Kommen Sie
408 1765 2115 1863 früh — so zwischen 7 und 1/8 - und am zeitlichen Schla-
412 1816 2020 1920 fengehen werden wir Sie nicht hindern. Bitte senden
414 1867 2020 1977 Sie uns ein rasches Ja herüber (wir wollen auch an
410 1926 1667 2032 Gustav Schwarzkopf teTephoniren lassen.)
784 1996 1336 2088 Harzlichst Ihr A
1909 2090 2054 2213 290
1251 2136 1799 2266 Zürich. 18.5.1910.
421 2238 2047 2387 Heut war die Welt vom Speisewagen aus gesehen,so un-
421 2332 1994 2430 glaublich schön, dass wir Euch sehr herbeigewünscht
423 2385 2060 2487 haben - leider vergeblich und es bleibt nichts übrig
429 2432 1998 2536 als Euch und den Kindern viele herzliche Grüsse zu
425 2515 1187 2619 schicken. Olga. Arthur.
