2388 3993
1960 295 2165 400 1 1/2
945 810 1086 888 -26-
1843 818 1964 916 44
1185 892 1728 990 Wien, 15.Oct. 94.
920 980 1845 1084 Sie würden es nicht verdienen,
361 1023 904 1113 Lieber Richard -
365 1072 1753 1156 dass man Ihnen schreibt - aber ich nehme an,
369 1105 1827 1212 Sie empfinden den Empfang eines Briefes von mir
367 1158 1857 1263 nicht als Glück - also - Sie verstehen ja dieses
365 1238 695 1318 linke Ohr?
369 1259 1806 1363 Gestern hab ich dem Hugo und Salten mein Stück
381 1308 1781 1414 vorgelesen,- mit einem von mir nicht geshnten
373 1361 1812 1468 Erfolg. Es sollen nur ein paar Wendungen drin
379 1429 1800 1519 zu ändern und sonst soll es ganz fertig sein.-
400 1451 1841 1562 Das übrige Lob schäm ich mich beizufügen. Ich
381 1503 1843 1622 bin aber sehr froh.- Momentan schreib ich einen
414 1558 1888 1693 Einakter. (15. Jahrhundert - aber es ist eigent-
375 1644 1046 1728 lich eine Fälschung.
408 1658 1747 1767 Es ist läppisch, dass Sie mir so gut wie gar
383 1689 1927 1824 nichts schreiben. Ich sage läppisch, in der Ueber-
392 1759 1874 1876 zeugung dass das Sie viel mehr beleidigt als in-
398 1812 1847 1923 fam oder schurkisch, was man auch sagen könnte.-
392 1855 1876 1972 Hugo sieht als Dragoner ausgezeichnet aus. Ein
398 1906 1829 2017 Oberliefttnant zum andern : "Du, ich hör, du hast
385 1933 2036 2081 in deiner Abtheilung einen, der Trauerspiel dicht?-?“
451 2009 1851 2138 Salten, hab ich Ihnen das schon geschrieben?-
400 2046 1947 2181 ist in der Redaktion der allgem. Zeitung,- Neulich
394 2116 1855 2232 hat er den Sudermann interviewt, und der kleine
402 2169 1751 2284 Kraus erklärt das für unerhört charakterlos.
408 2214 1835 2335 Wünschen Sie auch von Fels was zu wissen? Ich
404 2278 1769 2396 zweifle nicht daran. Also: alles beim alten;
406 2323 1954 2431 was Sie schon merken werden, wenn Sie zurückkommen.
418 2358 1925 2485 Wünschen Sie was von Korff zu wissen? Er hat eine
412 2405 1958 2542 Hebamme geheiratet, welche aber kaum 15 Jahre älter
412 2472 1843 2589 ist als er.- Und Specht? - Er fährt nächstens
416 2515 1900 2642 auf ein Jahr nach Liverpool, Und Paul von Schön-
422 2567 1849 2700 than? Er wünscht sehnlichst, Sie zum Saubermann
422 2622 1902 2741 zu gestalten.- Neulich hab ich den Julian Stern-
424 2671 1855 2792 berg (den bei dem Sie sich so einzuschmeicheln
457 2712 1853 2845 gewusst" haben) kennen gelernt; da hat er mir
424 2813 1023 2895 sehr gut gefallen.-
422 2798 1956 2962 Ausserdem regnets, ist Ealt, und der Winter ist da.
