2425 4042
1911 794 2036 890 261
988 800 1161 911 -127-
1234 890 2030 1006 Seis a. Schlern, 20.7.1908.
398 1023 2059 1131 Herzliche Grüsse. Uns geht es hier und gefällt's hier
406 1079 1905 1186 weiter sehr gut. Seit 10.ist Brahm da und grüsst
438 1142 1946 1234 herzlich. Wir denken bis zweite Hälfte August zu
413 1186 2057 1288 bleiben. Dann Reise. Wohin unbestimmt. Martino? Cam-
410 1234 1982 1344 piglio? Engadin? - Schreiben Sie recht bald, wie es
413 1288 1948 1392 Ihnen geht und was Sie treiben. Von Herzen Ihr A.
415 1375 1167 1463 Herzliche Grüsse Olga S.
417 1448 1229 1575 (nach Strobl, Hotel am See)
1938 1613 2065 1723 262
1250 1648 1671 1752 Wien, 16.9.08.
421 1736 1952 1846 Lieber Richard, gestern hab ich auf dem Umweg über
427 1819 2040 1900 Aussee - wo es Dr.Rudi Kaufmann der Agnes Speyer er-
417 1869 2038 1942 zählt hat, vernommen, dass man Paula von der überstan-
423 1917 1950 2005 denen Krankheit überhaupt nichts mehr ansieht, -so
427 1965 2098 2050 darf man also hoffen, dass alle Jammergründe verschwun-
423 2019 2019 2103 den sind. Ihre Karte, aus Seis nachgeschickt,fand ich
423 2075 2011 2159 vorgestern Montag Früh bei unserer Ankunft aus Mün-
421 2119 2013 2209 chen vor. Haben Sie unsere Karte aus Martino bekom-
421 2180 1932 2255 men? Wir sind mit dem Auto - einem Postanto, also
421 2217 1982 2309 keinem Nachtkastl von Bozen hin und wieder zurück-
429 2278 1959 2369 gefahren. In München war das interessanteste, was
427 2313 2055 2415 wir gesehen haben, die Faust-Inszenirung von Erler im
431 2380 1996 2463 Künstlerischen Theater. Auch das Zwischenspiel hab
436 2425 2021 2515 ich erlebt, im Residenztheater, aber es ist mir schon
433 2478 2038 2567 besser. Von meinem Roman kommt oben die 14,-20. Auf-
427 2536 1984 2621 lage. Ich werde trotzdem nicht irre an ihm. Ange-
429 2596 1994 2671 fangen habe ich manches in Seis; darüber mündlich.
436 2636 1936 2719 Wann kommen Sie? - Ich schicke den Brief an Ihre
438 2698 2044 2769 Wiener Adresse, da Sie schon am 15.Venedig verlassen.
427 2740 1965 2834 Ich wünsche vom Herzen.. ebenso wie lga.. nun Sie
436 2792 1815 2888 wissenes Beide. Grüssen Sie auch die Kinder.
1084 2861 1438 2949 Ihr Arthur.
