2405 3994
261 274 391 387 i. p a
970 820 1096 899 -50-
1903 868 2010 968 74
1081 912 1713 1000 Christiania, 25.7.96.
391 1021 1836 1100 Lieber Richard, ich danke für Ihr Telegramm, das
406 1085 1817 1148 ich gestern in Tr. vorgefunden; hoffe weitere
402 1129 1870 1209 Nachrichten, vielleicht gar Sie selbst in Stock-
399 1194 1928 1255 holm. Bin um 12 nach 17stündiger ziemlich schlaf-
399 1223 2081 1305 loser Fahrt hier angelangt - es gibt keine Tagschnell-
435 1311 1949 1361 züge. - Habe die Nordcapreise im ganzen sehr wohl-
408 1357 1985 1412 gelauht, nur arg durch Kopfweh gestört, durchgemacht,
412 1405 2024 1466 viel sehr schönes gesehn, aber nur wenige Augenblicke
435 1460 1836 1518 tiefen Geniessens erlebt, Freue mich auf Sie.
402 1508 1179 1587 Herzlich der Ihre Arthur
402 1598 943 1688 (nach Kopenhagen)
1412 1807 1671 1888 27.7.96
1905 1805 2003 1909 75
393 1901 1928 1978 Lieber Richard, sobald Sie Ihre Adresse Kopenhagen
393 1957 1803 2033 und näheres Skodsborg wissen telegrafiren Sie
391 2006 1980 2091 Goldmann Paris 24 rue Feydeau. Herzlich Ihr Arthur.
397 2100 922 2194 (nach Kopenhagen)
1104 2313 1660 2384 Stockholm,29.7.96.
1104 2374 1479 2443 6 Uhr Nachm.
450 2399 1087 2499 Lieber Richard, finde
1108 2428 1976 2503 eben Ihren Brief. Ich bleibe
454 2478 1943 2541 bis Freitag Abend, 31., fahre am Abend nach Gothe-
456 2528 1970 2606 burg,bin dort Samstag,fahre Sonntag Früh nach Ko-
458 2583 1974 2664 penhagen, bin Abends in Kopenhagen. Gibts was neu-
448 2645 1976 2717 es, so kann ich Nachricht von Ihnen,wohl Telegramm
448 2698 1943 2769 spätestens Freitag Mittag hieher ins Grand Hotel
448 2754 1909 2813 empfangen. Erfahre ich nichts weiteres, so nehme
439 2802 1970 2873 ich an, dass Sie mich in Ihrem Hotel in K. Sonntag
435 2844 1991 2926 Abend wissen lassen, wo Sie zu finden. (Wahrschein-
