2392 3990
571 320 716 414 P.
2042 716 2145 796 80
1097 792 1224 872 -53-
1485 826 1992 927 Sonntag.-1/2 6 N.M.
1493 902 1749 989 12.9.96.
502 1001 1914 1075 Lieber Richard, wie kann man nicht einmal eine
502 1065 1952 1128 Post zu Haus lassen wo man zu finden wäre! Ich
502 1114 2115 1190 komme per Rad von Mödling - Tini - Alland - Neuhaus-
525 1154 2002 1226 Pollenstein - Antonsgasse 4 - Franzensgasse 54-
502 1216 2048 1282 Der Doktor Schwarzkopf ist auch da, der grüsst Sie,
502 1276 1968 1351 aber nicht so herzlich wie ich. Ihr Arthur Sch.
1393 1455 1807 1562 Wien, 16.9.96.
2028 1481 2113 1578 82
496 1570 2024 1636 Lieber Richard, aller Wahrscheinlichkeit nach, aber
498 1634 2054 1711 nothgedrungen ohne Bindung bin ich morgen Donners-
511 1694 1940 1757 tag in den Nachmittagsstunden das ist 3-5 zu
502 1751 1958 1823 Haus; ev. teleph. Sie so um 2. Herzlich Arthur.
505 1831 1031 1922 (nach Baden s.o.)
1021 1958 1186 2016 ====  =====
1329 2038 1751 2127 Wien, 22.9.96.
498 2137 1934 2217 Lieber Richard, gerade wie ich die Sitze nehmen
502 2211 2010 2257 wollte, treff ich Dörmann, der eben einen Brief er-
500 2253 2004 2322 halten (ich las den Brief) dass Sein Sohn auf un-
496 2303 1976 2376 bestimmte Zeit verschoben wegen Erkrankung Ran-
496 2366 1954 2424 zenbergs.- Am Mittwoch Abend holo ich Sie gegen
498 2414 1501 2472 acht ab; ich werde unten läuten.
496 2454 1958 2523 Im übrigen könnte man auch ein Stück in 9 Akten
488 2517 2002 2591 schreiben, Märchen, Liebelei und Freiwild zusammen.
484 2559 2014 2647 Nur kleine Aenderungen wären nothwendig. Der alte
498 2619 2006 2675 Geiger wär eine alte Geigerin (bei einer Damenka-
484 2665 1984 2752 pelle) als Mutter der Fanny - Ehrenstein - Anna,
490 2738 2008 2804 der Doctor Witte wär nahe daran seine Praxis nie-
