2401 3991
792 287 1214 387 V. R. W.P. v.
134 271 307 405 1 1/2
825 776 975 863 -64-
1760 833 1860 919 100
1071 863 1483 959 Wien, 23.6.97.
275 955 1828 1087 Lieber Richard. In den letzten Tagen war ich viel-
287 1017 1822 1128 fach beschäftigt und beunruhigt; Wohnungsuchen für
285 1075 1770 1162 „später“, und die inconnue (Sie wissen ja was das
293 1111 1862 1234 ist) - ich hab Ihnen manchmal schreiben wollen, litt
295 1178 1802 1286 aber än "Ueberfülle des Stoffes." Lasse mir alles
291 1222 1810 1330 aufs mündliche. Dass Ihr letzter Brief sehr schön
299 1288 1862 1390 war, wissen Sie ja selbst; es ist recht schmachvoll,
301 1330 1886 1432 dass ich mir überlegen musste, ob ich das sagen soll.
299 1376 1870 1483 Ich mein übrigens Ihren vorletzten. Ihr letzter ist
299 1434 1760 1541 heut gekommen. Alles soll besorgt werden, selbst
303 1489 1822 1595 dasjenige, womit Sie der Vorsehung in die Speichen
303 1549 1790 1649 fallen wollen, u. womit ich nicht das Vogelfutter
301 1635 488 1697 meine.
305 1613 1906 1749 Ich komme samstag, vielleicht schon Samstag Früh an.
305 1701 1880 1790 Bitte, wenn's Ihnen nicht unbequem, bestellen Sie mir
327 1747 1878 1846 (nicht für meine Mama, die später kommt) das Zimmer;
311 1810 1910 1892 ists Ihnen unbequem, so schreiben Sie dem Petter eine
305 1860 1892 1940 Karte.- Ich sage nichts näheres über das Zimmer, Sie
305 1932 1236 1996 haben die ganze Verantwortung.
311 1968 1902 2062 Schwarzkopf noch nicht entschieden schreiben Sie ihm
309 2066 1844 2155 zuredend. Ich freue mich sehr auf Sie, beinah sehn'
321 2135 1242 2225 ich mich. Herzlich Ihr Arthur.
327 2233 692 2317 (nach Ischl)
1170 2343 1543 2460 Wien, 4.8.97.
315 2466 1914 2560 Lieber Richard. Thun Sie mir einen grossen Gefallen.
327 2530 1892 2610 Frau F. ist wieder in Ischl, heute erhielt ich einen
333 2584 1798 2666 Brief von ihr, ich möge ihr durch Sie Briefe und
319 2626 1826 2715 Bilder zurückschicken,in Wien erhalte ich die Er-
321 2684 1846 2771 klärung.- Gehn Sie zu Petter, sie ist en fam. dort,
311 2733 1856 2819 Sie werden sie aber leicht allein sprechen können.
