2379 3992
1892 274 2102 382 1: ƒ
1894 412 2145 482 ̃
1239 410 1445 489 1
540 416 698 501 ete ett
1998 688 2122 777 133
994 692 1152 800 -77-
1266 792 1707 896 Wien, 5.1.1899.
472 886 2029 1021 Lieber Richard, Sie haben weiter nichts zu thun als
486 948 1998 1060 Samstag vor 9 ins Hotel Stefanie zu kommen, in die
480 1000 2002 1110 Logs 2, mir im Laufe des Jahres 99 einen Gulden zu
486 1056 2127 1160 zahlen; — nie hat es ein Mensch bequemer gehabt, einen
491 1106 2077 1206 vergnügten Abend im Kreise von Dichtern, Componisten
493 1154 2122 1264 und Lebemännern zu verbringen und sich dazu von einer
486 1191 2158 1318 Künstlergesellschaft vor-singen,-spielen u. -jüdeln zu
499 1276 1634 1374 lassen. Herzlichen Gruss. Ihr Arthur
497 1364 1187 1499 (nach I.Wollzeile 15.)
2031 1520 2129 1621 134
1291 1553 1669 1667 Wien, 7.2.99.
1060 1636 1287 1707 Freitag
505 1665 2112 1767 Lieber Richard, für xxx sind keine ordentlichen Ne-
505 1721 1987 1821 beneinander-Sitze mehr zu haben. Sie können also
505 1775 2077 1875 nix ähin kommen stuppen. Werden wir noch die Erfin-
505 1850 1351 1919 dung des Telestupp erleben?
505 1906 1131 1987 Herzlich Ihr Arthur.
513 2014 717 2095 (w.o.)
1008 2050 1174 2118 ====  =====
1297 2120 1682 2226 Wien,1.6.99
513 2241 1133 2355 Mein lieber Richard.
522 2289 2066 2386 die Riesenkarte hab ich bekommen und danke für den
522 2343 2000 2432 lieben Frozelgruss.- Hier ist es traurig - immer
526 2384 2152 2501 trauriger - Frühling und einsam - und ich weiss nicht
522 2438 2124 2532 was ich mit mir beginnen soll.- Jetzt eben, Feiertag,
524 2494 2091 2605 Nachmittag, sehr schön - und der Abend vor mir - und
522 2561 2137 2650 nebstbei das "ganze" Leben - vollkommen überflüssig.
520 2603 2029 2713 Neulich war ich mit Hugo Kampthal und Wachau; die
526 2659 2108 2765 Abende auf dem Land sind schauerlich - was da alles
1925 3783 2064 3879 G.C.F.P
